<?xml version="1.0" encoding="UTF-8"?>
<!DOCTYPE html PUBLIC "-//W3C//DTD XHTML 1.0 Transitional//EN"
    "http://www.w3.org/TR/xhtml1/DTD/xhtml1-transitional.dtd">
<html xmlns="http://www.w3.org/1999/xhtml" xml:lang="en" lang="en">
 <head>
  <title>
</title>
<meta http-equiv="Content-Type" content="text/html;charset=utf-8" />
  <meta name='ocr-system' content='tesseract 3.04.00' />
  <meta name='ocr-capabilities' content='ocr_page ocr_carea ocr_par ocr_line ocrx_word'/>
</head>
<body>
  <div class='ocr_page' id='page_1' title='image "./ioanniscalvinio05reusgoog_0377.png"; bbox 0 0 4852 6022; ppageno 0'>
   <div class='ocr_carea' id='block_1_1' title="bbox 287 323 2275 405">
    <p class='ocr_par' dir='ltr' id='par_1_1' title="bbox 287 323 2275 405">
     <span class='ocr_line' id='line_1_1' title="bbox 287 323 2275 405; baseline -0.006 0"><span class='ocrx_word' id='word_1_1' title='bbox 287 343 352 405; x_wconf 79' lang='lat'><strong>331</strong></span> <span class='ocrx_word' id='word_1_2' title='bbox 455 346 474 389; x_wconf 69' lang='lat' dir='ltr'><strong>u</strong></span> <span class='ocrx_word' id='word_1_3' title='bbox 1150 323 1412 393; x_wconf 66' lang='lat' dir='ltr'>EPISTOLAE</span> <span class='ocrx_word' id='word_1_4' title='bbox 1438 329 1628 390; x_wconf 79' lang='lat'><strong>164-166.</strong></span> <span class='ocrx_word' id='word_1_5' title='bbox 2221 333 2275 394; x_wconf 81' lang='lat'><strong>332</strong></span> 
     </span>
    </p>
   </div>
   <div class='ocr_carea' id='block_1_2' title="bbox 288 511 2279 2914">
    <p class='ocr_par' dir='ltr' id='par_1_2' title="bbox 288 511 2279 2914">
     <span class='ocr_line' id='line_1_2' title="bbox 288 511 2277 608; baseline -0.005 -18"><span class='ocrx_word' id='word_1_6' title='bbox 288 532 451 608; x_wconf 89' lang='lat' dir='ltr'><strong>postremo</strong></span> <span class='ocrx_word' id='word_1_7' title='bbox 479 520 619 603; x_wconf 87' lang='lat' dir='ltr'><strong>scripsit</strong></span> <span class='ocrx_word' id='word_1_8' title='bbox 629 519 657 602; x_wconf 77' lang='lat'><strong>⁸)</strong></span> <span class='ocrx_word' id='word_1_9' title='bbox 705 518 757 583; x_wconf 93' lang='lat' dir='ltr'><strong>De</strong></span> <span class='ocrx_word' id='word_1_10' title='bbox 783 515 1001 601; x_wconf 78' lang='lat' dir='ltr'><strong>legationibus</strong></span> <span class='ocrx_word' id='word_1_11' title='bbox 1028 516 1117 581; x_wconf 90' lang='lat' dir='ltr'><strong>enim</strong></span> <span class='ocrx_word' id='word_1_12' title='bbox 1144 515 1260 580; x_wconf 91' lang='lat' dir='ltr'><strong>ultimo</strong></span> <span class='ocrx_word' id='word_1_13' title='bbox 1312 511 1456 579; x_wconf 88' lang='lat' dir='ltr'><strong>invidiae</strong></span> <span class='ocrx_word' id='word_1_14' title='bbox 1478 512 1620 592; x_wconf 90' lang='lat' dir='ltr'><strong>maioris,</strong></span> <span class='ocrx_word' id='word_1_15' title='bbox 1643 512 1783 578; x_wconf 80' lang='lat' dir='ltr'>libenter</span> <span class='ocrx_word' id='word_1_16' title='bbox 1803 512 1926 592; x_wconf 88' lang='lat' dir='ltr'><strong>absum,</strong></span> <span class='ocrx_word' id='word_1_17' title='bbox 1949 535 1991 578; x_wconf 90' lang='lat' dir='ltr'><strong>ne</strong></span> <span class='ocrx_word' id='word_1_18' title='bbox 2012 514 2088 598; x_wconf 90' lang='lat' dir='ltr'><strong>plus</strong></span> <span class='ocrx_word' id='word_1_19' title='bbox 2109 515 2191 580; x_wconf 86' lang='lat' dir='ltr'><strong>satis</strong></span> <span class='ocrx_word' id='word_1_20' title='bbox 2210 537 2277 600; x_wconf 77' lang='lat' dir='ltr'><strong>gra-</strong></span> 
     </span>
     <span class='ocr_line' id='line_1_3' title="bbox 288 599 2277 691; baseline -0.003 -17"><span class='ocrx_word' id='word_1_21' title='bbox 288 609 496 691; x_wconf 84' lang='lat' dir='ltr'><strong>loooagetur,</strong></span> <span class='ocrx_word' id='word_1_22' title='bbox 515 605 643 688; x_wconf 90' lang='lat' dir='ltr'><strong>quiaex</strong></span> <span class='ocrx_word' id='word_1_23' title='bbox 661 624 772 668; x_wconf 88' lang='lat' dir='ltr'><strong>rerum</strong></span> <span class='ocrx_word' id='word_1_24' title='bbox 792 624 927 668; x_wconf 90' lang='lat' dir='ltr'><strong>suarum</strong></span> <span class='ocrx_word' id='word_1_25' title='bbox 945 601 1127 667; x_wconf 90' lang='lat' dir='ltr'><strong>conditione</strong></span> <span class='ocrx_word' id='word_1_26' title='bbox 1144 601 1261 666; x_wconf 88' lang='lat' dir='ltr'><strong>melius</strong></span> <span class='ocrx_word' id='word_1_27' title='bbox 1312 609 1428 664; x_wconf 90' lang='lat' dir='ltr'><strong>vatum</strong></span> <span class='ocrx_word' id='word_1_28' title='bbox 1464 619 1621 682; x_wconf 85' lang='lat' dir='ltr'><strong>premam.</strong></span> <span class='ocrx_word' id='word_1_29' title='bbox 1686 599 1823 663; x_wconf 79' lang='lat' dir='ltr'><strong>Fratres</strong></span> <span class='ocrx_word' id='word_1_30' title='bbox 1860 599 2058 666; x_wconf 88' lang='lat' dir='ltr'><strong>Waldenses</strong></span> <span class='ocrx_word' id='word_1_31' title='bbox 2096 609 2277 668; x_wconf 87' lang='lat' dir='ltr'><strong>coronatum</strong></span> 
     </span>
     <span class='ocr_line' id='line_1_4' title="bbox 289 683 2277 772; baseline -0.003 -13"><span class='ocrx_word' id='word_1_32' title='bbox 289 703 369 759; x_wconf 90' lang='lat' dir='ltr'><strong>tuno</strong></span> <span class='ocrx_word' id='word_1_33' title='bbox 380 690 614 767; x_wconf 89' lang='lat' dir='ltr'><strong>deliberabunt,</strong></span> <span class='ocrx_word' id='word_1_34' title='bbox 628 710 692 772; x_wconf 92' lang='lat' dir='ltr'><strong>qua</strong></span> <span class='ocrx_word' id='word_1_35' title='bbox 702 687 843 771; x_wconf 90' lang='lat' dir='ltr'><strong>quidque</strong></span> <span class='ocrx_word' id='word_1_36' title='bbox 854 689 980 753; x_wconf 86' lang='lat' dir='ltr'><strong>ratione</strong></span> <span class='ocrx_word' id='word_1_37' title='bbox 990 695 1101 770; x_wconf 89' lang='lat' dir='ltr'><strong>petere</strong></span> <span class='ocrx_word' id='word_1_38' title='bbox 1112 685 1260 752; x_wconf 91' lang='lat' dir='ltr'><strong>debeant.</strong></span> <span class='ocrx_word' id='word_1_39' title='bbox 1314 705 1417 749; x_wconf 92' lang='lat' dir='ltr'><strong>unum</strong></span> <span class='ocrx_word' id='word_1_40' title='bbox 1444 685 1526 750; x_wconf 92' lang='lat' dir='ltr'><strong>mihi</strong></span> <span class='ocrx_word' id='word_1_41' title='bbox 1552 683 1728 762; x_wconf 74' lang='lat' dir='ltr'><strong>debebant,</strong></span> <span class='ocrx_word' id='word_1_42' title='bbox 1759 685 1852 750; x_wconf 91' lang='lat' dir='ltr'><strong>cuius</strong></span> <span class='ocrx_word' id='word_1_43' title='bbox 1885 695 2012 767; x_wconf 86' lang='lat' dir='ltr'><strong>partem</strong></span> <span class='ocrx_word' id='word_1_44' title='bbox 2044 707 2063 750; x_wconf 91' lang='lat' dir='ltr'><strong>a</strong></span> <span class='ocrx_word' id='word_1_45' title='bbox 2093 707 2147 751; x_wconf 92' lang='lat' dir='ltr'><strong>me</strong></span> <span class='ocrx_word' id='word_1_46' title='bbox 2174 697 2277 754; x_wconf 89' lang='lat' dir='ltr'><strong>mutuo</strong></span> 
     </span>
     <span class='ocr_line' id='line_1_5' title="bbox 289 770 2278 862; baseline -0.003 -18"><span class='ocrx_word' id='word_1_47' title='bbox 289 780 380 862; x_wconf 81' lang='lat' dir='ltr'><strong>Ergo</strong></span> <span class='ocrx_word' id='word_1_48' title='bbox 401 779 436 841; x_wconf 92' lang='lat' dir='ltr'><strong>in</strong></span> <span class='ocrx_word' id='word_1_49' title='bbox 456 775 491 840; x_wconf 91' lang='lat' dir='ltr'><strong>id</strong></span> <span class='ocrx_word' id='word_1_50' title='bbox 513 784 642 857; x_wconf 89' lang='lat' dir='ltr'><strong>tempus</strong></span> <span class='ocrx_word' id='word_1_51' title='bbox 664 795 724 839; x_wconf 92' lang='lat' dir='ltr'><strong>nos</strong></span> <span class='ocrx_word' id='word_1_52' title='bbox 745 774 976 840; x_wconf 79' lang='lat' dir='ltr'><strong>sustineamus.</strong></span> <span class='ocrx_word' id='word_1_53' title='bbox 1313 777 1514 853; x_wconf 87' lang='lat' dir='ltr'><strong>acceperant,</strong></span> <span class='ocrx_word' id='word_1_54' title='bbox 1541 779 1669 852; x_wconf 89' lang='lat' dir='ltr'><strong>partem</strong></span> <span class='ocrx_word' id='word_1_55' title='bbox 1694 770 1848 835; x_wconf 79' lang='lat' dir='ltr'><strong>dederam</strong></span> <span class='ocrx_word' id='word_1_56' title='bbox 1870 772 1990 838; x_wconf 90' lang='lat' dir='ltr'><strong>nuncio</strong></span> <span class='ocrx_word' id='word_1_57' title='bbox 2011 773 2067 854; x_wconf 91' lang='lat' dir='ltr'><strong>qui</strong></span> <span class='ocrx_word' id='word_1_58' title='bbox 2088 793 2163 838; x_wconf 92' lang='lat' dir='ltr'><strong>cum</strong></span> <span class='ocrx_word' id='word_1_59' title='bbox 2185 773 2278 839; x_wconf 84' lang='lat' dir='ltr'><strong>fratre</strong></span> 
     </span>
     <span class='ocr_line' id='line_1_6' title="bbox 376 855 2276 942; baseline -0.004 -13"><span class='ocrx_word' id='word_1_60' title='bbox 376 862 463 930; x_wconf 83' lang='lat' dir='ltr'><strong>Oum</strong></span> <span class='ocrx_word' id='word_1_61' title='bbox 487 861 642 942; x_wconf 82' lang='lat' dir='ltr'><strong>Philippo</strong></span> <span class='ocrx_word' id='word_1_62' title='bbox 666 862 729 924; x_wconf 83' lang='lat' dir='ltr'><strong>fuit</strong></span> <span class='ocrx_word' id='word_1_63' title='bbox 749 860 829 924; x_wconf 89' lang='lat' dir='ltr'><strong>mihi</strong></span> <span class='ocrx_word' id='word_1_64' title='bbox 852 859 964 924; x_wconf 90' lang='lat' dir='ltr'><strong>multis</strong></span> <span class='ocrx_word' id='word_1_65' title='bbox 985 859 1025 925; x_wconf 90' lang='lat' dir='ltr'><strong>de</strong></span> <span class='ocrx_word' id='word_1_66' title='bbox 1046 858 1144 924; x_wconf 91' lang='lat' dir='ltr'><strong>rebus</strong></span> <span class='ocrx_word' id='word_1_67' title='bbox 1165 858 1262 926; x_wconf 91' lang='lat' dir='ltr'><strong>collo·</strong></span> <span class='ocrx_word' id='word_1_68' title='bbox 1313 865 1465 934; x_wconf 89' lang='lat' dir='ltr'><strong>venerat,</strong></span> <span class='ocrx_word' id='word_1_69' title='bbox 1498 855 1621 921; x_wconf 81' lang='lat' dir='ltr'><strong>Soaerii</strong></span> <span class='ocrx_word' id='word_1_70' title='bbox 1647 855 1810 921; x_wconf 90' lang='lat' dir='ltr'><strong>mandato.</strong></span> <span class='ocrx_word' id='word_1_71' title='bbox 1867 856 1967 922; x_wconf 88' lang='lat' dir='ltr'><strong>Hunc</strong></span> <span class='ocrx_word' id='word_1_72' title='bbox 1999 864 2037 923; x_wconf 90' lang='lat' dir='ltr'><strong>ut</strong></span> <span class='ocrx_word' id='word_1_73' title='bbox 2070 856 2131 922; x_wconf 92' lang='lat' dir='ltr'><strong>tibi</strong></span> <span class='ocrx_word' id='word_1_74' title='bbox 2160 857 2276 938; x_wconf 85' lang='lat' dir='ltr'><strong>darent,</strong></span> 
     </span>
     <span class='ocr_line' id='line_1_7' title="bbox 290 939 2277 1033; baseline -0.003 -17"><span class='ocrx_word' id='word_1_75' title='bbox 290 949 419 1033; x_wconf 91' lang='lat' dir='ltr'><strong>quium:</strong></span> <span class='ocrx_word' id='word_1_76' title='bbox 441 946 481 1012; x_wconf 91' lang='lat' dir='ltr'><strong>do</strong></span> <span class='ocrx_word' id='word_1_77' title='bbox 503 965 602 1010; x_wconf 88' lang='lat' dir='ltr'><strong>causa</strong></span> <span class='ocrx_word' id='word_1_78' title='bbox 623 944 813 1011; x_wconf 87' lang='lat' dir='ltr'><strong>concordiae</strong></span> <span class='ocrx_word' id='word_1_79' title='bbox 834 943 876 1008; x_wconf 90' lang='lat' dir='ltr'><strong>ad</strong></span> <span class='ocrx_word' id='word_1_80' title='bbox 902 967 976 1010; x_wconf 92' lang='lat' dir='ltr'><strong>eum</strong></span> <span class='ocrx_word' id='word_1_81' title='bbox 1004 946 1096 1027; x_wconf 90' lang='lat' dir='ltr'><strong>prius</strong></span> <span class='ocrx_word' id='word_1_82' title='bbox 1124 944 1262 1026; x_wconf 87' lang='lat' dir='ltr'><strong>scripse·</strong></span> <span class='ocrx_word' id='word_1_83' title='bbox 1313 941 1483 1007; x_wconf 89' lang='lat' dir='ltr'><strong>iusseram.</strong></span> <span class='ocrx_word' id='word_1_84' title='bbox 1535 939 1573 1007; x_wconf 81' lang='lat' dir='ltr'><strong>si</strong></span> <span class='ocrx_word' id='word_1_85' title='bbox 1602 941 1764 1019; x_wconf 80' lang='lat' dir='ltr'><strong>dederint,</strong></span> <span class='ocrx_word' id='word_1_86' title='bbox 1797 943 1970 1019; x_wconf 80' lang='lat' dir='ltr'><strong>retinebis,</strong></span> <span class='ocrx_word' id='word_1_87' title='bbox 2002 964 2065 1026; x_wconf 89' lang='lat' dir='ltr'><strong>quo</strong></span> <span class='ocrx_word' id='word_1_88' title='bbox 2092 944 2277 1010; x_wconf 75' lang='lat' dir='ltr'><strong>tantundem</strong></span> 
     </span>
     <span class='ocr_line' id='line_1_8' title="bbox 290 1026 2278 1118; baseline -0.003 -18"><span class='ocrx_word' id='word_1_89' title='bbox 290 1057 371 1112; x_wconf 90' lang='lat' dir='ltr'><strong>ram,</strong></span> <span class='ocrx_word' id='word_1_90' title='bbox 381 1037 410 1118; x_wconf 83' lang='lat'><strong>⁴)</strong></span> <span class='ocrx_word' id='word_1_91' title='bbox 444 1040 482 1097; x_wconf 90' lang='lat' dir='ltr'><strong>ut</strong></span> <span class='ocrx_word' id='word_1_92' title='bbox 508 1029 602 1097; x_wconf 93' lang='lat' dir='ltr'><strong>bonis</strong></span> <span class='ocrx_word' id='word_1_93' title='bbox 630 1031 711 1098; x_wconf 92' lang='lat' dir='ltr'><strong>viris</strong></span> <span class='ocrx_word' id='word_1_94' title='bbox 740 1029 779 1096; x_wconf 90' lang='lat' dir='ltr'><strong>de</strong></span> <span class='ocrx_word' id='word_1_95' title='bbox 807 1030 952 1114; x_wconf 89' lang='lat' dir='ltr'><strong>ipsorum</strong></span> <span class='ocrx_word' id='word_1_96' title='bbox 982 1031 1145 1096; x_wconf 88' lang='lat' dir='ltr'><strong>sententia</strong></span> <span class='ocrx_word' id='word_1_97' title='bbox 1173 1039 1262 1096; x_wconf 91' lang='lat' dir='ltr'><strong>certo</strong></span> <span class='ocrx_word' id='word_1_98' title='bbox 1314 1047 1390 1092; x_wconf 91' lang='lat' dir='ltr'><strong>acre</strong></span> <span class='ocrx_word' id='word_1_99' title='bbox 1421 1035 1479 1092; x_wconf 90' lang='lat' dir='ltr'><strong>tuo</strong></span> <span class='ocrx_word' id='word_1_100' title='bbox 1510 1048 1676 1092; x_wconf 89' lang='lat' dir='ltr'><strong>exonerer.</strong></span> <span class='ocrx_word' id='word_1_101' title='bbox 1731 1026 1829 1108; x_wconf 81' lang='lat' dir='ltr'><strong>Quod</strong></span> <span class='ocrx_word' id='word_1_102' title='bbox 1860 1028 2023 1111; x_wconf 89' lang='lat' dir='ltr'><strong>reliquum</strong></span> <span class='ocrx_word' id='word_1_103' title='bbox 2056 1029 2128 1108; x_wconf 86' lang='lat' dir='ltr'><strong>erit,</strong></span> <span class='ocrx_word' id='word_1_104' title='bbox 2161 1030 2278 1095; x_wconf 90' lang='lat' dir='ltr'><strong>solvam</strong></span> 
     </span>
     <span class='ocr_line' id='line_1_9' title="bbox 289 1113 2279 1205; baseline -0.003 -19"><span class='ocrx_word' id='word_1_105' title='bbox 289 1139 457 1205; x_wconf 91' lang='lat' dir='ltr'><strong>possemus</strong></span> <span class='ocrx_word' id='word_1_106' title='bbox 485 1115 617 1192; x_wconf 84' lang='lat' dir='ltr'><strong>testari.¹</strong></span> <span class='ocrx_word' id='word_1_107' title='bbox 658 1115 818 1181; x_wconf 83' lang='lat' dir='ltr'><strong>Miseram</strong></span> <span class='ocrx_word' id='word_1_108' title='bbox 844 1137 921 1200; x_wconf 86' lang='lat' dir='ltr'><strong>ergo</strong></span> <span class='ocrx_word' id='word_1_109' title='bbox 949 1137 1067 1200; x_wconf 90' lang='lat' dir='ltr'><strong>paucos</strong></span> <span class='ocrx_word' id='word_1_110' title='bbox 1096 1115 1262 1192; x_wconf 73' lang='lat' dir='ltr'><strong>articulos,</strong></span> <span class='ocrx_word' id='word_1_111' title='bbox 1314 1134 1415 1195; x_wconf 92' lang='lat' dir='ltr'><strong>quum</strong></span> <span class='ocrx_word' id='word_1_112' title='bbox 1435 1119 1559 1196; x_wconf 85' lang='lat' dir='ltr'><strong>potero.</strong></span> <span class='ocrx_word' id='word_1_113' title='bbox 1603 1113 1654 1178; x_wconf 84' lang='lat' dir='ltr'><strong>Ea</strong></span> <span class='ocrx_word' id='word_1_114' title='bbox 1676 1113 1764 1178; x_wconf 90' lang='lat' dir='ltr'><strong>enim</strong></span> <span class='ocrx_word' id='word_1_115' title='bbox 1786 1133 1858 1178; x_wconf 91' lang='lat' dir='ltr'><strong>mea</strong></span> <span class='ocrx_word' id='word_1_116' title='bbox 1886 1125 1937 1178; x_wconf 90' lang='lat' dir='ltr'><strong>est</strong></span> <span class='ocrx_word' id='word_1_117' title='bbox 1957 1135 2045 1180; x_wconf 93' lang='lat' dir='ltr'><strong>nuno</strong></span> <span class='ocrx_word' id='word_1_118' title='bbox 2072 1114 2222 1194; x_wconf 90' lang='lat' dir='ltr'><strong>conditio,</strong></span> <span class='ocrx_word' id='word_1_119' title='bbox 2247 1127 2279 1181; x_wconf 87' lang='lat' dir='ltr'><strong>nt</strong></span> 
     </span>
     <span class='ocr_line' id='line_1_10' title="bbox 290 1200 2278 1290; baseline -0.002 -20"><span class='ocrx_word' id='word_1_120' title='bbox 290 1206 407 1290; x_wconf 91' lang='lat' dir='ltr'><strong>quibus</strong></span> <span class='ocrx_word' id='word_1_121' title='bbox 438 1223 601 1268; x_wconf 86' lang='lat' dir='ltr'><strong>summam</strong></span> <span class='ocrx_word' id='word_1_122' title='bbox 634 1203 681 1266; x_wconf 88' lang='lat' dir='ltr'><strong>rei</strong></span> <span class='ocrx_word' id='word_1_123' title='bbox 713 1202 858 1267; x_wconf 89' lang='lat' dir='ltr'><strong>breviter</strong></span> <span class='ocrx_word' id='word_1_124' title='bbox 895 1202 1161 1284; x_wconf 85' lang='lat' dir='ltr'><strong>perstrinxeram.</strong></span> <span class='ocrx_word' id='word_1_125' title='bbox 1215 1200 1263 1266; x_wconf 90' lang='lat' dir='ltr'><strong>Iis</strong></span> <span class='ocrx_word' id='word_1_126' title='bbox 1314 1219 1420 1264; x_wconf 88' lang='lat' dir='ltr'><strong>assem</strong></span> <span class='ocrx_word' id='word_1_127' title='bbox 1438 1219 1458 1263; x_wconf 89' lang='lat' dir='ltr'><strong>a</strong></span> <span class='ocrx_word' id='word_1_128' title='bbox 1475 1220 1527 1264; x_wconf 92' lang='lat' dir='ltr'><strong>me</strong></span> <span class='ocrx_word' id='word_1_129' title='bbox 1545 1216 1718 1264; x_wconf 87' lang='lat' dir='ltr'><strong>numerare</strong></span> <span class='ocrx_word' id='word_1_130' title='bbox 1736 1200 1943 1283; x_wconf 80' lang='lat' dir='ltr'><strong>nequeam.⁵)</strong></span> <span class='ocrx_word' id='word_1_131' title='bbox 1986 1201 2111 1265; x_wconf 85' lang='lat' dir='ltr'><strong>Mirum</strong></span> <span class='ocrx_word' id='word_1_132' title='bbox 2129 1211 2278 1284; x_wconf 90' lang='lat' dir='ltr'><strong>quantum</strong></span> 
     </span>
     <span class='ocr_line' id='line_1_11' title="bbox 291 1283 2276 1370; baseline -0.003 -13"><span class='ocrx_word' id='word_1_133' title='bbox 291 1293 362 1357; x_wconf 92' lang='lat' dir='ltr'><strong>sine</strong></span> <span class='ocrx_word' id='word_1_134' title='bbox 379 1289 599 1357; x_wconf 90' lang='lat' dir='ltr'><strong>controversia</strong></span> <span class='ocrx_word' id='word_1_135' title='bbox 615 1288 685 1370; x_wconf 91' lang='lat' dir='ltr'><strong>ipse</strong></span> <span class='ocrx_word' id='word_1_136' title='bbox 703 1287 835 1370; x_wconf 91' lang='lat' dir='ltr'><strong>quidem</strong></span> <span class='ocrx_word' id='word_1_137' title='bbox 853 1289 1046 1352; x_wconf 88' lang='lat' dir='ltr'><strong>assentitur:</strong></span> <span class='ocrx_word' id='word_1_138' title='bbox 1068 1287 1126 1353; x_wconf 92' lang='lat' dir='ltr'><strong>sed</strong></span> <span class='ocrx_word' id='word_1_139' title='bbox 1143 1289 1264 1352; x_wconf 84' lang='lat' dir='ltr'><strong>fatetur</strong></span> <span class='ocrx_word' id='word_1_140' title='bbox 1313 1283 1471 1366; x_wconf 87' lang='lat' dir='ltr'><strong>pecuniae</strong></span> <span class='ocrx_word' id='word_1_141' title='bbox 1492 1283 1575 1348; x_wconf 91' lang='lat' dir='ltr'><strong>mihi</strong></span> <span class='ocrx_word' id='word_1_142' title='bbox 1594 1285 1708 1350; x_wconf 87' lang='lat' dir='ltr'><strong>effluat</strong></span> <span class='ocrx_word' id='word_1_143' title='bbox 1735 1284 1771 1349; x_wconf 92' lang='lat' dir='ltr'><strong>in</strong></span> <span class='ocrx_word' id='word_1_144' title='bbox 1794 1284 2062 1351; x_wconf 87' lang='lat' dir='ltr'><strong>extraordinariis</strong></span> <span class='ocrx_word' id='word_1_145' title='bbox 2090 1289 2276 1370; x_wconf 88' lang='lat' dir='ltr'><strong>sumptibus:</strong></span> 
     </span>
     <span class='ocr_line' id='line_1_12' title="bbox 291 1367 2277 1457; baseline -0.003 -13"><span class='ocrx_word' id='word_1_146' title='bbox 291 1397 362 1444; x_wconf 90' lang='lat' dir='ltr'><strong>esse</strong></span> <span class='ocrx_word' id='word_1_147' title='bbox 392 1376 427 1440; x_wconf 95' lang='lat' dir='ltr'><strong>in</strong></span> <span class='ocrx_word' id='word_1_148' title='bbox 455 1375 512 1439; x_wconf 90' lang='lat' dir='ltr'><strong>illa</strong></span> <span class='ocrx_word' id='word_1_149' title='bbox 539 1380 633 1457; x_wconf 89' lang='lat' dir='ltr'><strong>parte</strong></span> <span class='ocrx_word' id='word_1_150' title='bbox 663 1373 851 1450; x_wconf 91' lang='lat' dir='ltr'><strong>nonnullos,</strong></span> <span class='ocrx_word' id='word_1_151' title='bbox 885 1373 940 1454; x_wconf 86' lang='lat' dir='ltr'><strong>qui</strong></span> <span class='ocrx_word' id='word_1_152' title='bbox 973 1373 1115 1438; x_wconf 88' lang='lat' dir='ltr'><strong>crassius</strong></span> <span class='ocrx_word' id='word_1_153' title='bbox 1140 1371 1262 1456; x_wconf 88' lang='lat' dir='ltr'><strong>aliquid</strong></span> <span class='ocrx_word' id='word_1_154' title='bbox 1314 1377 1347 1433; x_wconf 89' lang='lat' dir='ltr'><strong>et</strong></span> <span class='ocrx_word' id='word_1_155' title='bbox 1369 1367 1409 1435; x_wconf 91' lang='lat' dir='ltr'><strong>de</strong></span> <span class='ocrx_word' id='word_1_156' title='bbox 1430 1391 1503 1436; x_wconf 90' lang='lat' dir='ltr'><strong>meo</strong></span> <span class='ocrx_word' id='word_1_157' title='bbox 1525 1377 1695 1454; x_wconf 87' lang='lat' dir='ltr'><strong>praetcrea</strong></span> <span class='ocrx_word' id='word_1_158' title='bbox 1715 1370 1894 1435; x_wconf 90' lang='lat' dir='ltr'><strong>vivendum</strong></span> <span class='ocrx_word' id='word_1_159' title='bbox 1915 1381 1974 1450; x_wconf 90' lang='lat' dir='ltr'><strong>est,</strong></span> <span class='ocrx_word' id='word_1_160' title='bbox 2005 1372 2072 1438; x_wconf 89' lang='lat' dir='ltr'><strong>nisi</strong></span> <span class='ocrx_word' id='word_1_161' title='bbox 2100 1373 2199 1438; x_wconf 89' lang='lat' dir='ltr'><strong>velim</strong></span> <span class='ocrx_word' id='word_1_162' title='bbox 2221 1373 2277 1438; x_wconf 84' lang='lat' dir='ltr'><strong>fra·</strong></span> 
     </span>
     <span class='ocr_line' id='line_1_13' title="bbox 290 1453 2277 1546; baseline -0.002 -19"><span class='ocrx_word' id='word_1_163' title='bbox 290 1462 471 1546; x_wconf 90' lang='lat' dir='ltr'><strong>requirant:</strong></span> <span class='ocrx_word' id='word_1_164' title='bbox 495 1469 593 1544; x_wconf 90' lang='lat' dir='ltr'><strong>atque</strong></span> <span class='ocrx_word' id='word_1_165' title='bbox 614 1457 649 1524; x_wconf 91' lang='lat' dir='ltr'><strong>id</strong></span> <span class='ocrx_word' id='word_1_166' title='bbox 670 1467 764 1524; x_wconf 91' lang='lat' dir='ltr'><strong>tanta</strong></span> <span class='ocrx_word' id='word_1_167' title='bbox 785 1459 974 1541; x_wconf 89' lang='lat' dir='ltr'><strong>pervicacia,</strong></span> <span class='ocrx_word' id='word_1_168' title='bbox 1005 1480 1047 1524; x_wconf 94' lang='lat' dir='ltr'><strong>ne</strong></span> <span class='ocrx_word' id='word_1_169' title='bbox 1076 1457 1181 1524; x_wconf 89' lang='lat' dir='ltr'><strong>dicam</strong></span> <span class='ocrx_word' id='word_1_170' title='bbox 1209 1465 1262 1542; x_wconf 85' lang='lat' dir='ltr'><strong>ty·</strong></span> <span class='ocrx_word' id='word_1_171' title='bbox 1314 1453 1420 1520; x_wconf 87' lang='lat' dir='ltr'><strong>tribus</strong></span> <span class='ocrx_word' id='word_1_172' title='bbox 1441 1457 1533 1520; x_wconf 90' lang='lat' dir='ltr'><strong>oneri</strong></span> <span class='ocrx_word' id='word_1_173' title='bbox 1550 1477 1631 1522; x_wconf 91' lang='lat' dir='ltr'><strong>esse.</strong></span> <span class='ocrx_word' id='word_1_174' title='bbox 1672 1455 1904 1522; x_wconf 82' lang='lat' dir='ltr'><strong>Valetudinem</strong></span> <span class='ocrx_word' id='word_1_175' title='bbox 1928 1477 2026 1540; x_wconf 90' lang='lat' dir='ltr'><strong>quam</strong></span> <span class='ocrx_word' id='word_1_176' title='bbox 2047 1458 2130 1524; x_wconf 91' lang='lat' dir='ltr'><strong>mihi</strong></span> <span class='ocrx_word' id='word_1_177' title='bbox 2152 1480 2211 1541; x_wconf 94' lang='lat' dir='ltr'><strong>pro</strong></span> <span class='ocrx_word' id='word_1_178' title='bbox 2230 1467 2277 1524; x_wconf 91' lang='lat' dir='ltr'><strong>tuo</strong></span> 
     </span>
     <span class='ocr_line' id='line_1_14' title="bbox 291 1541 2278 1627; baseline -0.003 -13"><span class='ocrx_word' id='word_1_179' title='bbox 291 1547 436 1626; x_wconf 88' lang='lat' dir='ltr'><strong>rannide,</strong></span> <span class='ocrx_word' id='word_1_180' title='bbox 459 1555 496 1611; x_wconf 90' lang='lat' dir='ltr'><strong>ut</strong></span> <span class='ocrx_word' id='word_1_181' title='bbox 518 1545 575 1610; x_wconf 91' lang='lat' dir='ltr'><strong>diu</strong></span> <span class='ocrx_word' id='word_1_182' title='bbox 596 1546 631 1609; x_wconf 92' lang='lat' dir='ltr'><strong>in</strong></span> <span class='ocrx_word' id='word_1_183' title='bbox 653 1543 796 1627; x_wconf 90' lang='lat' dir='ltr'><strong>periculo</strong></span> <span class='ocrx_word' id='word_1_184' title='bbox 818 1545 926 1623; x_wconf 85' lang='lat' dir='ltr'><strong>inerit,</strong></span> <span class='ocrx_word' id='word_1_185' title='bbox 955 1544 1041 1627; x_wconf 91' lang='lat' dir='ltr'><strong>quod</strong></span> <span class='ocrx_word' id='word_1_186' title='bbox 1070 1566 1146 1609; x_wconf 91' lang='lat' dir='ltr'><strong>eum</strong></span> <span class='ocrx_word' id='word_1_187' title='bbox 1175 1541 1262 1609; x_wconf 89' lang='lat' dir='ltr'><strong>vide-</strong></span> <span class='ocrx_word' id='word_1_188' title='bbox 1314 1541 1350 1604; x_wconf 93' lang='lat' dir='ltr'><strong>in</strong></span> <span class='ocrx_word' id='word_1_189' title='bbox 1378 1561 1432 1606; x_wconf 91' lang='lat' dir='ltr'><strong>me</strong></span> <span class='ocrx_word' id='word_1_190' title='bbox 1460 1561 1569 1606; x_wconf 89' lang='lat' dir='ltr'><strong>amore</strong></span> <span class='ocrx_word' id='word_1_191' title='bbox 1599 1541 1735 1608; x_wconf 88' lang='lat' dir='ltr'><strong>sollicite</strong></span> <span class='ocrx_word' id='word_1_192' title='bbox 1763 1541 1985 1622; x_wconf 85' lang='lat' dir='ltr'><strong>commendas,</strong></span> <span class='ocrx_word' id='word_1_193' title='bbox 2019 1565 2086 1609; x_wconf 94' lang='lat' dir='ltr'><strong>non</strong></span> <span class='ocrx_word' id='word_1_194' title='bbox 2118 1546 2166 1608; x_wconf 86' lang='lat' dir='ltr'><strong>ita</strong></span> <span class='ocrx_word' id='word_1_195' title='bbox 2196 1545 2278 1610; x_wconf 89' lang='lat' dir='ltr'><strong>iacile</strong></span> 
     </span>
     <span class='ocr_line' id='line_1_15' title="bbox 290 1625 2277 1712; baseline -0.003 -13"><span class='ocrx_word' id='word_1_196' title='bbox 290 1634 371 1700; x_wconf 89' lang='lat' dir='ltr'><strong>bant</strong></span> <span class='ocrx_word' id='word_1_197' title='bbox 403 1655 423 1698; x_wconf 93' lang='lat' dir='ltr'><strong>a</strong></span> <span class='ocrx_word' id='word_1_198' title='bbox 455 1653 514 1697; x_wconf 93' lang='lat' dir='ltr'><strong>suo</strong></span> <span class='ocrx_word' id='word_1_199' title='bbox 547 1651 645 1695; x_wconf 90' lang='lat' dir='ltr'><strong>sensu</strong></span> <span class='ocrx_word' id='word_1_200' title='bbox 677 1630 829 1694; x_wconf 93' lang='lat' dir='ltr'><strong>nonnihil</strong></span> <span class='ocrx_word' id='word_1_201' title='bbox 862 1629 1014 1694; x_wconf 89' lang='lat' dir='ltr'><strong>alienum.</strong></span> <span class='ocrx_word' id='word_1_202' title='bbox 1066 1629 1263 1712; x_wconf 79' lang='lat' dir='ltr'><strong>Quanquam</strong></span> <span class='ocrx_word' id='word_1_203' title='bbox 1315 1646 1429 1692; x_wconf 88' lang='lat' dir='ltr'><strong>curare</strong></span> <span class='ocrx_word' id='word_1_204' title='bbox 1456 1627 1541 1693; x_wconf 89' lang='lat' dir='ltr'><strong>licet.</strong></span> <span class='ocrx_word' id='word_1_205' title='bbox 1594 1625 1662 1693; x_wconf 82' lang='lat' dir='ltr'><strong>Sed</strong></span> <span class='ocrx_word' id='word_1_206' title='bbox 1688 1627 1787 1694; x_wconf 89' lang='lat' dir='ltr'><strong>nimis</strong></span> <span class='ocrx_word' id='word_1_207' title='bbox 1815 1649 1887 1692; x_wconf 91' lang='lat' dir='ltr'><strong>sum</strong></span> <span class='ocrx_word' id='word_1_208' title='bbox 1919 1629 2077 1712; x_wconf 89' lang='lat' dir='ltr'><strong>prolixus.</strong></span> <span class='ocrx_word' id='word_1_209' title='bbox 2127 1629 2277 1695; x_wconf 87' lang='lat' dir='ltr'><strong>Iniuriam</strong></span> 
     </span>
     <span class='ocr_line' id='line_1_16' title="bbox 291 1712 2277 1800; baseline -0.003 -15"><span class='ocrx_word' id='word_1_210' title='bbox 291 1727 401 1785; x_wconf 84' lang='lat' dir='ltr'><strong>autem</strong></span> <span class='ocrx_word' id='word_1_211' title='bbox 432 1739 497 1783; x_wconf 94' lang='lat' dir='ltr'><strong>non</strong></span> <span class='ocrx_word' id='word_1_212' title='bbox 529 1725 623 1800; x_wconf 85' lang='lat' dir='ltr'><strong>putet</strong></span> <span class='ocrx_word' id='word_1_213' title='bbox 655 1723 805 1781; x_wconf 87' lang='lat' dir='ltr'><strong>constare</strong></span> <span class='ocrx_word' id='word_1_214' title='bbox 836 1715 974 1780; x_wconf 91' lang='lat' dir='ltr'><strong>solidam</strong></span> <span class='ocrx_word' id='word_1_215' title='bbox 1008 1717 1262 1792; x_wconf 76' lang='lat' dir='ltr'><strong>consensionem,</strong></span> <span class='ocrx_word' id='word_1_216' title='bbox 1315 1712 1402 1776; x_wconf 92' lang='lat' dir='ltr'><strong>enim</strong></span> <span class='ocrx_word' id='word_1_217' title='bbox 1425 1713 1545 1778; x_wconf 88' lang='lat' dir='ltr'><strong>talibus</strong></span> <span class='ocrx_word' id='word_1_218' title='bbox 1572 1713 1700 1779; x_wconf 90' lang='lat' dir='ltr'><strong>nunciis</strong></span> <span class='ocrx_word' id='word_1_219' title='bbox 1728 1713 1819 1779; x_wconf 87' lang='lat' dir='ltr'><strong>facio.</strong></span> <span class='ocrx_word' id='word_1_220' title='bbox 1864 1715 1957 1779; x_wconf 89' lang='lat' dir='ltr'><strong>Bene</strong></span> <span class='ocrx_word' id='word_1_221' title='bbox 1985 1715 2059 1782; x_wconf 91' lang='lat' dir='ltr'><strong>vale</strong></span> <span class='ocrx_word' id='word_1_222' title='bbox 2086 1716 2277 1798; x_wconf 89' lang='lat' dir='ltr'><strong>optatissime</strong></span> 
     </span>
     <span class='ocr_line' id='line_1_17' title="bbox 291 1798 2276 1889; baseline -0.002 -19"><span class='ocrx_word' id='word_1_223' title='bbox 291 1812 384 1889; x_wconf 88' lang='lat' dir='ltr'><strong>optat</strong></span> <span class='ocrx_word' id='word_1_224' title='bbox 410 1811 521 1867; x_wconf 90' lang='lat' dir='ltr'><strong>tamen</strong></span> <span class='ocrx_word' id='word_1_225' title='bbox 548 1811 586 1866; x_wconf 89' lang='lat' dir='ltr'><strong>ut</strong></span> <span class='ocrx_word' id='word_1_226' title='bbox 611 1801 692 1866; x_wconf 91' lang='lat' dir='ltr'><strong>haec</strong></span> <span class='ocrx_word' id='word_1_227' title='bbox 720 1799 907 1878; x_wconf 89' lang='lat' dir='ltr'><strong>concordia,</strong></span> <span class='ocrx_word' id='word_1_228' title='bbox 942 1801 1176 1884; x_wconf 83' lang='lat' dir='ltr'><strong>qualiscunque</strong></span> <span class='ocrx_word' id='word_1_229' title='bbox 1203 1809 1263 1877; x_wconf 91' lang='lat' dir='ltr'><strong>est,</strong></span> <span class='ocrx_word' id='word_1_230' title='bbox 1314 1799 1424 1864; x_wconf 85' lang='lat' dir='ltr'><strong>frater.</strong></span> <span class='ocrx_word' id='word_1_231' title='bbox 1480 1799 1645 1865; x_wconf 90' lang='lat' dir='ltr'><strong>Dominus</strong></span> <span class='ocrx_word' id='word_1_232' title='bbox 1673 1809 1705 1864; x_wconf 89' lang='lat' dir='ltr'><strong>te</strong></span> <span class='ocrx_word' id='word_1_233' title='bbox 1732 1799 1774 1864; x_wconf 87' lang='lat' dir='ltr'><strong>ad</strong></span> <span class='ocrx_word' id='word_1_234' title='bbox 1802 1799 1886 1866; x_wconf 91' lang='lat' dir='ltr'><strong>hanc</strong></span> <span class='ocrx_word' id='word_1_235' title='bbox 1914 1798 2138 1866; x_wconf 87' lang='lat' dir='ltr'><strong>molestiarum</strong></span> <span class='ocrx_word' id='word_1_236' title='bbox 2171 1802 2276 1866; x_wconf 88' lang='lat' dir='ltr'><strong>molem</strong></span> 
     </span>
     <span class='ocr_line' id='line_1_18' title="bbox 291 1883 2277 1970; baseline -0.003 -14"><span class='ocrx_word' id='word_1_237' title='bbox 291 1893 449 1966; x_wconf 85' lang='lat' dir='ltr'><strong>foveatur,</strong></span> <span class='ocrx_word' id='word_1_238' title='bbox 479 1887 581 1954; x_wconf 90' lang='lat' dir='ltr'><strong>donec</strong></span> <span class='ocrx_word' id='word_1_239' title='bbox 602 1887 639 1951; x_wconf 91' lang='lat' dir='ltr'><strong>in</strong></span> <span class='ocrx_word' id='word_1_240' title='bbox 660 1887 823 1951; x_wconf 88' lang='lat' dir='ltr'><strong>unitatem</strong></span> <span class='ocrx_word' id='word_1_241' title='bbox 845 1907 923 1951; x_wconf 91' lang='lat' dir='ltr'><strong>suae</strong></span> <span class='ocrx_word' id='word_1_242' title='bbox 945 1887 1092 1952; x_wconf 89' lang='lat' dir='ltr'><strong>veritatis</strong></span> <span class='ocrx_word' id='word_1_243' title='bbox 1113 1907 1174 1952; x_wconf 91' lang='lat' dir='ltr'><strong>nos</strong></span> <span class='ocrx_word' id='word_1_244' title='bbox 1195 1887 1263 1950; x_wconf 93' lang='lat' dir='ltr'><strong>Do·</strong></span> <span class='ocrx_word' id='word_1_245' title='bbox 1316 1883 1540 1949; x_wconf 89' lang='lat' dir='ltr'><strong>sustinendam</strong></span> <span class='ocrx_word' id='word_1_246' title='bbox 1558 1885 1693 1968; x_wconf 89' lang='lat' dir='ltr'><strong>spiritus</strong></span> <span class='ocrx_word' id='word_1_247' title='bbox 1711 1886 1762 1950; x_wconf 92' lang='lat' dir='ltr'><strong>sui</strong></span> <span class='ocrx_word' id='word_1_248' title='bbox 1780 1885 1902 1951; x_wconf 90' lang='lat' dir='ltr'><strong>virtute</strong></span> <span class='ocrx_word' id='word_1_249' title='bbox 1921 1888 2118 1954; x_wconf 87' lang='lat' dir='ltr'><strong>corroboret.</strong></span> <span class='ocrx_word' id='word_1_250' title='bbox 2159 1886 2277 1970; x_wconf 81' lang='lat' dir='ltr'><strong>Scripta</strong></span> 
     </span>
     <span class='ocr_line' id='line_1_19' title="bbox 292 1971 1685 2056; baseline -0.008 -15"><span class='ocrx_word' id='word_1_251' title='bbox 292 1977 400 2042; x_wconf 90' lang='lat' dir='ltr'><strong>minus</strong></span> <span class='ocrx_word' id='word_1_252' title='bbox 427 1975 582 2056; x_wconf 89' lang='lat' dir='ltr'><strong>utrinque</strong></span> <span class='ocrx_word' id='word_1_253' title='bbox 616 1971 797 2036; x_wconf 87' lang='lat' dir='ltr'><strong>adduxerit.</strong></span> <span class='ocrx_word' id='word_1_254' title='bbox 853 1973 905 2037; x_wconf 90' lang='lat' dir='ltr'><strong>De</strong></span> <span class='ocrx_word' id='word_1_255' title='bbox 931 1973 1001 2055; x_wconf 90' lang='lat' dir='ltr'><strong>ipso</strong></span> <span class='ocrx_word' id='word_1_256' title='bbox 1028 1973 1112 2037; x_wconf 86' lang='lat' dir='ltr'><strong>nihil</strong></span> <span class='ocrx_word' id='word_1_257' title='bbox 1141 1971 1263 2050; x_wconf 86' lang='lat' dir='ltr'><strong>dubita,</strong></span> <span class='ocrx_word' id='word_1_258' title='bbox 1316 1990 1427 2036; x_wconf 88' lang='lat' dir='ltr'><strong>mense</strong></span> <span class='ocrx_word' id='word_1_259' title='bbox 1448 1971 1569 2036; x_wconf 92' lang='lat' dir='ltr'><strong>Martio</strong></span> <span class='ocrx_word' id='word_1_260' title='bbox 1595 1973 1685 2035; x_wconf 85' lang='lat'>1539.</span> 
     </span>
     <span class='ocr_line' id='line_1_20' title="bbox 292 2058 1264 2146; baseline -0.005 -19"><span class='ocrx_word' id='word_1_261' title='bbox 292 2063 370 2146; x_wconf 92' lang='lat' dir='ltr'><strong>quin</strong></span> <span class='ocrx_word' id='word_1_262' title='bbox 402 2061 532 2144; x_wconf 87' lang='lat' dir='ltr'><strong>penitus</strong></span> <span class='ocrx_word' id='word_1_263' title='bbox 567 2058 736 2124; x_wconf 92' lang='lat' dir='ltr'><strong>nobiscum</strong></span> <span class='ocrx_word' id='word_1_264' title='bbox 773 2058 901 2122; x_wconf 88' lang='lat' dir='ltr'><strong>sentiat.</strong></span> <span class='ocrx_word' id='word_1_265' title='bbox 962 2059 1014 2124; x_wconf 95' lang='lat' dir='ltr'><strong>De</strong></span> <span class='ocrx_word' id='word_1_266' title='bbox 1053 2059 1127 2124; x_wconf 87' lang='lat' dir='ltr'><strong>aliis</strong></span> <span class='ocrx_word' id='word_1_267' title='bbox 1166 2058 1264 2123; x_wconf 91' lang='lat' dir='ltr'><strong>rebus</strong></span> 
     </span>
     <span class='ocr_line' id='line_1_21' title="bbox 293 2143 1263 2232; baseline -0.005 -19"><span class='ocrx_word' id='word_1_268' title='bbox 293 2147 405 2232; x_wconf 90' lang='lat' dir='ltr'><strong>quales</strong></span> <span class='ocrx_word' id='word_1_269' title='bbox 416 2144 627 2210; x_wconf 85' lang='lat' dir='ltr'><strong>habuerimus</strong></span> <span class='ocrx_word' id='word_1_270' title='bbox 646 2163 820 2220; x_wconf 90' lang='lat' dir='ltr'><strong>sermones,</strong></span> <span class='ocrx_word' id='word_1_271' title='bbox 839 2143 974 2227; x_wconf 80' lang='lat' dir='ltr'><strong>longum</strong></span> <span class='ocrx_word' id='word_1_272' title='bbox 991 2152 1078 2209; x_wconf 90' lang='lat' dir='ltr'><strong>esset</strong></span> <span class='ocrx_word' id='word_1_273' title='bbox 1095 2165 1263 2210; x_wconf 87' lang='lat' dir='ltr'><strong>enarrare:</strong></span> 
     </span>
     <span class='ocr_line' id='line_1_22' title="bbox 292 2227 1265 2312; baseline -0.006 -12"><span class='ocrx_word' id='word_1_274' title='bbox 292 2232 350 2300; x_wconf 86' lang='lat' dir='ltr'><strong>sed</strong></span> <span class='ocrx_word' id='word_1_275' title='bbox 371 2232 451 2298; x_wconf 87' lang='lat' dir='ltr'><strong>haec</strong></span> <span class='ocrx_word' id='word_1_276' title='bbox 473 2231 537 2296; x_wconf 90' lang='lat' dir='ltr'><strong>erit</strong></span> <span class='ocrx_word' id='word_1_277' title='bbox 558 2227 731 2312; x_wconf 88' lang='lat' dir='ltr'><strong>aliquando</strong></span> <span class='ocrx_word' id='word_1_278' title='bbox 755 2229 892 2294; x_wconf 91' lang='lat' dir='ltr'><strong>materia</strong></span> <span class='ocrx_word' id='word_1_279' title='bbox 912 2229 1074 2296; x_wconf 88' lang='lat' dir='ltr'><strong>iucundae</strong></span> <span class='ocrx_word' id='word_1_280' title='bbox 1094 2230 1183 2294; x_wconf 91' lang='lat' dir='ltr'><strong>inter</strong></span> <span class='ocrx_word' id='word_1_281' title='bbox 1204 2251 1265 2294; x_wconf 88' lang='lat' dir='ltr'><strong>nos</strong></span> 
     </span>
     <span class='ocr_line' id='line_1_23' title="bbox 293 2312 1265 2400; baseline -0.006 -14"><span class='ocrx_word' id='word_1_282' title='bbox 293 2317 549 2400; x_wconf 89' lang='lat' dir='ltr'><strong>colloquutionis.</strong></span> <span class='ocrx_word' id='word_1_283' title='bbox 603 2314 657 2379; x_wconf 86' lang='lat' dir='ltr'><strong>Ad</strong></span> <span class='ocrx_word' id='word_1_284' title='bbox 685 2312 890 2397; x_wconf 89' lang='lat' dir='ltr'><strong>disciplinam</strong></span> <span class='ocrx_word' id='word_1_285' title='bbox 918 2314 997 2380; x_wconf 91' lang='lat' dir='ltr'><strong>dum</strong></span> <span class='ocrx_word' id='word_1_286' title='bbox 1025 2316 1167 2392; x_wconf 87' lang='lat' dir='ltr'><strong>venitur,</strong></span> <span class='ocrx_word' id='word_1_287' title='bbox 1194 2315 1265 2398; x_wconf 91' lang='lat' dir='ltr'><strong>ipse</strong></span> 
     </span>
     <span class='ocr_line' id='line_1_24' title="bbox 293 2399 1265 2486; baseline -0.005 -17"><span class='ocrx_word' id='word_1_288' title='bbox 293 2404 432 2469; x_wconf 89' lang='lat' dir='ltr'><strong>aliorum</strong></span> <span class='ocrx_word' id='word_1_289' title='bbox 463 2422 554 2466; x_wconf 89' lang='lat' dir='ltr'><strong>more</strong></span> <span class='ocrx_word' id='word_1_290' title='bbox 586 2401 780 2485; x_wconf 88' lang='lat' dir='ltr'><strong>ingemiscit.</strong></span> <span class='ocrx_word' id='word_1_291' title='bbox 811 2399 944 2486; x_wconf 84' lang='lat' dir='ltr'><strong>Magis</strong></span> <span class='ocrx_word' id='word_1_292' title='bbox 974 2401 1064 2465; x_wconf 89' lang='lat' dir='ltr'><strong>enim</strong></span> <span class='ocrx_word' id='word_1_293' title='bbox 1097 2401 1265 2484; x_wconf 89' lang='lat' dir='ltr'><strong>deplorare</strong></span> 
     </span>
     <span class='ocr_line' id='line_1_25' title="bbox 292 2485 1266 2570; baseline -0.003 -17"><span class='ocrx_word' id='word_1_294' title='bbox 292 2490 448 2554; x_wconf 87' lang='lat' dir='ltr'><strong>miseram</strong></span> <span class='ocrx_word' id='word_1_295' title='bbox 465 2488 527 2552; x_wconf 91' lang='lat' dir='ltr'><strong>hac</strong></span> <span class='ocrx_word' id='word_1_296' title='bbox 544 2488 634 2551; x_wconf 89' lang='lat' dir='ltr'><strong>inre</strong></span> <span class='ocrx_word' id='word_1_297' title='bbox 652 2485 807 2551; x_wconf 90' lang='lat' dir='ltr'><strong>ecclesiae</strong></span> <span class='ocrx_word' id='word_1_298' title='bbox 827 2487 1045 2552; x_wconf 90' lang='lat' dir='ltr'><strong>conditionem</strong></span> <span class='ocrx_word' id='word_1_299' title='bbox 1063 2487 1147 2564; x_wconf 89' lang='lat' dir='ltr'><strong>licet,</strong></span> <span class='ocrx_word' id='word_1_300' title='bbox 1166 2507 1266 2570; x_wconf 90' lang='lat' dir='ltr'><strong>quam</strong></span> 
     </span>
     <span class='ocr_line' id='line_1_26' title="bbox 293 2551 1844 2657; baseline -0.004 -16"><span class='ocrx_word' id='word_1_301' title='bbox 293 2573 471 2657; x_wconf 76' lang='lat' dir='ltr'><strong>corrigere:</strong></span> <span class='ocrx_word' id='word_1_302' title='bbox 490 2595 532 2638; x_wconf 90' lang='lat' dir='ltr'><strong>no</strong></span> <span class='ocrx_word' id='word_1_303' title='bbox 552 2593 609 2637; x_wconf 93' lang='lat' dir='ltr'><strong>vos</strong></span> <span class='ocrx_word' id='word_1_304' title='bbox 626 2572 699 2637; x_wconf 90' lang='lat' dir='ltr'><strong>istio</strong></span> <span class='ocrx_word' id='word_1_305' title='bbox 718 2571 805 2636; x_wconf 91' lang='lat' dir='ltr'><strong>solos</strong></span> <span class='ocrx_word' id='word_1_306' title='bbox 815 2571 962 2636; x_wconf 88' lang='lat' dir='ltr'><strong>laborare</strong></span> <span class='ocrx_word' id='word_1_307' title='bbox 979 2581 1083 2654; x_wconf 89' lang='lat' dir='ltr'><strong>putes.</strong></span> <span class='ocrx_word' id='word_1_308' title='bbox 1112 2571 1266 2636; x_wconf 84' lang='lat' dir='ltr'><strong>Eduntur</strong></span> <span class='ocrx_word' id='word_1_309' title='bbox 1772 2551 1844 2621; x_wconf 69' lang='lat'><strong>¹⁶5·</strong></span> 
     </span>
     <span class='ocr_line' id='line_1_27' title="bbox 293 2655 2066 2758; baseline -0.002 -34"><span class='ocrx_word' id='word_1_310' title='bbox 293 2659 437 2744; x_wconf 89' lang='lat' dir='ltr'><strong>quotidie</strong></span> <span class='ocrx_word' id='word_1_311' title='bbox 458 2659 578 2742; x_wconf 88' lang='lat' dir='ltr'><strong>passim</strong></span> <span class='ocrx_word' id='word_1_312' title='bbox 601 2657 760 2738; x_wconf 91' lang='lat' dir='ltr'><strong>exempla,</strong></span> <span class='ocrx_word' id='word_1_313' title='bbox 786 2677 869 2740; x_wconf 83' lang='lat' dir='ltr'><strong>quae</strong></span> <span class='ocrx_word' id='word_1_314' title='bbox 891 2679 1003 2722; x_wconf 90' lang='lat' dir='ltr'><strong>omnes</strong></span> <span class='ocrx_word' id='word_1_315' title='bbox 1025 2657 1067 2722; x_wconf 88' lang='lat' dir='ltr'><strong>ad</strong></span> <span class='ocrx_word' id='word_1_316' title='bbox 1088 2655 1266 2740; x_wconf 87' lang='lat' dir='ltr'><strong>optandum</strong></span> <span class='ocrx_word' id='word_1_317' title='bbox 1530 2687 1778 2758; x_wconf 63' lang='lat' dir='ltr'><strong>FARELLUS</strong></span> <span class='ocrx_word' id='word_1_318' title='bbox 1801 2689 2066 2757; x_wconf 53' lang='lat' dir='ltr'>LIBERTETO</span> 
     </span>
     <span class='ocr_line' id='line_1_28' title="bbox 293 2741 2076 2811; baseline -0.003 0"><span class='ocrx_word' id='word_1_319' title='bbox 293 2744 475 2811; x_wconf 89' lang='lat' dir='ltr'><strong>remedium</strong></span> <span class='ocrx_word' id='word_1_320' title='bbox 493 2743 635 2810; x_wconf 87' lang='lat' dir='ltr'><strong>excitare</strong></span> <span class='ocrx_word' id='word_1_321' title='bbox 654 2743 773 2808; x_wconf 88' lang='lat' dir='ltr'><strong>merito</strong></span> <span class='ocrx_word' id='word_1_322' title='bbox 790 2741 937 2808; x_wconf 90' lang='lat' dir='ltr'><strong>debeant.</strong></span> <span class='ocrx_word' id='word_1_323' title='bbox 977 2744 1111 2809; x_wconf 81' lang='lat' dir='ltr'><strong>Eiectos</strong></span> <span class='ocrx_word' id='word_1_324' title='bbox 1132 2751 1266 2808; x_wconf 90' lang='lat' dir='ltr'><strong>estnon</strong></span> <span class='ocrx_word' id='word_1_325' title='bbox 2068 2742 2076 2756; x_wconf 87' lang='lat'>&#39;</span> 
     </span>
     <span class='ocr_line' id='line_1_29' title="bbox 292 2827 1267 2914; baseline -0.003 -17"><span class='ocrx_word' id='word_1_326' title='bbox 292 2833 341 2897; x_wconf 87' lang='lat' dir='ltr'><strong>ita</strong></span> <span class='ocrx_word' id='word_1_327' title='bbox 361 2830 488 2914; x_wconf 88' lang='lat' dir='ltr'><strong>pridem</strong></span> <span class='ocrx_word' id='word_1_328' title='bbox 508 2829 609 2896; x_wconf 90' lang='lat' dir='ltr'><strong>Ulma</strong></span> <span class='ocrx_word' id='word_1_329' title='bbox 630 2829 682 2894; x_wconf 90' lang='lat' dir='ltr'><strong>vir</strong></span> <span class='ocrx_word' id='word_1_330' title='bbox 700 2827 822 2911; x_wconf 91' lang='lat' dir='ltr'><strong>probus</strong></span> <span class='ocrx_word' id='word_1_331' title='bbox 842 2848 879 2893; x_wconf 91' lang='lat' dir='ltr'><strong>ao</strong></span> <span class='ocrx_word' id='word_1_332' title='bbox 897 2828 1009 2895; x_wconf 90' lang='lat' dir='ltr'><strong>doctus</strong></span> <span class='ocrx_word' id='word_1_333' title='bbox 1027 2849 1102 2895; x_wconf 91' lang='lat' dir='ltr'><strong>oum</strong></span> <span class='ocrx_word' id='word_1_334' title='bbox 1119 2836 1267 2894; x_wconf 87' lang='lat' dir='ltr'><strong>extrema</strong></span> 
     </span>
    </p>
   </div>
   <div class='ocr_carea' id='block_1_3' title="bbox 292 2914 1264 3068">
    <p class='ocr_par' dir='ltr' id='par_1_3' title="bbox 292 2914 1264 3068">
     <span class='ocr_line' id='line_1_30' title="bbox 292 2914 1264 3068; baseline -0.001 -87"><span class='ocrx_word' id='word_1_335' title='bbox 292 2917 481 3068; x_wconf 49' lang='lat' dir='ltr'><strong>pgnominia,</strong></span> <span class='ocrx_word' id='word_1_336' title='bbox 499 2914 585 2998; x_wconf 91' lang='lat' dir='ltr'><strong>quod</strong></span> <span class='ocrx_word' id='word_1_337' title='bbox 602 2935 667 2979; x_wconf 95' lang='lat' dir='ltr'><strong>non</strong></span> <span class='ocrx_word' id='word_1_338' title='bbox 680 2915 857 2979; x_wconf 88' lang='lat' dir='ltr'><strong>sustineret</strong></span> <span class='ocrx_word' id='word_1_339' title='bbox 868 2916 973 2998; x_wconf 79' lang='lat' dir='ltr'><strong>magis</strong></span> <span class='ocrx_word' id='word_1_340' title='bbox 984 2915 1072 2980; x_wconf 91' lang='lat' dir='ltr'><strong>vitiis</strong></span> <span class='ocrx_word' id='word_1_341' title='bbox 1083 2914 1264 2998; x_wconf 86' lang='lat' dir='ltr'><strong>indulgere.</strong></span> 
     </span>
    </p>
   </div>
   <div class='ocr_carea' id='block_1_4' title="bbox 1936 2108 2204 2176">
    <p class='ocr_par' dir='ltr' id='par_1_4' title="bbox 1936 2108 2204 2176">
     <span class='ocr_line' id='line_1_31' title="bbox 1936 2108 2204 2176; baseline 0 -2"><span class='ocrx_word' id='word_1_342' title='bbox 1936 2108 2095 2176; x_wconf 77' lang='lat' dir='ltr'><strong>Calvinus</strong></span> <span class='ocrx_word' id='word_1_343' title='bbox 2116 2117 2204 2176; x_wconf 90' lang='lat' dir='ltr'><strong>tuus.</strong></span> 
     </span>
    </p>
   </div>
   <div class='ocr_carea' id='block_1_5' title="bbox 1319 2861 2280 3031">
    <p class='ocr_par' dir='ltr' id='par_1_5' title="bbox 1319 2861 2280 3031">
     <span class='ocr_line' id='line_1_32' title="bbox 1404 2861 2277 2946; baseline -0.018 -1"><span class='ocrx_word' id='word_1_344' title='bbox 1404 2861 1633 2944; x_wconf 56' lang='lat' dir='ltr'><strong>Epssworwn</strong></span> <span class='ocrx_word' id='word_1_345' title='bbox 1660 2861 1812 2945; x_wconf 69' lang='lat' dir='ltr'><strong>Leccam</strong></span> <span class='ocrx_word' id='word_1_346' title='bbox 1843 2867 2093 2946; x_wconf 64' lang='lat' dir='ltr'><strong>corcyreqctorum</strong></span> <span class='ocrx_word' id='word_1_347' title='bbox 2119 2864 2277 2929; x_wconf 80' lang='lat' dir='ltr'><strong>nsotimina</strong></span> 
     </span>
     <span class='ocr_line' id='line_1_33' title="bbox 1319 2945 2280 3031; baseline 0.002 -19"><span class='ocrx_word' id='word_1_348' title='bbox 1319 2945 1370 3013; x_wconf 86' lang='lat' dir='ltr'><strong>De</strong></span> <span class='ocrx_word' id='word_1_349' title='bbox 1384 2946 1694 3028; x_wconf 72' lang='lat' dir='ltr'><strong>Olioctauireliquiis</strong></span> <span class='ocrx_word' id='word_1_350' title='bbox 1710 2953 1739 3012; x_wconf 83' lang='lat' dir='ltr'><strong>ct</strong></span> <span class='ocrx_word' id='word_1_351' title='bbox 1756 2947 1895 3013; x_wconf 73' lang='lat' dir='ltr'><strong>Ioannou</strong></span> <span class='ocrx_word' id='word_1_352' title='bbox 1914 2946 2098 3031; x_wconf 68' lang='lat' dir='ltr'><strong>Gabiniana</strong></span> <span class='ocrx_word' id='word_1_353' title='bbox 2114 2950 2150 3014; x_wconf 79' lang='lat' dir='ltr'><strong>ic</strong></span> <span class='ocrx_word' id='word_1_354' title='bbox 2171 2951 2280 3015; x_wconf 57' lang='lat' dir='ltr'><strong>enoda</strong></span> 
     </span>
    </p>
   </div>
   <div class='ocr_carea' id='block_1_6' title="bbox 293 2999 2279 3186">
    <p class='ocr_par' dir='ltr' id='par_1_6' title="bbox 293 2999 2279 3186">
     <span class='ocr_line' id='line_1_34' title="bbox 328 2999 2279 3116; baseline -0.011 -49"><span class='ocrx_word' id='word_1_355' title='bbox 328 3003 461 3068; x_wconf 90' lang='lat' dir='ltr'><strong>imissus</strong></span> <span class='ocrx_word' id='word_1_356' title='bbox 481 3009 531 3100; x_wconf 81' lang='lat' dir='ltr'><strong>est</strong></span> <span class='ocrx_word' id='word_1_357' title='bbox 552 2999 722 3084; x_wconf 84' lang='lat' dir='ltr'><strong>acollegis</strong></span> <span class='ocrx_word' id='word_1_358' title='bbox 739 3001 809 3100; x_wconf 78' lang='lat' dir='ltr'><strong>suis</strong></span> <span class='ocrx_word' id='word_1_359' title='bbox 826 3000 977 3066; x_wconf 92' lang='lat' dir='ltr'><strong>omnibus</strong></span> <span class='ocrx_word' id='word_1_360' title='bbox 995 3021 1071 3068; x_wconf 91' lang='lat' dir='ltr'><strong>cum</strong></span> <span class='ocrx_word' id='word_1_361' title='bbox 1089 3001 1267 3066; x_wconf 88' lang='lat' dir='ltr'><strong>honorifica</strong></span> <span class='ocrx_word' id='word_1_362' title='bbox 1319 3033 1389 3098; x_wconf 54' lang='lat' dir='ltr'><strong>pm</strong></span> <span class='ocrx_word' id='word_1_363' title='bbox 1409 3033 1609 3116; x_wconf 38' lang='lat' dir='ltr'><strong>respo-mo·</strong></span> <span class='ocrx_word' id='word_1_364' title='bbox 1658 3031 1819 3099; x_wconf 49' lang='lat' dir='ltr'><em>fromn</em></span> <span class='ocrx_word' id='word_1_365' title='bbox 1838 3033 1950 3114; x_wconf 73' lang='lat' dir='ltr'><strong>sacac</strong></span> <span class='ocrx_word' id='word_1_366' title='bbox 1971 3035 2072 3100; x_wconf 41' lang='lat' dir='ltr'><strong>ww·</strong></span> <span class='ocrx_word' id='word_1_367' title='bbox 2119 3034 2279 3102; x_wconf 42' lang='lat' dir='ltr'><strong><em>Gladim</em></strong></span> 
     </span>
     <span class='ocr_line' id='line_1_35' title="bbox 293 3085 1466 3186; baseline -0.007 -31"><span class='ocrx_word' id='word_1_368' title='bbox 293 3087 583 3166; x_wconf 83' lang='lat' dir='ltr'><strong>commcndahone,</strong></span> <span class='ocrx_word' id='word_1_369' title='bbox 623 3085 974 3152; x_wconf 81' lang='lat' dir='ltr'><strong>raesertrmaFrecbto.</strong></span> <span class='ocrx_word' id='word_1_370' title='bbox 1008 3085 1268 3171; x_wconf 79' lang='lat' dir='ltr'><strong>Quaehugusta</strong></span> <span class='ocrx_word' id='word_1_371' title='bbox 1318 3119 1466 3186; x_wconf 43' lang='lat' dir='ltr'><strong>com-oia·</strong></span> 
     </span>
    </p>
   </div>
   <div class='ocr_carea' id='block_1_7' title="bbox 293 3171 2287 4884">
    <p class='ocr_par' dir='ltr' id='par_1_7' title="bbox 293 3171 1268 3256">
     <span class='ocr_line' id='line_1_36' title="bbox 293 3171 1268 3256; baseline -0.003 -17"><span class='ocrx_word' id='word_1_372' title='bbox 293 3173 506 3251; x_wconf 89' lang='lat' dir='ltr'><strong>nunciantur,</strong></span> <span class='ocrx_word' id='word_1_373' title='bbox 537 3173 571 3236; x_wconf 92' lang='lat' dir='ltr'><strong>ni</strong></span> <span class='ocrx_word' id='word_1_374' title='bbox 597 3172 639 3235; x_wconf 92' lang='lat' dir='ltr'><strong>&#39;o</strong></span> <span class='ocrx_word' id='word_1_375' title='bbox 665 3172 772 3256; x_wconf 80' lang='lat' dir='ltr'><strong>magis</strong></span> <span class='ocrx_word' id='word_1_376' title='bbox 800 3171 886 3237; x_wconf 89' lang='lat' dir='ltr'><strong>lacta</strong></span> <span class='ocrx_word' id='word_1_377' title='bbox 915 3181 1000 3238; x_wconf 87' lang='lat' dir='ltr'><strong>sunt</strong></span> <span class='ocrx_word' id='word_1_378' title='bbox 1051 3172 1105 3236; x_wconf 89' lang='lat' dir='ltr'><strong>Ita</strong></span> <span class='ocrx_word' id='word_1_379' title='bbox 1131 3172 1268 3256; x_wconf 88' lang='lat' dir='ltr'><strong>posthac</strong></span> 
     </span>
    </p>

    <p class='ocr_par' dir='ltr' id='par_1_8' title="bbox 293 3256 2280 3363">
     <span class='ocr_line' id='line_1_37' title="bbox 293 3256 2280 3363; baseline -0.002 -39"><span class='ocrx_word' id='word_1_380' title='bbox 293 3281 347 3326; x_wconf 90' lang='lat' dir='ltr'><strong>res</strong></span> <span class='ocrx_word' id='word_1_381' title='bbox 368 3258 491 3325; x_wconf 89' lang='lat' dir='ltr'><strong>lusoria</strong></span> <span class='ocrx_word' id='word_1_382' title='bbox 511 3258 575 3323; x_wconf 89' lang='lat' dir='ltr'><strong>erit</strong></span> <span class='ocrx_word' id='word_1_383' title='bbox 595 3263 741 3342; x_wconf 89' lang='lat' dir='ltr'><strong>pastores</strong></span> <span class='ocrx_word' id='word_1_384' title='bbox 763 3258 944 3322; x_wconf 87' lang='lat' dir='ltr'><strong>ministerio</strong></span> <span class='ocrx_word' id='word_1_385' title='bbox 970 3256 1143 3323; x_wconf 89' lang='lat' dir='ltr'><strong>deturbare</strong></span> <span class='ocrx_word' id='word_1_386' title='bbox 1165 3279 1202 3324; x_wconf 87' lang='lat' dir='ltr'><strong>ac</strong></span> <span class='ocrx_word' id='word_1_387' title='bbox 1230 3257 1267 3321; x_wconf 91' lang='lat' dir='ltr'><strong>in</strong></span> <span class='ocrx_word' id='word_1_388' title='bbox 1319 3291 1376 3358; x_wconf 74' lang='lat' dir='ltr'><strong>(Ex</strong></span> <span class='ocrx_word' id='word_1_389' title='bbox 1399 3289 1567 3360; x_wconf 56' lang='lat' dir='ltr'><strong>,mmpho</strong></span> <span class='ocrx_word' id='word_1_390' title='bbox 1590 3289 1656 3344; x_wconf 88' lang='lat' dir='ltr'><strong>bibl.</strong></span> <span class='ocrx_word' id='word_1_391' title='bbox 1681 3295 1820 3358; x_wconf 54' lang='lat' dir='ltr'><strong>mmm</strong></span> <span class='ocrx_word' id='word_1_392' title='bbox 1844 3291 2076 3357; x_wconf 48' lang='lat' dir='ltr'><strong>Noowmfflim&#39;</strong></span> <span class='ocrx_word' id='word_1_393' title='bbox 2101 3292 2173 3363; x_wconf 69' lang='lat' dir='ltr'><strong>Epp.</strong></span> <span class='ocrx_word' id='word_1_394' title='bbox 2192 3291 2280 3347; x_wconf 49' lang='grc' dir='ltr'><strong>ΜΝ</strong></span> 
     </span>
    </p>

    <p class='ocr_par' dir='ltr' id='par_1_9' title="bbox 293 3342 1921 3426">
     <span class='ocr_line' id='line_1_38' title="bbox 293 3342 1921 3426; baseline 0.001 -14"><span class='ocrx_word' id='word_1_395' title='bbox 293 3345 447 3412; x_wconf 88' lang='lat' dir='ltr'><strong>exsilium</strong></span> <span class='ocrx_word' id='word_1_396' title='bbox 470 3345 594 3412; x_wconf 89' lang='lat' dir='ltr'><strong>eiicere.</strong></span> <span class='ocrx_word' id='word_1_397' title='bbox 632 3342 702 3409; x_wconf 89' lang='lat' dir='ltr'><strong>Neo</strong></span> <span class='ocrx_word' id='word_1_398' title='bbox 719 3343 843 3408; x_wconf 91' lang='lat' dir='ltr'><strong>malum</strong></span> <span class='ocrx_word' id='word_1_399' title='bbox 859 3343 949 3409; x_wconf 90' lang='lat' dir='ltr'><strong>istud</strong></span> <span class='ocrx_word' id='word_1_400' title='bbox 966 3343 1134 3409; x_wconf 90' lang='lat' dir='ltr'><strong>emendari</strong></span> <span class='ocrx_word' id='word_1_401' title='bbox 1150 3350 1266 3426; x_wconf 90' lang='lat' dir='ltr'><strong>potest,</strong></span> <span class='ocrx_word' id='word_1_402' title='bbox 1524 3379 1531 3388; x_wconf 84' lang='grc'><strong>-</strong></span> <span class='ocrx_word' id='word_1_403' title='bbox 1687 3358 1750 3413; x_wconf 81' lang='lat' dir='ltr'><strong>taso.</strong></span> <span class='ocrx_word' id='word_1_404' title='bbox 1769 3359 1792 3412; x_wconf 92' lang='lat'><strong>1.</strong></span> <span class='ocrx_word' id='word_1_405' title='bbox 1811 3359 1845 3414; x_wconf 82' lang='lat' dir='ltr'><strong>N.</strong></span> <span class='ocrx_word' id='word_1_406' title='bbox 1863 3357 1921 3425; x_wconf 74' lang='lat'><strong>³5.)</strong></span> 
     </span>
    </p>

    <p class='ocr_par' dir='ltr' id='par_1_10' title="bbox 293 3428 1267 3516">
     <span class='ocr_line' id='line_1_39' title="bbox 293 3428 1267 3516; baseline -0.004 -19"><span class='ocrx_word' id='word_1_407' title='bbox 293 3432 370 3516; x_wconf 85' lang='lat' dir='ltr'><strong>quia</strong></span> <span class='ocrx_word' id='word_1_408' title='bbox 389 3450 450 3496; x_wconf 93' lang='lat' dir='ltr'><strong>neo</strong></span> <span class='ocrx_word' id='word_1_409' title='bbox 470 3428 571 3513; x_wconf 92' lang='lat' dir='ltr'><strong>plebs,</strong></span> <span class='ocrx_word' id='word_1_410' title='bbox 593 3449 654 3495; x_wconf 89' lang='lat' dir='ltr'><strong>neo</strong></span> <span class='ocrx_word' id='word_1_411' title='bbox 675 3429 827 3512; x_wconf 90' lang='lat' dir='ltr'><strong>princeps</strong></span> <span class='ocrx_word' id='word_1_412' title='bbox 848 3429 962 3512; x_wconf 80' lang='lat' dir='ltr'><strong>iugum</strong></span> <span class='ocrx_word' id='word_1_413' title='bbox 984 3428 1110 3494; x_wconf 84' lang='lat' dir='ltr'><strong>Obristi</strong></span> <span class='ocrx_word' id='word_1_414' title='bbox 1127 3450 1147 3494; x_wconf 93' lang='lat' dir='ltr'><strong>a</strong></span> <span class='ocrx_word' id='word_1_415' title='bbox 1163 3447 1267 3511; x_wconf 87' lang='lat' dir='ltr'><strong>papae</strong></span> 
     </span>
    </p>

    <p class='ocr_par' dir='ltr' id='par_1_11' title="bbox 293 3513 2057 3630">
     <span class='ocr_line' id='line_1_40' title="bbox 293 3513 2057 3630; baseline -0.001 -50"><span class='ocrx_word' id='word_1_416' title='bbox 293 3515 471 3602; x_wconf 85' lang='lat' dir='ltr'><strong>tyrannide</strong></span> <span class='ocrx_word' id='word_1_417' title='bbox 492 3514 690 3581; x_wconf 86' lang='lat' dir='ltr'><strong>discernunt.</strong></span> <span class='ocrx_word' id='word_1_418' title='bbox 735 3513 857 3579; x_wconf 84' lang='lat' dir='ltr'><strong>Oenset</strong></span> <span class='ocrx_word' id='word_1_419' title='bbox 885 3535 963 3599; x_wconf 81' lang='lat' dir='ltr'><strong>ergo</strong></span> <span class='ocrx_word' id='word_1_420' title='bbox 984 3513 1157 3596; x_wconf 78' lang='lat' dir='ltr'><strong>Philippus</strong></span> <span class='ocrx_word' id='word_1_421' title='bbox 1184 3513 1267 3578; x_wconf 90' lang='lat' dir='ltr'><strong>nibil</strong></span> <span class='ocrx_word' id='word_1_422' title='bbox 1550 3546 1786 3630; x_wconf 54' lang='lat' dir='ltr'><strong>Offitophom</strong></span> <span class='ocrx_word' id='word_1_423' title='bbox 1806 3567 1865 3614; x_wconf 61' lang='lat' dir='ltr'><strong>suo</strong></span> <span class='ocrx_word' id='word_1_424' title='bbox 1887 3548 2057 3615; x_wconf 50' lang='lat' dir='ltr'><strong>Thononfl</strong></span> 
     </span>
    </p>

    <p class='ocr_par' dir='ltr' id='par_1_12' title="bbox 294 3599 1385 3684">
     <span class='ocr_line' id='line_1_41' title="bbox 294 3599 1385 3684; baseline -0.003 -17"><span class='ocrx_word' id='word_1_425' title='bbox 294 3603 413 3668; x_wconf 90' lang='lat' dir='ltr'><strong>melius</strong></span> <span class='ocrx_word' id='word_1_426' title='bbox 442 3621 527 3680; x_wconf 90' lang='lat' dir='ltr'><strong>esse,</strong></span> <span class='ocrx_word' id='word_1_427' title='bbox 558 3621 657 3684; x_wconf 89' lang='lat' dir='ltr'><strong>quam</strong></span> <span class='ocrx_word' id='word_1_428' title='bbox 684 3610 721 3664; x_wconf 92' lang='lat' dir='ltr'><strong>ut</strong></span> <span class='ocrx_word' id='word_1_429' title='bbox 752 3599 789 3663; x_wconf 94' lang='lat' dir='ltr'><strong>in</strong></span> <span class='ocrx_word' id='word_1_430' title='bbox 816 3607 909 3665; x_wconf 90' lang='lat' dir='ltr'><strong>tanta</strong></span> <span class='ocrx_word' id='word_1_431' title='bbox 936 3608 1131 3683; x_wconf 90' lang='lat' dir='ltr'><strong>tempestate</strong></span> <span class='ocrx_word' id='word_1_432' title='bbox 1158 3600 1267 3666; x_wconf 90' lang='lat' dir='ltr'><strong>ventis</strong></span> <span class='ocrx_word' id='word_1_433' title='bbox 1384 3671 1385 3676; x_wconf 6' lang='grc' dir='ltr'>ἵ</span> 
     </span>
    </p>

    <p class='ocr_par' dir='ltr' id='par_1_13' title="bbox 294 3683 2283 3770">
     <span class='ocr_line' id='line_1_42' title="bbox 294 3683 2283 3770; baseline -0.002 -17"><span class='ocrx_word' id='word_1_434' title='bbox 294 3687 440 3754; x_wconf 86' lang='lat' dir='ltr'><strong>adversis</strong></span> <span class='ocrx_word' id='word_1_435' title='bbox 469 3687 673 3770; x_wconf 91' lang='lat' dir='ltr'><strong>aliquantum</strong></span> <span class='ocrx_word' id='word_1_436' title='bbox 700 3685 970 3750; x_wconf 88' lang='lat' dir='ltr'><strong>obsecundemus:</strong></span> <span class='ocrx_word' id='word_1_437' title='bbox 1000 3707 1154 3770; x_wconf 91' lang='lat' dir='ltr'><strong>spemque</strong></span> <span class='ocrx_word' id='word_1_438' title='bbox 1178 3685 1265 3766; x_wconf 83' lang='lat' dir='ltr'><strong>facit,</strong></span> <span class='ocrx_word' id='word_1_439' title='bbox 1404 3683 1439 3751; x_wconf 84' lang='lat' dir='ltr'><strong>S.</strong></span> <span class='ocrx_word' id='word_1_440' title='bbox 1473 3683 1610 3750; x_wconf 92' lang='lat' dir='ltr'><strong>Duobus</strong></span> <span class='ocrx_word' id='word_1_441' title='bbox 1648 3685 1756 3751; x_wconf 89' lang='lat' dir='ltr'><strong>verbis</strong></span> <span class='ocrx_word' id='word_1_442' title='bbox 1789 3685 1826 3749; x_wconf 94' lang='lat' dir='ltr'><strong>in</strong></span> <span class='ocrx_word' id='word_1_443' title='bbox 1858 3683 1944 3750; x_wconf 89' lang='lat' dir='ltr'><strong>calce</strong></span> <span class='ocrx_word' id='word_1_444' title='bbox 1975 3685 2149 3752; x_wconf 89' lang='lat' dir='ltr'><strong>literarum</strong></span> <span class='ocrx_word' id='word_1_445' title='bbox 2180 3685 2283 3752; x_wconf 76' lang='lat' dir='ltr'><strong>fratris</strong></span> 
     </span>
    </p>

    <p class='ocr_par' dir='ltr' id='par_1_14' title="bbox 294 3769 2283 3857">
     <span class='ocr_line' id='line_1_43' title="bbox 294 3769 2283 3857; baseline -0.002 -18"><span class='ocrx_word' id='word_1_446' title='bbox 294 3775 350 3840; x_wconf 93' lang='lat' dir='ltr'><strong>ubi</strong></span> <span class='ocrx_word' id='word_1_447' title='bbox 372 3773 445 3857; x_wconf 90' lang='lat' dir='ltr'><strong>plus</strong></span> <span class='ocrx_word' id='word_1_448' title='bbox 466 3773 584 3855; x_wconf 89' lang='lat' dir='ltr'><strong>quietis</strong></span> <span class='ocrx_word' id='word_1_449' title='bbox 606 3772 647 3837; x_wconf 90' lang='lat' dir='ltr'><strong>ab</strong></span> <span class='ocrx_word' id='word_1_450' title='bbox 669 3772 814 3836; x_wconf 89' lang='lat' dir='ltr'><strong>externis</strong></span> <span class='ocrx_word' id='word_1_451' title='bbox 837 3771 984 3837; x_wconf 86' lang='lat' dir='ltr'><strong>hostibus</strong></span> <span class='ocrx_word' id='word_1_452' title='bbox 1011 3772 1083 3851; x_wconf 92' lang='lat' dir='ltr'><strong>erit,</strong></span> <span class='ocrx_word' id='word_1_453' title='bbox 1112 3781 1266 3854; x_wconf 91' lang='lat' dir='ltr'><strong>opportu-</strong></span> <span class='ocrx_word' id='word_1_454' title='bbox 1317 3771 1487 3837; x_wconf 86' lang='lat' dir='ltr'><strong>indicaste</strong></span> <span class='ocrx_word' id='word_1_455' title='bbox 1509 3770 1676 3853; x_wconf 87' lang='lat' dir='ltr'><strong>scripsisse</strong></span> <span class='ocrx_word' id='word_1_456' title='bbox 1698 3769 1740 3834; x_wconf 90' lang='lat' dir='ltr'><strong>ad</strong></span> <span class='ocrx_word' id='word_1_457' title='bbox 1760 3791 1813 3835; x_wconf 90' lang='lat' dir='ltr'><strong>me</strong></span> <span class='ocrx_word' id='word_1_458' title='bbox 1830 3791 1889 3854; x_wconf 93' lang='lat' dir='ltr'><strong>per</strong></span> <span class='ocrx_word' id='word_1_459' title='bbox 1908 3769 2054 3838; x_wconf 74' lang='lat' dir='ltr'><strong>Virdam.</strong></span> <span class='ocrx_word' id='word_1_460' title='bbox 2096 3771 2167 3839; x_wconf 79' lang='lat' dir='ltr'><strong>Sed</strong></span> <span class='ocrx_word' id='word_1_461' title='bbox 2187 3789 2283 3855; x_wconf 85' lang='lat' dir='ltr'><strong>nsque</strong></span> 
     </span>
    </p>

    <p class='ocr_par' dir='ltr' id='par_1_15' title="bbox 293 3855 2283 3941">
     <span class='ocr_line' id='line_1_44' title="bbox 293 3855 2283 3941; baseline -0.003 -16"><span class='ocrx_word' id='word_1_462' title='bbox 293 3861 432 3925; x_wconf 87' lang='lat' dir='ltr'><strong>nitatem</strong></span> <span class='ocrx_word' id='word_1_463' title='bbox 454 3859 521 3923; x_wconf 84' lang='lat' dir='ltr'><strong>fore</strong></span> <span class='ocrx_word' id='word_1_464' title='bbox 543 3867 581 3922; x_wconf 90' lang='lat' dir='ltr'><strong>ut</strong></span> <span class='ocrx_word' id='word_1_465' title='bbox 609 3855 817 3922; x_wconf 90' lang='lat' dir='ltr'><strong>interioribus</strong></span> <span class='ocrx_word' id='word_1_466' title='bbox 845 3857 998 3922; x_wconf 91' lang='lat' dir='ltr'><strong>remediis</strong></span> <span class='ocrx_word' id='word_1_467' title='bbox 1025 3857 1133 3923; x_wconf 90' lang='lat' dir='ltr'><strong>oculos</strong></span> <span class='ocrx_word' id='word_1_468' title='bbox 1159 3857 1266 3922; x_wconf 88' lang='lat' dir='ltr'><strong>intcn·</strong></span> <span class='ocrx_word' id='word_1_469' title='bbox 1319 3878 1361 3922; x_wconf 90' lang='lat' dir='ltr'><strong>ex</strong></span> <span class='ocrx_word' id='word_1_470' title='bbox 1387 3864 1431 3935; x_wconf 90' lang='lat' dir='ltr'><strong>te,</strong></span> <span class='ocrx_word' id='word_1_471' title='bbox 1460 3877 1565 3938; x_wconf 87' lang='lat' dir='ltr'><strong>neque</strong></span> <span class='ocrx_word' id='word_1_472' title='bbox 1592 3877 1634 3920; x_wconf 93' lang='lat' dir='ltr'><strong>ex</strong></span> <span class='ocrx_word' id='word_1_473' title='bbox 1663 3855 1766 3922; x_wconf 73' lang='lat' dir='ltr'><strong>Vireto</strong></span> <span class='ocrx_word' id='word_1_474' title='bbox 1793 3855 1915 3939; x_wconf 89' lang='lat' dir='ltr'><strong>aliquid</strong></span> <span class='ocrx_word' id='word_1_475' title='bbox 1937 3858 2060 3941; x_wconf 91' lang='lat' dir='ltr'><strong>recepi:</strong></span> <span class='ocrx_word' id='word_1_476' title='bbox 2089 3880 2179 3924; x_wconf 91' lang='lat' dir='ltr'><strong>unus</strong></span> <span class='ocrx_word' id='word_1_477' title='bbox 2202 3856 2283 3923; x_wconf 84' lang='lat' dir='ltr'><strong>Zebe-</strong></span> 
     </span>
    </p>

    <p class='ocr_par' dir='ltr' id='par_1_16' title="bbox 297 3939 2283 4028">
     <span class='ocr_line' id='line_1_45' title="bbox 297 3939 2283 4028; baseline -0.002 -20"><span class='ocrx_word' id='word_1_478' title='bbox 297 3944 420 4010; x_wconf 89' lang='lat' dir='ltr'><strong>damus.</strong></span> <span class='ocrx_word' id='word_1_479' title='bbox 468 3941 577 4026; x_wconf 78' lang='lat' dir='ltr'><strong>Cupito</strong></span> <span class='ocrx_word' id='word_1_480' title='bbox 598 3963 688 4008; x_wconf 91' lang='lat' dir='ltr'><strong>nuno</strong></span> <span class='ocrx_word' id='word_1_481' title='bbox 713 3943 822 4007; x_wconf 89' lang='lat' dir='ltr'><strong>Deum</strong></span> <span class='ocrx_word' id='word_1_482' title='bbox 850 3951 883 4007; x_wconf 90' lang='lat' dir='ltr'><strong>et</strong></span> <span class='ocrx_word' id='word_1_483' title='bbox 906 3942 1054 4008; x_wconf 90' lang='lat' dir='ltr'><strong>homines</strong></span> <span class='ocrx_word' id='word_1_484' title='bbox 1075 3943 1265 4021; x_wconf 90' lang='lat' dir='ltr'><strong>obtestatur,</strong></span> <span class='ocrx_word' id='word_1_485' title='bbox 1318 3944 1416 4009; x_wconf 58' lang='lat' dir='ltr'><strong>Meus</strong></span> <span class='ocrx_word' id='word_1_486' title='bbox 1428 3939 1451 4028; x_wconf 83' lang='lat'><strong>¹)</strong></span> <span class='ocrx_word' id='word_1_487' title='bbox 1473 3941 1608 4007; x_wconf 91' lang='lat' dir='ltr'><strong>laetiora</strong></span> <span class='ocrx_word' id='word_1_488' title='bbox 1629 3941 1787 4024; x_wconf 89' lang='lat' dir='ltr'><strong>quaedam</strong></span> <span class='ocrx_word' id='word_1_489' title='bbox 1804 3941 2022 4009; x_wconf 84' lang='lat' dir='ltr'><strong>subindicavit</strong></span> <span class='ocrx_word' id='word_1_490' title='bbox 2039 3943 2080 4008; x_wconf 90' lang='lat' dir='ltr'><strong>de</strong></span> <span class='ocrx_word' id='word_1_491' title='bbox 2099 3943 2283 4010; x_wconf 84' lang='lat' dir='ltr'><strong>concordiae</strong></span> 
     </span>
    </p>

    <p class='ocr_par' dir='ltr' id='par_1_17' title="bbox 294 4027 2282 4112">
     <span class='ocr_line' id='line_1_46' title="bbox 294 4027 2282 4112; baseline -0.001 -18"><span class='ocrx_word' id='word_1_492' title='bbox 294 4029 456 4112; x_wconf 87' lang='lat' dir='ltr'><strong>perditam</strong></span> <span class='ocrx_word' id='word_1_493' title='bbox 482 4051 553 4096; x_wconf 90' lang='lat' dir='ltr'><strong>esse</strong></span> <span class='ocrx_word' id='word_1_494' title='bbox 586 4029 769 4106; x_wconf 88' lang='lat' dir='ltr'><strong>ecclesiam,</strong></span> <span class='ocrx_word' id='word_1_495' title='bbox 803 4029 868 4093; x_wconf 92' lang='lat' dir='ltr'><strong>nisi</strong></span> <span class='ocrx_word' id='word_1_496' title='bbox 900 4037 1028 4093; x_wconf 90' lang='lat' dir='ltr'><strong>mature</strong></span> <span class='ocrx_word' id='word_1_497' title='bbox 1060 4040 1268 4095; x_wconf 88' lang='lat' dir='ltr'><strong>succurratur</strong></span> <span class='ocrx_word' id='word_1_498' title='bbox 1318 4049 1480 4106; x_wconf 90' lang='lat' dir='ltr'><strong>successu,</strong></span> <span class='ocrx_word' id='word_1_499' title='bbox 1498 4035 1536 4092; x_wconf 94' lang='lat' dir='ltr'><strong>ut</strong></span> <span class='ocrx_word' id='word_1_500' title='bbox 1552 4035 1692 4112; x_wconf 81' lang='lat' dir='ltr'><strong>pergant</strong></span> <span class='ocrx_word' id='word_1_501' title='bbox 1708 4027 1825 4092; x_wconf 87' lang='lat' dir='ltr'><strong>fratres</strong></span> <span class='ocrx_word' id='word_1_502' title='bbox 1842 4027 1936 4092; x_wconf 87' lang='lat' dir='ltr'><strong>iuxta</strong></span> <span class='ocrx_word' id='word_1_503' title='bbox 1954 4029 2154 4110; x_wconf 86' lang='lat' dir='ltr'><strong>promissum</strong></span> <span class='ocrx_word' id='word_1_504' title='bbox 2171 4031 2282 4096; x_wconf 91' lang='lat' dir='ltr'><strong>rectius</strong></span> 
     </span>
    </p>

    <p class='ocr_par' dir='ltr' id='par_1_18' title="bbox 295 4113 2281 4216">
     <span class='ocr_line' id='line_1_47' title="bbox 295 4113 2281 4216; baseline 0 -38"><span class='ocrx_word' id='word_1_505' title='bbox 295 4114 487 4180; x_wconf 87' lang='lat' dir='ltr'><strong>robustam</strong></span> <span class='ocrx_word' id='word_1_506' title='bbox 519 4115 664 4180; x_wconf 88' lang='lat' dir='ltr'><strong>afflictis:</strong></span> <span class='ocrx_word' id='word_1_507' title='bbox 696 4135 793 4193; x_wconf 88' lang='lat' dir='ltr'><strong>nuno,</strong></span> <span class='ocrx_word' id='word_1_508' title='bbox 817 4115 894 4197; x_wconf 90' lang='lat' dir='ltr'><strong>quia</strong></span> <span class='ocrx_word' id='word_1_509' title='bbox 924 4115 1105 4197; x_wconf 87' lang='lat' dir='ltr'><strong>profectum</strong></span> <span class='ocrx_word' id='word_1_510' title='bbox 1137 4113 1267 4179; x_wconf 93' lang='lat' dir='ltr'><strong>nullum</strong></span> <span class='ocrx_word' id='word_1_511' title='bbox 1319 4135 1356 4180; x_wconf 89' lang='lat' dir='ltr'><strong>ac</strong></span> <span class='ocrx_word' id='word_1_512' title='bbox 1383 4113 1506 4196; x_wconf 88' lang='lat' dir='ltr'><strong>purius.</strong></span> <span class='ocrx_word' id='word_1_513' title='bbox 1556 4113 1654 4178; x_wconf 88' lang='lat' dir='ltr'><strong>Adsit</strong></span> <span class='ocrx_word' id='word_1_514' title='bbox 1679 4114 1758 4196; x_wconf 93' lang='lat' dir='ltr'><strong>ipsis</strong></span> <span class='ocrx_word' id='word_1_515' title='bbox 1786 4114 1959 4180; x_wconf 92' lang='lat' dir='ltr'><strong>Dominus.</strong></span> <span class='ocrx_word' id='word_1_516' title='bbox 2004 4113 2103 4193; x_wconf 82' lang='lat' dir='ltr'><strong>Sane,</strong></span> <span class='ocrx_word' id='word_1_517' title='bbox 2132 4123 2281 4216; x_wconf 77' lang='lat' dir='ltr'><strong>quantum</strong></span> 
     </span>
    </p>

    <p class='ocr_par' dir='ltr' id='par_1_19' title="bbox 298 4197 2282 4283">
     <span class='ocr_line' id='line_1_48' title="bbox 298 4197 2282 4283; baseline 0 -19"><span class='ocrx_word' id='word_1_518' title='bbox 298 4197 395 4274; x_wconf 91' lang='lat' dir='ltr'><strong>videt,</strong></span> <span class='ocrx_word' id='word_1_519' title='bbox 423 4208 562 4266; x_wconf 88' lang='lat' dir='ltr'><strong>mortem</strong></span> <span class='ocrx_word' id='word_1_520' title='bbox 583 4207 744 4283; x_wconf 89' lang='lat' dir='ltr'><strong>precatur.</strong></span> <span class='ocrx_word' id='word_1_521' title='bbox 790 4201 916 4264; x_wconf 89' lang='lat' dir='ltr'><strong>Verum</strong></span> <span class='ocrx_word' id='word_1_522' title='bbox 945 4201 974 4264; x_wconf 93' lang='lat' dir='ltr'><strong>si</strong></span> <span class='ocrx_word' id='word_1_523' title='bbox 1003 4201 1128 4268; x_wconf 88' lang='lat' dir='ltr'><strong>vocatio</strong></span> <span class='ocrx_word' id='word_1_524' title='bbox 1154 4207 1268 4264; x_wconf 84' lang='lat' dir='ltr'><strong>nostra</strong></span> <span class='ocrx_word' id='word_1_525' title='bbox 1318 4201 1353 4266; x_wconf 93' lang='lat' dir='ltr'><strong>in</strong></span> <span class='ocrx_word' id='word_1_526' title='bbox 1373 4220 1425 4263; x_wconf 93' lang='lat' dir='ltr'><strong>me</strong></span> <span class='ocrx_word' id='word_1_527' title='bbox 1446 4207 1505 4276; x_wconf 91' lang='lat' dir='ltr'><strong>est,</strong></span> <span class='ocrx_word' id='word_1_528' title='bbox 1527 4207 1565 4263; x_wconf 91' lang='lat' dir='ltr'><strong>ut</strong></span> <span class='ocrx_word' id='word_1_529' title='bbox 1585 4199 1732 4281; x_wconf 89' lang='lat' dir='ltr'><strong>ipsorum</strong></span> <span class='ocrx_word' id='word_1_530' title='bbox 1758 4199 1837 4264; x_wconf 86' lang='lat' dir='ltr'><strong>felix</strong></span> <span class='ocrx_word' id='word_1_531' title='bbox 1865 4200 1908 4264; x_wconf 91' lang='lat' dir='ltr'><strong>sit</strong></span> <span class='ocrx_word' id='word_1_532' title='bbox 1935 4221 2049 4266; x_wconf 88' lang='lat' dir='ltr'><strong>cursus</strong></span> <span class='ocrx_word' id='word_1_533' title='bbox 2077 4199 2164 4266; x_wconf 79' lang='lat' dir='ltr'><strong>nihil</strong></span> <span class='ocrx_word' id='word_1_534' title='bbox 2193 4199 2282 4267; x_wconf 84' lang='lat' dir='ltr'><strong>velim</strong></span> 
     </span>
    </p>

    <p class='ocr_par' dir='ltr' id='par_1_20' title="bbox 297 4284 2284 4370">
     <span class='ocr_line' id='line_1_49' title="bbox 297 4284 2284 4370; baseline -0.001 -20"><span class='ocrx_word' id='word_1_535' title='bbox 297 4305 340 4350; x_wconf 90' lang='lat' dir='ltr'><strong>ex</strong></span> <span class='ocrx_word' id='word_1_536' title='bbox 361 4285 503 4350; x_wconf 90' lang='lat' dir='ltr'><strong>Domino</strong></span> <span class='ocrx_word' id='word_1_537' title='bbox 530 4294 589 4364; x_wconf 90' lang='lat' dir='ltr'><strong>est,</strong></span> <span class='ocrx_word' id='word_1_538' title='bbox 619 4293 658 4350; x_wconf 92' lang='lat' dir='ltr'><strong>ut</strong></span> <span class='ocrx_word' id='word_1_539' title='bbox 684 4307 755 4351; x_wconf 89' lang='lat' dir='ltr'><strong>esse</strong></span> <span class='ocrx_word' id='word_1_540' title='bbox 784 4306 850 4350; x_wconf 94' lang='lat' dir='ltr'><strong>non</strong></span> <span class='ocrx_word' id='word_1_541' title='bbox 879 4284 1075 4363; x_wconf 91' lang='lat' dir='ltr'><strong>dubitamus,</strong></span> <span class='ocrx_word' id='word_1_542' title='bbox 1102 4285 1267 4352; x_wconf 90' lang='lat' dir='ltr'><strong>Dominus</strong></span> <span class='ocrx_word' id='word_1_543' title='bbox 1319 4287 1481 4351; x_wconf 88' lang='lat' dir='ltr'><strong>omittere:</strong></span> <span class='ocrx_word' id='word_1_544' title='bbox 1516 4292 1645 4349; x_wconf 89' lang='lat' dir='ltr'><strong>tantum</strong></span> <span class='ocrx_word' id='word_1_545' title='bbox 1676 4285 1838 4351; x_wconf 90' lang='lat' dir='ltr'><strong>indicetur</strong></span> <span class='ocrx_word' id='word_1_546' title='bbox 1870 4285 1899 4350; x_wconf 92' lang='lat' dir='ltr'><strong>si</strong></span> <span class='ocrx_word' id='word_1_547' title='bbox 1932 4306 1998 4367; x_wconf 89' lang='lat' dir='ltr'><strong>qua</strong></span> <span class='ocrx_word' id='word_1_548' title='bbox 2035 4288 2160 4369; x_wconf 92' lang='lat' dir='ltr'><strong>possim</strong></span> <span class='ocrx_word' id='word_1_549' title='bbox 2199 4304 2284 4370; x_wconf 88' lang='lat' dir='ltr'><strong>opem</strong></span> 
     </span>
    </p>

    <p class='ocr_par' dir='ltr' id='par_1_21' title="bbox 296 4367 2285 4456">
     <span class='ocr_line' id='line_1_50' title="bbox 296 4367 2285 4456; baseline 0 -20"><span class='ocrx_word' id='word_1_550' title='bbox 296 4367 472 4446; x_wconf 89' lang='lat' dir='ltr'><strong>benedicet,</strong></span> <span class='ocrx_word' id='word_1_551' title='bbox 494 4379 658 4455; x_wconf 85' lang='lat' dir='ltr'><strong>utcunque</strong></span> <span class='ocrx_word' id='word_1_552' title='bbox 684 4371 794 4437; x_wconf 91' lang='lat' dir='ltr'><strong>omnia</strong></span> <span class='ocrx_word' id='word_1_553' title='bbox 820 4370 1043 4437; x_wconf 86' lang='lat' dir='ltr'><strong>adversentur.</strong></span> <span class='ocrx_word' id='word_1_554' title='bbox 1088 4371 1267 4437; x_wconf 75' lang='lat' dir='ltr'><strong>Tentemus</strong></span> <span class='ocrx_word' id='word_1_555' title='bbox 1318 4373 1411 4436; x_wconf 82' lang='lat' dir='ltr'><strong>forre.</strong></span> <span class='ocrx_word' id='word_1_556' title='bbox 1467 4369 1636 4435; x_wconf 86' lang='lat' dir='ltr'><strong>Hactenus</strong></span> <span class='ocrx_word' id='word_1_557' title='bbox 1669 4391 1735 4435; x_wconf 91' lang='lat' dir='ltr'><strong>non</strong></span> <span class='ocrx_word' id='word_1_558' title='bbox 1770 4371 1862 4454; x_wconf 90' lang='lat' dir='ltr'><strong>potui</strong></span> <span class='ocrx_word' id='word_1_559' title='bbox 1894 4369 1990 4436; x_wconf 91' lang='lat' dir='ltr'><strong>aliter</strong></span> <span class='ocrx_word' id='word_1_560' title='bbox 2021 4375 2161 4452; x_wconf 89' lang='lat' dir='ltr'><strong>sentire,</strong></span> <span class='ocrx_word' id='word_1_561' title='bbox 2195 4390 2285 4456; x_wconf 85' lang='lat' dir='ltr'><strong>quam</strong></span> 
     </span>
    </p>

    <p class='ocr_par' dir='ltr' id='par_1_22' title="bbox 296 4453 2286 4542">
     <span class='ocr_line' id='line_1_51' title="bbox 296 4453 2286 4542; baseline -0.001 -20"><span class='ocrx_word' id='word_1_562' title='bbox 296 4477 375 4542; x_wconf 80' lang='lat' dir='ltr'><strong>ergo</strong></span> <span class='ocrx_word' id='word_1_563' title='bbox 384 4453 528 4519; x_wconf 89' lang='lat' dir='ltr'><strong>remedia</strong></span> <span class='ocrx_word' id='word_1_564' title='bbox 538 4458 664 4522; x_wconf 92' lang='lat' dir='ltr'><strong>omnia:</strong></span> <span class='ocrx_word' id='word_1_565' title='bbox 683 4477 766 4540; x_wconf 87' lang='lat' dir='ltr'><strong>quae</strong></span> <span class='ocrx_word' id='word_1_566' title='bbox 776 4457 803 4522; x_wconf 94' lang='lat' dir='ltr'><strong>si</strong></span> <span class='ocrx_word' id='word_1_567' title='bbox 815 4458 942 4536; x_wconf 91' lang='lat' dir='ltr'><strong>desunt,</strong></span> <span class='ocrx_word' id='word_1_568' title='bbox 962 4477 1137 4542; x_wconf 79' lang='lat' dir='ltr'><strong>pergamus</strong></span> <span class='ocrx_word' id='word_1_569' title='bbox 1154 4466 1266 4522; x_wconf 70' lang='lat' dir='ltr'><strong>tamur</strong></span> <span class='ocrx_word' id='word_1_570' title='bbox 1322 4457 1588 4538; x_wconf 59' lang='lat' dir='ltr'><strong>Tamasenum)</strong></span> <span class='ocrx_word' id='word_1_571' title='bbox 1626 4475 1687 4538; x_wconf 92' lang='lat' dir='ltr'><strong>pro</strong></span> <span class='ocrx_word' id='word_1_572' title='bbox 1721 4455 1847 4522; x_wconf 89' lang='lat' dir='ltr'><strong>viribus</strong></span> <span class='ocrx_word' id='word_1_573' title='bbox 1879 4455 2041 4523; x_wconf 88' lang='lat' dir='ltr'><strong>laborasse</strong></span> <span class='ocrx_word' id='word_1_574' title='bbox 2073 4459 2110 4522; x_wconf 91' lang='lat' dir='ltr'><strong>in</strong></span> <span class='ocrx_word' id='word_1_575' title='bbox 2143 4459 2286 4524; x_wconf 91' lang='lat' dir='ltr'><strong>omnibus</strong></span> 
     </span>
    </p>

    <p class='ocr_par' dir='ltr' id='par_1_23' title="bbox 296 4539 2286 4710">
     <span class='ocr_line' id='line_1_52' title="bbox 296 4539 2286 4626; baseline 0.001 -19"><span class='ocrx_word' id='word_1_576' title='bbox 296 4543 339 4608; x_wconf 92' lang='lat' dir='ltr'><strong>ad</strong></span> <span class='ocrx_word' id='word_1_577' title='bbox 360 4539 513 4607; x_wconf 91' lang='lat' dir='ltr'><strong>ultimum</strong></span> <span class='ocrx_word' id='word_1_578' title='bbox 534 4562 636 4624; x_wconf 89' lang='lat' dir='ltr'><strong>usque</strong></span> <span class='ocrx_word' id='word_1_579' title='bbox 659 4543 819 4626; x_wconf 91' lang='lat' dir='ltr'><strong>spiritum.</strong></span> <span class='ocrx_word' id='word_1_580' title='bbox 1317 4541 1521 4609; x_wconf 84' lang='lat' dir='ltr'><strong>evertendis:</strong></span> <span class='ocrx_word' id='word_1_581' title='bbox 1541 4561 1628 4606; x_wconf 93' lang='lat' dir='ltr'><strong>nunc</strong></span> <span class='ocrx_word' id='word_1_582' title='bbox 1644 4541 1741 4608; x_wconf 89' lang='lat' dir='ltr'><strong>audio</strong></span> <span class='ocrx_word' id='word_1_583' title='bbox 1754 4541 1933 4608; x_wconf 66' lang='lat' dir='ltr'><strong>Sodomam</strong></span> <span class='ocrx_word' id='word_1_584' title='bbox 1949 4542 2023 4608; x_wconf 88' lang='lat' dir='ltr'><strong>aliis</strong></span> <span class='ocrx_word' id='word_1_585' title='bbox 2040 4543 2166 4609; x_wconf 83' lang='lat' dir='ltr'><strong>artibus</strong></span> <span class='ocrx_word' id='word_1_586' title='bbox 2184 4541 2286 4610; x_wconf 88' lang='lat' dir='ltr'><strong>conari</strong></span> 
     </span>
     <span class='ocr_line' id='line_1_53' title="bbox 383 4625 2286 4710; baseline 0 -20"><span class='ocrx_word' id='word_1_587' title='bbox 383 4625 495 4708; x_wconf 77' lang='lat' dir='ltr'><strong>Quum</strong></span> <span class='ocrx_word' id='word_1_588' title='bbox 516 4633 549 4689; x_wconf 89' lang='lat' dir='ltr'><strong>te</strong></span> <span class='ocrx_word' id='word_1_589' title='bbox 575 4626 670 4692; x_wconf 90' lang='lat' dir='ltr'><strong>video</strong></span> <span class='ocrx_word' id='word_1_590' title='bbox 698 4629 745 4692; x_wconf 90' lang='lat' dir='ltr'><strong>sic</strong></span> <span class='ocrx_word' id='word_1_591' title='bbox 773 4628 932 4707; x_wconf 88' lang='lat' dir='ltr'><strong>afflictari,</strong></span> <span class='ocrx_word' id='word_1_592' title='bbox 961 4627 1127 4694; x_wconf 90' lang='lat' dir='ltr'><strong>interdum</strong></span> <span class='ocrx_word' id='word_1_593' title='bbox 1154 4625 1267 4695; x_wconf 87' lang='lat' dir='ltr'><strong>adesse</strong></span> <span class='ocrx_word' id='word_1_594' title='bbox 1318 4649 1450 4695; x_wconf 88' lang='lat' dir='ltr'><strong>cursum</strong></span> <span class='ocrx_word' id='word_1_595' title='bbox 1467 4625 1625 4709; x_wconf 90' lang='lat' dir='ltr'><strong>impedire</strong></span> <span class='ocrx_word' id='word_1_596' title='bbox 1641 4628 1743 4693; x_wconf 89' lang='lat' dir='ltr'><strong>verbi.</strong></span> <span class='ocrx_word' id='word_1_597' title='bbox 1776 4627 1842 4693; x_wconf 91' lang='lat' dir='ltr'><strong>Hic</strong></span> <span class='ocrx_word' id='word_1_598' title='bbox 1859 4628 1944 4694; x_wconf 90' lang='lat' dir='ltr'><strong>serio</strong></span> <span class='ocrx_word' id='word_1_599' title='bbox 1961 4629 2215 4695; x_wconf 87' lang='lat' dir='ltr'><strong>occurrendum:</strong></span> <span class='ocrx_word' id='word_1_600' title='bbox 2237 4627 2286 4710; x_wconf 90' lang='lat' dir='ltr'><strong>qui</strong></span> 
     </span>
    </p>

    <p class='ocr_par' dir='ltr' id='par_1_24' title="bbox 297 4711 2286 4798">
     <span class='ocr_line' id='line_1_54' title="bbox 297 4711 2286 4798; baseline -0.003 -18"><span class='ocrx_word' id='word_1_601' title='bbox 297 4715 407 4798; x_wconf 90' lang='lat' dir='ltr'><strong>cupio,</strong></span> <span class='ocrx_word' id='word_1_602' title='bbox 434 4719 472 4776; x_wconf 91' lang='lat' dir='ltr'><strong>ut</strong></span> <span class='ocrx_word' id='word_1_603' title='bbox 499 4711 650 4776; x_wconf 92' lang='lat' dir='ltr'><strong>nonnihil</strong></span> <span class='ocrx_word' id='word_1_604' title='bbox 679 4714 783 4779; x_wconf 90' lang='lat' dir='ltr'><strong>solatii</strong></span> <span class='ocrx_word' id='word_1_605' title='bbox 812 4715 954 4779; x_wconf 85' lang='lat' dir='ltr'><strong>afferam.</strong></span> <span class='ocrx_word' id='word_1_606' title='bbox 1008 4715 1155 4781; x_wconf 89' lang='lat' dir='ltr'><strong>Rursum</strong></span> <span class='ocrx_word' id='word_1_607' title='bbox 1188 4714 1267 4780; x_wconf 92' lang='lat' dir='ltr'><strong>dum</strong></span> <span class='ocrx_word' id='word_1_608' title='bbox 1318 4713 1491 4780; x_wconf 83' lang='lat' dir='ltr'><strong>viciniores</strong></span> <span class='ocrx_word' id='word_1_609' title='bbox 1513 4711 1687 4778; x_wconf 78' lang='lat' dir='ltr'><strong>esttecum</strong></span> <span class='ocrx_word' id='word_1_610' title='bbox 1704 4713 1859 4779; x_wconf 87' lang='lat' dir='ltr'><strong>iratribus</strong></span> <span class='ocrx_word' id='word_1_611' title='bbox 1877 4715 1964 4798; x_wconf 85' lang='lat' dir='ltr'><strong>agite</strong></span> <span class='ocrx_word' id='word_1_612' title='bbox 1981 4735 2019 4780; x_wconf 88' lang='lat' dir='ltr'><strong>ac</strong></span> <span class='ocrx_word' id='word_1_613' title='bbox 2036 4725 2074 4779; x_wconf 93' lang='lat' dir='ltr'><strong>ut</strong></span> <span class='ocrx_word' id='word_1_614' title='bbox 2091 4721 2286 4788; x_wconf 89' lang='lat' dir='ltr'><strong>occurratur,</strong></span> 
     </span>
    </p>

    <p class='ocr_par' dir='ltr' id='par_1_25' title="bbox 297 4796 2287 4884">
     <span class='ocr_line' id='line_1_55' title="bbox 297 4796 2287 4884; baseline -0.001 -17"><span class='ocrx_word' id='word_1_615' title='bbox 297 4799 458 4867; x_wconf 90' lang='lat' dir='ltr'><strong>succurrit</strong></span> <span class='ocrx_word' id='word_1_616' title='bbox 480 4796 563 4862; x_wconf 91' lang='lat' dir='ltr'><strong>nihil</strong></span> <span class='ocrx_word' id='word_1_617' title='bbox 585 4817 637 4860; x_wconf 89' lang='lat' dir='ltr'><strong>ms</strong></span> <span class='ocrx_word' id='word_1_618' title='bbox 658 4798 716 4863; x_wconf 90' lang='lat' dir='ltr'><strong>tibi</strong></span> <span class='ocrx_word' id='word_1_619' title='bbox 737 4801 854 4865; x_wconf 88' lang='lat' dir='ltr'><strong>afferre</strong></span> <span class='ocrx_word' id='word_1_620' title='bbox 875 4820 979 4884; x_wconf 91' lang='lat' dir='ltr'><strong>posse,</strong></span> <span class='ocrx_word' id='word_1_621' title='bbox 1007 4800 1072 4866; x_wconf 91' lang='lat' dir='ltr'><strong>nisi</strong></span> <span class='ocrx_word' id='word_1_622' title='bbox 1095 4801 1268 4867; x_wconf 87' lang='lat' dir='ltr'><strong>materiam</strong></span> <span class='ocrx_word' id='word_1_623' title='bbox 1319 4800 1464 4884; x_wconf 82' lang='lat' dir='ltr'><strong>satagito.</strong></span> <span class='ocrx_word' id='word_1_624' title='bbox 1507 4797 1594 4862; x_wconf 84' lang='lat' dir='ltr'><strong>Mihi</strong></span> <span class='ocrx_word' id='word_1_625' title='bbox 1615 4797 1703 4864; x_wconf 87' lang='lat' dir='ltr'><strong>dolet</strong></span> <span class='ocrx_word' id='word_1_626' title='bbox 1723 4818 1791 4863; x_wconf 91' lang='lat' dir='ltr'><strong>non</strong></span> <span class='ocrx_word' id='word_1_627' title='bbox 1812 4819 1939 4882; x_wconf 88' lang='lat' dir='ltr'><strong>parum,</strong></span> <span class='ocrx_word' id='word_1_628' title='bbox 1963 4801 2048 4884; x_wconf 91' lang='lat' dir='ltr'><strong>qnod</strong></span> <span class='ocrx_word' id='word_1_629' title='bbox 2068 4821 2129 4884; x_wconf 89' lang='lat' dir='ltr'><strong>per</strong></span> <span class='ocrx_word' id='word_1_630' title='bbox 2154 4801 2287 4866; x_wconf 68' lang='lat' dir='ltr'><strong>Vtram</strong></span> 
     </span>
    </p>
   </div>
   <div class='ocr_carea' id='block_1_8' title="bbox 300 4956 501 4966">
    <p class='ocr_par' dir='ltr' id='par_1_26' title="bbox 300 4956 501 4966">
     <span class='ocr_line' id='line_1_56' title="bbox 300 4956 501 4966; baseline 0.01 -2"><span class='ocrx_word' id='word_1_631' title='bbox 300 4956 501 4966; x_wconf 73' lang='lat' dir='ltr'><em>-——-—-e——-·</em></span> 
     </span>
    </p>
   </div>
   <div class='ocr_carea' id='block_1_9' title="bbox 296 4967 2286 5317">
    <p class='ocr_par' dir='ltr' id='par_1_27' title="bbox 296 4967 2286 5317">
     <span class='ocr_line' id='line_1_57' title="bbox 400 4967 2243 5116; baseline 0.001 -27"><span class='ocrx_word' id='word_1_632' title='bbox 400 5037 430 5102; x_wconf 82' lang='grc'><strong>3)</strong></span> <span class='ocrx_word' id='word_1_633' title='bbox 450 5037 544 5106; x_wconf 74' lang='lat' dir='ltr'><strong>Neque</strong></span> <span class='ocrx_word' id='word_1_634' title='bbox 558 5038 655 5116; x_wconf 78' lang='lat' dir='ltr'><strong>postca</strong></span> <span class='ocrx_word' id='word_1_635' title='bbox 669 5031 733 5100; x_wconf 70' lang='lat' dir='ltr'><strong>fuit,</strong></span> <span class='ocrx_word' id='word_1_636' title='bbox 751 5053 832 5104; x_wconf 75' lang='lat' dir='ltr'><strong>qaam</strong></span> <span class='ocrx_word' id='word_1_637' title='bbox 850 5039 919 5092; x_wconf 79' lang='lat' dir='ltr'><strong>satie</strong></span> <span class='ocrx_word' id='word_1_638' title='bbox 940 5039 1067 5094; x_wconf 65' lang='lat' dir='ltr'><strong>tobweot</strong></span> <span class='ocrx_word' id='word_1_639' title='bbox 1087 5056 1137 5110; x_wconf 82' lang='lat' dir='ltr'><strong>per</strong></span> <span class='ocrx_word' id='word_1_640' title='bbox 1162 5041 1268 5096; x_wconf 73' lang='lat' dir='ltr'><strong>Melan-</strong></span> <span class='ocrx_word' id='word_1_641' title='bbox 1338 5037 1402 5098; x_wconf 74' lang='grc'><strong>165.</strong></span> <span class='ocrx_word' id='word_1_642' title='bbox 1419 4967 1451 5102; x_wconf 60' lang='lat' dir='ltr'><strong>M</strong></span> <span class='ocrx_word' id='word_1_643' title='bbox 1468 4968 1623 5108; x_wconf 49' lang='lat' dir='ltr'><strong>{ismaelo</strong></span> <span class='ocrx_word' id='word_1_644' title='bbox 1635 4967 1699 5107; x_wconf 46' lang='grc' dir='ltr'><strong>ἷξε</strong></span> <span class='ocrx_word' id='word_1_645' title='bbox 1713 4967 2127 5108; x_wconf 50' lang='lat' dir='ltr'><strong>dfflffldbrbmaedodcse</strong></span> <span class='ocrx_word' id='word_1_646' title='bbox 2143 5040 2243 5095; x_wconf 70' lang='lat' dir='ltr'><strong>macc.</strong></span> 
     </span>
     <span class='ocr_line' id='line_1_58' title="bbox 299 5099 2237 5187; baseline 0.003 -29"><span class='ocrx_word' id='word_1_647' title='bbox 299 5104 404 5158; x_wconf 74' lang='lat' dir='ltr'><strong>tironem</strong></span> <span class='ocrx_word' id='word_1_648' title='bbox 422 5107 517 5187; x_wconf 62' lang='lat' dir='ltr'><strong>iceras</strong></span> <span class='ocrx_word' id='word_1_649' title='bbox 534 5109 645 5158; x_wconf 72' lang='lat' dir='ltr'><strong>murae.</strong></span> <span class='ocrx_word' id='word_1_650' title='bbox 681 5099 800 5180; x_wconf 69' lang='lat' dir='ltr'><strong>(Corpus</strong></span> <span class='ocrx_word' id='word_1_651' title='bbox 819 5103 882 5186; x_wconf 65' lang='lat' dir='ltr'><strong>lies.</strong></span> <span class='ocrx_word' id='word_1_652' title='bbox 900 5105 949 5186; x_wconf 62' lang='lat'>1115</span> <span class='ocrx_word' id='word_1_653' title='bbox 965 5105 1038 5173; x_wconf 80' lang='lat'><strong>695.)</strong></span> <span class='ocrx_word' id='word_1_654' title='bbox 1422 5106 1452 5174; x_wconf 80' lang='lat'><strong>2)</strong></span> <span class='ocrx_word' id='word_1_655' title='bbox 1473 5105 1554 5161; x_wconf 72' lang='grc' dir='ltr'><em>θανά.</em></span> <span class='ocrx_word' id='word_1_656' title='bbox 1574 5107 1607 5161; x_wconf 82' lang='lat' dir='ltr'><strong>dc</strong></span> <span class='ocrx_word' id='word_1_657' title='bbox 1624 5107 1752 5160; x_wconf 76' lang='lat' dir='ltr'><strong>Tarraca</strong></span> <span class='ocrx_word' id='word_1_658' title='bbox 1768 5123 1821 5177; x_wconf 75' lang='lat' dir='ltr'><strong>quo</strong></span> <span class='ocrx_word' id='word_1_659' title='bbox 1835 5107 1963 5176; x_wconf 57' lang='lat' dir='ltr'><strong>posside</strong></span> <span class='ocrx_word' id='word_1_660' title='bbox 1978 5113 2036 5162; x_wconf 80' lang='lat' dir='ltr'><strong>tara</strong></span> <span class='ocrx_word' id='word_1_661' title='bbox 2044 5109 2182 5178; x_wconf 65' lang='lat' dir='ltr'><strong>uacans·</strong></span> <span class='ocrx_word' id='word_1_662' title='bbox 2232 5109 2237 5120; x_wconf 93' lang='lat'>&#39;</span> 
     </span>
     <span class='ocr_line' id='line_1_59' title="bbox 370 5169 2173 5258; baseline 0.004 -34"><span class='ocrx_word' id='word_1_663' title='bbox 370 5239 377 5252; x_wconf 44' lang='lat'><strong>·</strong></span> <span class='ocrx_word' id='word_1_664' title='bbox 402 5175 432 5238; x_wconf 83' lang='lat' dir='ltr'><strong>l)</strong></span> <span class='ocrx_word' id='word_1_665' title='bbox 452 5173 482 5226; x_wconf 80' lang='grc' dir='ltr'><em>Ε</em></span> <span class='ocrx_word' id='word_1_666' title='bbox 551 5173 580 5226; x_wconf 87' lang='lat' dir='ltr'><strong>lo</strong></span> <span class='ocrx_word' id='word_1_667' title='bbox 597 5169 748 5240; x_wconf 69' lang='lat' dir='ltr'><strong>deperdas.</strong></span> <span class='ocrx_word' id='word_1_668' title='bbox 780 5173 1098 5243; x_wconf 77' lang='lat' dir='ltr'><strong>Ptclsppasapeeiaeur&#39;e</strong></span> <span class='ocrx_word' id='word_1_669' title='bbox 1114 5193 1148 5230; x_wconf 83' lang='lat' dir='ltr'><strong>er</strong></span> <span class='ocrx_word' id='word_1_670' title='bbox 1161 5177 1269 5232; x_wconf 77' lang='lat' dir='ltr'><strong>Franc-</strong></span> <span class='ocrx_word' id='word_1_671' title='bbox 1318 5191 1426 5244; x_wconf 73' lang='lat' dir='ltr'><strong>parem,</strong></span> <span class='ocrx_word' id='word_1_672' title='bbox 1440 5175 1750 5258; x_wconf 73' lang='lat' dir='ltr'><strong>iampaoedodoletae,</strong></span> <span class='ocrx_word' id='word_1_673' title='bbox 1763 5177 1967 5231; x_wconf 71' lang='lat' dir='ltr'><strong>medietatam</strong></span> <span class='ocrx_word' id='word_1_674' title='bbox 1976 5177 2173 5232; x_wconf 59' lang='lat' dir='ltr'><strong>heccardo</strong></span> 
     </span>
     <span class='ocr_line' id='line_1_60' title="bbox 296 5236 2286 5317; baseline 0.003 -24"><span class='ocrx_word' id='word_1_675' title='bbox 296 5236 393 5304; x_wconf 76' lang='lat' dir='ltr'><strong>sordre</strong></span> <span class='ocrx_word' id='word_1_676' title='bbox 409 5241 442 5295; x_wconf 80' lang='lat' dir='ltr'><strong>de</strong></span> <span class='ocrx_word' id='word_1_677' title='bbox 483 5247 583 5315; x_wconf 65' lang='lat' dir='ltr'><strong>.3ocet.</strong></span> <span class='ocrx_word' id='word_1_678' title='bbox 1320 5243 1774 5313; x_wconf 71' lang='lat' dir='ltr'><strong>adeacrapontaficraretrabeudo.</strong></span> <span class='ocrx_word' id='word_1_679' title='bbox 1793 5243 2043 5314; x_wconf 60' lang='lat' dir='ltr'><strong>Kommenases.</strong></span> <span class='ocrx_word' id='word_1_680' title='bbox 2073 5242 2286 5317; x_wconf 61' lang='lat' dir='ltr'><strong>Gaberelpfflt.</strong></span> 
     </span>
    </p>
   </div>
   <div class='ocr_carea' id='block_1_10' title="bbox 0 0 2442 6020">
    <p class='ocr_par' dir='ltr' id='par_1_28' title="bbox 0 0 2442 6020">
     <span class='ocr_line' id='line_1_61' title="bbox 0 0 2442 6020; baseline 0 0"><span class='ocrx_word' id='word_1_681' title='bbox 0 0 2442 6020; x_wconf 95' lang='lat' dir='ltr'><strong> </strong></span> 
     </span>
    </p>
   </div>
  </div>
 </body>
</html>
