4804 6012
128 343 187 406 222
1015 343 1246 414 22222222.
1273 419 1278 430 ,
2070 352 2134 418 222

132 531 295 616 2222212
315 532 529 617 approbatum
553 555 639 613 2222,
668 541 844 619 antequam
873 534 908 599 in
930 533 1106 600 ministerii
1158 557 1247 613 mus,
1278 542 1377 620 atque
1398 535 1467 603 illio
1487 535 1605 621 pedem
1627 537 1776 622 ligamus.
1820 537 1923 622 Atqui
1945 537 2028 604 1222
2046 537 2134 604 1211-

129 619 369 702 possessionem
387 621 548 685 mittatur.
599 617 695 702 Quod
718 621 745 685 21
772 619 846 703 2212
869 641 904 686 se
924 621 1032 704 ipsum
1054 621 1106 684 in·
1158 619 1309 704 candum,
1331 620 1386 687 211
1408 623 1532 689 malum
1554 644 1622 688 non
1644 631 1790 707 apparet.
1835 622 1996 703 Ocnoedo,
2014 623 2071 690 ubi
2092 624 2134 692 12

130 703 236 768 122111
258 704 323 770 alia
345 706 407 784 via,
430 706 485 772 ubi
506 707 542 771 in
562 706 698 772 ecclesia
718 705 798 772 ordo
819 706 887 772 iam
909 707 1106 772 constitutus
1158 707 1265 792 aliquo
1287 730 1347 792 pro
1367 710 1470 774 fratre
1495 709 1701 792 agnoscendo
1729 709 1854 793 agitur:
1888 709 1947 777 sed
1967 731 2070 794 quum
2092 708 2134 777 da

130 797 191 869 est,
220 789 370 875 legitima
396 792 566 858 vocatione
595 791 794 858 destituitur.
846 793 900 858 Ex
930 811 968 857 22
994 799 1106 856 tamen
1156 792 1356 860 instituendo
1378 803 1508 878 pastore
1529 795 1653 879 agitur,
1683 794 1781 878 longe
1807 793 1897 860 aliud
1919 818 2058 863 examen
2080 818 2133 862 re·

129 895 214 960 nego
237 877 343 960 22221,
365 877 525 962 populum
547 877 697 944 electioni
720 877 771 943 sui
793 879 933 962 pastoris
955 899 1106 962 praeesse
1157 879 1309 962 quiritur.
1342 880 1475 946 Interea
1489 902 1569 946 vero
1586 880 1752 946 2221212112
1770 880 1878 947 222112
1896 881 2132 965 praeiudicium

129 959 255 1028 debere.
301 964 457 1028 Testatur
474 965 645 1048 scriptura,
667 965 835 1030 institutos
853 965 955 1030 fuisse
973 985 1032 1046 per
1048 983 1104 1046 op·
1158 965 1309 1050 cuiquam
1331 967 1404 1031 fieri
1424 966 1535 1044 nolim,
1558 987 1659 1050 quum
1680 967 1736 1050 qui
1758 967 1802 1032 sit
1823 967 1917 1034 nobis
1933 969 2133 1053 incognitus,

129 1046 204 1130 pida
227 1069 266 1115 22
288 1048 378 1115 21222
400 1048 440 1113 21
462 1050 618 1134 apostolis
635 1058 782 1133 22212222
799 1071 874 1117 cum
895 1049 1006 1134 populi
1029 1071 1106 1116 con·
1158 1072 1195 1116 22
1218 1049 1359 1118 12122122
1380 1073 1447 1117 222
1469 1052 1570 1118 sitin
1592 1073 1672 1118 2222.
1707 1053 1851 1118 Tantum
1873 1053 1937 1120 hoc
1954 1052 2074 1120 damno
2095 1062 2134 1118 21

131 1153 229 1200 sensu
261 1136 504 1220 (21211124).
554 1134 624 1202 Sed
651 1135 744 1200 illinc
770 1141 899 1202 constat
927 1135 1105 1219 praefuisse
1157 1136 1305 1203 levitatis
1326 1147 1358 1204 21
1380 1137 1576 1204 temeritatis
1593 1138 1743 1222 plenum,
1770 1138 1856 1222 quod
1879 1161 1917 1205 eo
1939 1139 2009 1206 1222
2038 1146 2073 1206 21
2089 1139 2133 1206 21

131 1219 302 1303 12222222
327 1219 504 1305 prudentia
531 1229 564 1288 21
590 1222 765 1288 autoritate
793 1228 886 1288 12212
907 1222 1046 1306 negotio,
1068 1228 1107 1286 ut
1157 1223 1224 1288 tale
1244 1244 1368 1289 munus
1395 1224 1563 1290 hominem
1584 1223 1739 1290 adhibere
1759 1223 1927 1304 audemus,
1950 1245 2045 1308 quem
2068 1225 2130 1290 mi-

129 1305 289 1390 populum
311 1306 455 1390 regendo
476 1309 588 1373 omnia
609 1307 763 1374 decenter
790 1308 908 1374 fierent
929 1319 962 1371 et
984 1306 1106 1390 absque
1157 1331 1220 1374 nus
1236 1307 1352 1375 idoneo
1373 1311 1627 1394 exploravimus,
1648 1317 1686 1375 21
1701 1309 1886 1396 legitimum
1906 1311 1947 1376 de
1963 1311 2020 1376 illo
2036 1311 2131 1378 tasti-
2181 1356 2184 1365 -

128 1392 283 1458 tumultu.
338 1393 457 1477 Viguit
484 1415 580 1478 porro
612 1391 725 1460 221222
760 1393 874 1477 politia
905 1393 941 1458 in
970 1393 1107 1460 ccclesia
1157 1397 1311 1460 monium·
1332 1395 1515 1480 praecedat.
1571 1393 1744 1480 Scriptura
1771 1397 1857 1462 enim
1891 1398 1938 1462 ita
1967 1405 2132 1481 pastorem

131 1478 326 1559 christiana,
358 1479 514 1562 quamdiu
543 1477 1105 1546 2211212211221112221222222-
1156 1481 1294 1565 probum
1322 1503 1392 1548 2222
1419 1481 1508 1561 2211,
1538 1488 1576 1546 21
1604 1491 1637 1546 21
1663 1481 1761 1548 talem
1792 1482 1925 1568 agnosci
1951 1481 2130 1567 haberique

130 1565 263 1632 mansit.
307 1563 418 1647 Quare
447 1566 475 1631 si
504 1566 567 1630 hoc
593 1567 645 1631 ius
670 1563 809 1632 221122
871 1565 965 1666 gatis,
988 1573 1106 1648 21222
1156 1567 1365 1650 praescribat
1408 1568 1589 1634 Enimvero
1611 1569 1639 1633 si
1661 1569 1790 1651 221222
1812 1568 1988 1654 ipsumita
2007 1567 2132 1634 1222211

130 1649 265 1717 22111212
286 1651 451 1718 2221222112
473 1651 566 1718 22112
587 1657 744 1734 pastores,
766 1651 829 1718 hoc
846 1651 931 1716 22111
950 1650 1038 1718 21121
1056 1657 1107 1716 221
1157 1663 1207 1718 121
1228 1661 1326 1737 21222
1347 1654 1487 1738 ingerat,
1510 1653 1632 1720 211212
1653 1675 1673 1718 2
1693 1655 1787 1720 22112
1808 1653 1963 1722 12122122
1984 1661 2043 1734 221,
2063 1653 2132 1720 iam

129 1757 227 1820 quam
251 1736 399 1804 ordinem
421 1738 525 1803 aDeo
546 1738 688 1820 positum
711 1759 786 1803 cum
807 1737 980 1803 honestate
1002 1735 1106 1803 chris-
1156 1739 1226 1822 ipso
1248 1739 1435 1805 ambitionis
1457 1748 1570 1804 not-am
1592 1738 1654 1805 sibi
1675 1738 1810 1820 inussit,
1839 1749 1877 1806 21
1898 1741 2131 1824 noninquira·

129 1825 216 1888 tiana
238 1821 433 1889 convellere.
478 1822 616 1890 Accedit
632 1823 773 1888 alterum
791 1822 925 1902 malum,
948 1822 1035 1908 quod
1056 1830 1105 1888 te-
1156 1831 1212 1890 tur
1234 1825 1380 1892 21122122.
1430 1826 1504 1910 Ego
1526 1847 1605 1891 2222
1631 1825 1745 1890 malim
1765 1847 1913 1910 pugnum
1935 1825 2018 1892 mibi
2038 1845 2131 1909 prae-

128 1909 288 1976 merariae
309 1908 385 1974 illae
406 1911 618 1988 mutationes,
646 1917 680 1974 21
704 1919 882 1993 perpetuae
903 1909 1105 1987 novationes,
1156 1911 1229 1990 cidi,
1253 1932 1352 1995 quam
1374 1912 1460 1977 ferre
1481 1912 2051 1991 2122122221122212122221112222,
2073 1919 2132 1978 221

129 2015 192 2060 222
220 2004 363 2079 possunt
387 2016 454 2060 non
483 1994 701 2060 certissimum
729 1995 912 2079 periculum
939 2002 973 2060 et
1001 1993 1104 2078 22221-
1154 1996 1362 2064 intromissus
1384 2017 1519 2065 coenam
1541 1997 1777 2077 ministrarem,
1807 1998 1857 2062 211
1879 2019 1958 2082 erga
1979 1999 2129 2080 ipsuma

128 2102 213 2146 mam
238 2079 377 2147 caudam
398 2101 509 2148 secum
531 2080 679 2146 trahere:
703 2101 741 2146 ac
762 2081 882 2147 vitium
903 2080 984 2146 illud
1006 2081 1104 2164 plane
1155 2081 1248 2149 vobis
1283 2082 1346 2149 hac
1377 2083 1411 2148 in
1438 2104 1562 2168 repar
1589 2083 1767 2150 tumultum
1794 2090 1888 2168 gesta
1909 2089 1989 2150 sunt
2009 2084 2129 2149 omnia.

128 2165 353 2232 damnandnm
374 2174 433 2233 221.
479 2165 556 2233 8212
573 2175 692 2232 natura
713 2165 775 2233 hoo
793 2167 914 2250 quaeri,
936 2167 1014 2250 quia
1032 2166 1103 2250 pla·
1155 2168 1252 2234 rand
1275 2170 1433 2236 momenti
1455 2179 1505 2234 est
1525 2167 1581 2234 vel
1602 2189 1706 2234 unum
1731 2169 1929 2252 exemplum.
1979 2168 2131 2234 Pertinet

129 2261 210 2318 caat:
241 2251 301 2318 sed
322 2260 414 2318 tanto
434 2251 616 2318 consultius
637 2261 688 2318 221
708 2253 803 2318 illum
825 2254 973 2320 nativum
995 2253 1103 2336 22221-
1154 2256 1287 2320 omnino
1314 2255 1355 2320 ad
1383 2255 1525 2340 pastoris
1554 2255 1623 2320 veri
1650 2275 1773 2320 munus
1801 2255 1904 2321 Musis
1931 2255 2129 2338 exemplum,

128 2345 197 2403 tum
214 2337 321 2404 semel
338 2339 537 2405 exstinctum
556 2359 636 2404 esse.
669 2338 743 2406 Hoc
764 2361 842 2404 vero
862 2360 963 2422 quum
980 2340 1016 2404 in
1033 2337 1103 2404 vita
1154 2361 1256 2424 quum
1278 2341 1443 2406 neminem
1465 2363 1506 2407 ex
1528 2341 1666 2406 Domini
1692 2340 1811 2425 populo
1839 2361 1906 2406 non
1933 2340 2129 2424 prophetam

126 2424 274 2490 hnmana
294 2437 487 2508 perpetuum
508 2445 606 2490 usum
628 2423 757 2503 habeat,
780 2433 850 2490 tum
872 2425 908 2490 in
930 2425 1103 2508 primissa
1154 2446 1225 2492 2222
1247 2435 1375 2510 2212221
1396 2427 1511 2511 (Num.
1535 2433 1583 2505 ll,
1602 2425 1668 2513 29).
1701 2429 1891 2512 Agnoscere
1910 2427 2009 2492 etiam
2031 2447 2126 2510 opor·

126 2511 159 2576 in
177 2533 213 2576 22
237 2531 304 2594 222
325 2509 366 2576 12
387 2511 506 2595 agitur.
540 2510 598 2574 Fit
619 2511 706 2576 enim
728 2509 873 2577 Satanae
895 2511 1041 2590 artificio,
1064 2517 1103 2574 21
1153 2519 1215 2592 121,
1244 2511 1387 2598 adeoque
1415 2513 1521 2580 locum
1550 2510 1666 2580 cedere
1695 2519 1856 2596 quantum
1878 2519 1929 2578 est
1955 2512 1990 2578 in
2018 2513 2123 2592 nobis,

127 2596 164 2663 de
185 2596 240 2662 die
263 2596 299 2661 in
321 2595 408 2662 diem
430 2596 530 2662 huius
552 2603 587 2662 et
606 2595 696 2662 illius
715 2599 857 2682 pastoris
873 2597 1019 2663 taedium
1041 2615 1101 2661 nos
1151 2597 1233 2678 illis,
1263 2599 1318 2682 qui
1342 2599 1428 2665 dona
1453 2598 1512 2664 illa
1536 2605 1734 2682 acceperunt
1759 2618 1781 2663 a
1801 2597 1945 2664 Domino
1973 2618 2056 2682 2222
2083 2597 2125 2664 ad

127 2681 300 2766 corripiat,
328 2689 367 2748 21
389 2681 521 2748 tandem
549 2703 646 2766 sapor
673 2689 707 2748 21
728 2690 843 2768 gustus
865 2683 957 2749 verbi
980 2681 1043 2748 Doi
1065 2682 1100 2746 in
1151 2683 1321 2751 ecclesiam
1343 2685 1578 2752 aedificandam
1599 2686 1781 2752 conferant:
1810 2683 1896 2768 quod
1918 2682 1960 2750 ad
1987 2685 2126 2750 12212222

124 2769 217 2836 22112
235 2775 426 2835 evanescat:
443 2789 610 2852 quumque
628 2769 776 2852 appetitu
792 2769 916 2835 incerto
934 2775 968 2835 et
983 2769 1100 2834 immo·
1152 2778 1301 2836 nostrum
1329 2778 1475 2855 spectare
1502 2792 1570 2837 non
1596 2771 1724 2850 dubito,
1756 2770 1807 2836 uti
1833 2778 1944 2854 222212
1971 2767 2124 2850 ostendit,

125 2853 237 2920 dorato
267 2855 423 2934 feremur,
452 2853 538 2919 nihil
563 2854 649 2936 quod
675 2861 803 2922 rectum
830 2855 875 2921 211
901 2861 934 2921 21
957 2854 1101 2920 salutare
1152 2877 1253 2939 quum
1275 2856 1370 2922 illum
1393 2857 1526 2924 admisit
1546 2857 1645 2923 etiam
1667 2856 1849 2942 promptius
1866 2877 1963 2939 quam
1985 2855 2056 2939 ipsa
2077 2855 2124 2920 so·

126 2940 269 3024 amplius
295 2940 517 3006 admittamus.
568 2939 641 3006 Iam
674 2948 712 3006 21
742 2962 810 3006 222
843 2939 982 3008 defuerit
1007 2939 1100 3007 vobis
1152 2943 1277 3008 cissam.
1329 2940 1459 3009 Sedet
1486 2965 1540 3010 222
1566 2944 1639 3027 ipsa
1668 2963 1727 3026 per
1754 2963 1790 3008 22
1817 2941 2020 3022 excutiatur,
2052 2941 2125 3024 quis

124 3027 207 3092 ratio
229 3024 390 3110 quaedam
412 3033 446 3092 21
466 3027 667 3111 apparentia,
691 3034 729 3092 ut
746 3035 878 3108 vocant3
901 3035 1012 3094 tamen
1033 3047 1100 3091 non
1151 3028 1245 3094 22112
1272 3029 1438 3114 suggessit
1462 3051 1563 3114 penes
1590 3029 1749 3113 populum
1776 3049 1860 3107 esse,
1894 3037 1931 3092 21
1960 3035 2125 3110 pastorem

126 3110 246 3178 desinit
272 3113 409 3178 vitiosus
435 3131 507 3178 2222
539 3111 659 3198 agendi
683 3111 809 3180 modus.
859 3112 954 3195 Quae
986 3121 1100 3178 tamen
1151 3127 1274 3179 temere
1294 3115 1446 3195 mutetis,
1474 3122 1571 3200 22221
1597 3115 1652 3180 112
1678 3115 1787 3198 221122
1809 3133 1908 3197 quam
1925 3112 1998 3192 ille,
2026 3112 2125 3178 huius

124 3200 207 3264 ratio
241 3197 375 3264 subesse
407 3197 535 3281 potuit?
585 3196 697 3278 Quum
724 3219 811 3264 unus
839 3220 881 3264 ex
908 3199 1028 3265 vestris
1057 3197 1099 3264 ad
1151 3199 1204 3266 221
1228 3199 1321 3265 illius
1349 3201 1453 3268 oratio
1481 3209 1539 3268 aut
1567 3207 1702 3266 ornatus
1728 3201 1764 3266 in
1791 3198 1928 3266 dicendo
1964 3219 2023 3264 vos
2050 3199 2125 3282 plus

124 3293 230 3351 222122
248 3283 401 3351 ecclesias
417 3281 599 3350 visitandas
616 3284 780 3368 profectus
793 3293 887 3364 esset,
905 3285 989 3350 alter
1010 3283 1099 3352 illius
1150 3285 1301 3351 minusve
1323 3287 1461 3370 ceperit:
1496 3296 1553 3352 aut
1579 3308 1680 3370 penos
1701 3285 1860 3370 populum
1882 3306 1957 3350 2222
1979 3306 2124 3368 222222-

123 3369 192 3437 1222
216 3369 399 3438 submissus
428 3377 581 3436 osteum
606 3379 718 3436 222122
744 3369 862 3438 iudicio
884 3378 918 3436 21
938 3371 1098 3454 2222212-
1150 3373 1246 3451 21222,
1275 3372 1404 3456 2122222
1426 3373 1489 3440 2111
1510 3383 1549 3438 21
1570 3393 1704 3438 coenam
1725 3369 1913 3437 ministret?
1958 3367 2050 3451 Quin
2072 3392 2123 3436 re-

123 3456 226 3524 tione:
250 3457 383 3540 ignotus
402 3456 495 3523 vobis
517 3476 588 3521 esse
606 3475 671 3521 non
690 3463 819 3539 poterat
835 3458 892 3540 221
909 3457 975 3521 iam
992 3457 1098 3523 multo
1148 3458 1297 3542 legamus
1318 3459 1428 3543 potius
1449 3457 1637 3524 huiusmodi
1655 3456 1816 3523 ambitum
1833 3455 1875 3521 ad
1893 3456 2038 3522 claustra
2053 3477 2123 3522 mo-

123 3551 198 3609 ante
230 3541 443 3610 concionatus
470 3542 578 3608 fuerat
605 3541 693 3626 apud
721 3563 790 3609 vos.
834 3543 949 3627 Neque
971 3542 1097 3609 coniec-
1148 3543 1341 3621 nechoram,
1363 3567 1464 3629 quum
1477 3543 1543 3610 Dei
1561 3543 1730 3611 ecclesiam
1748 3541 1815 3608 alia
1830 3539 2013 3608 moderatio
2030 3564 2124 3626 pror·

123 3629 206 3694 traria
238 3635 350 3694 actum
376 3629 455 3707 fuit,
486 3649 587 3710 quum
615 3637 649 3692 et
676 3628 716 3693 de
744 3626 892 3696 doctrina
913 3634 947 3694 et
966 3627 1007 3693 de
1027 3627 1098 3696 vita
1149 3651 1205 3696 222
1227 3629 1361 3696 1222211
1395 3631 1464 3696 Vos
1484 3652 1563 3696 2222
1584 3629 1658 3714 plus
1679 3630 1777 3694 etiam
1800 3626 1926 3694 audetis
1947 3647 2044 3710 quam
2061 3649 2121 3712 par

121 3723 296 3781 constaret
340 3713 378 3779 81
400 3714 474 3796 2212
495 3713 590 3778 illum
608 3713 754 3798 despicit,
776 3714 1000 3800 arrogantiam
1022 3735 1098 3781 oum
1150 3716 1207 3792 sit,
1241 3716 1269 3780 si
1297 3737 1338 3780 ox
1370 3737 1437 3782 una
1464 3717 1617 3782 concione
1644 3715 1756 3780 statim
1787 3715 1879 3780 fertis
1910 3715 2118 3780 sententiam.

121 3801 276 3886 superbia
305 3800 342 3864 in
369 3800 479 3866 Deum
511 3799 630 3884 prodit.
687 3799 773 3882 Quid
807 3800 909 3885 igitur
942 3799 1001 3867 sibi
1036 3800 1098 3866 hoc
1149 3801 1225 3867 Non
1246 3803 1398 3884 pertinet,
1428 3809 1466 3867 ut
1486 3811 1582 3887 puto,
1612 3801 1654 3866 ad
1675 3821 1787 3866 omnes
1809 3799 1908 3866 huius
1928 3799 2003 3866 21111
2025 3808 2119 3866 nota-

121 3887 204 3966 2211,
228 3907 330 3970 22222
351 3885 439 3951 idem
460 3886 516 3951 ille
538 3893 572 3951 21
592 3886 738 3972 legitime
756 3887 886 3965 electus,
906 3893 940 3952 21
957 3883 1099 3951 fideliter
1149 3887 1204 3952 112.
1249 3887 1336 3953 Nam
1355 3887 1409 3955 vel
1431 3909 1533 3953 unum
1560 3907 1769 3953 susurronem
1797 3885 1894 3950 huius
1922 3885 2037 3952 turbae
2065 3906 2124 3952 au-

123 3971 821 4055 12122212222212212121222222222222,
848 3973 1098 4056 2112112222-
1149 3981 1253 4039 torem
1276 3995 1347 4040 esse
1368 3975 1511 4057 potuisse
1532 3973 1614 4038 mibi
1635 3971 1824 4057 persuadeo.
1873 3968 1987 4052 Quum
2012 3980 2124 4038 1222222

122 4058 231 4142 222112
252 4056 296 4122 21
316 4079 390 4124 eam
411 4077 482 4122 rem
507 4057 572 4124 Dei
594 4057 680 4124 dona
700 4059 735 4124 in
757 4059 829 4142 1222
857 4067 1004 4138 2221221,
1031 4059 1098 4124 iam
1148 4059 1197 4123 ita
1218 4079 1278 4126 vos
1300 4059 1487 4126 humiliavit
1504 4058 1685 4137 Dominus,
1713 4067 1753 4123 ut
1779 4057 1844 4123 ista
1864 4057 2045 4122 tentatione
2066 4057 2119 4124 ab·

124 4161 203 4210 2222
226 4145 337 4210 minue
358 4143 451 4210 vobis
469 4141 681 4210 adlubescet?
715 4143 824 4226 Quem
841 4165 920 4210 vero
937 4144 985 4209 illi
1002 4165 1097 4228 prae·
1149 4145 1235 4230 rapti
1255 4145 1397 4225 fueritis,
1425 4141 2121 4230 22222222211222122222112221211112-

123 4229 239 4294 iertis?
274 4229 442 4295 bominem
469 4229 682 4314 incognitum.
734 4229 818 4312 Quis
847 4252 926 4297 vero
948 4237 1098 4313 superest
1149 4252 1218 4296 sam
1236 4253 1335 4314 quam
1353 4253 1373 4297 a
1390 4232 1491 4296 122122
1507 4239 1620 4296 222122
1638 4231 1761 4296 factum
1774 4231 1825 4295 sit
1854 4229 1903 4296 Ut
1920 4229 2007 4294 enim
2025 4227 2122 4298 laudo

123 4336 142 4380 a
162 4315 351 4381 temeritate
373 4316 581 4400 apertissima
601 4337 661 4383 vos
687 4338 775 4383 nunc
796 4315 959 4402 purgandi
981 4315 1095 4383 locus?
1148 4317 1252 4400 ipsius
1269 4317 1471 4397 modestiam,
1488 4317 1536 4382 ita
1552 4317 1652 4382 etiam
1671 4323 1798 4380 motum
1814 4315 1907 4381 illum
1926 4315 2121 4382 insolentem

121 4400 291 4487 Regeritis
312 4400 444 4478 scilicet,
466 4401 567 4466 istum
588 4401 694 4467 multo
716 4403 864 4468 ornatius
886 4401 1002 4468 dicere.
1040 4399 1096 4468 812
1148 4403 1264 4468 maiori
1287 4404 1460 4469 severitate
1481 4402 1565 4467 mibi
1582 4401 1835 4467 refraenandum
1852 4423 1923 4468 2222
1941 4401 2118 4468 duxissem.

121 4509 242 4571 nempe
274 4487 473 4554 meministis
507 4487 597 4554 illius
631 4487 728 4554 Pauli
763 4489 960 4554 sententiae:
999 4485 1096 4568 Quod
1148 4488 1319 4554 Accedunt
1340 4499 1374 4554 et
1390 4488 1650 4554 circumstantiae
1667 4507 1750 4572 quae
1767 4487 1892 4554 malum
1909 4497 2120 4587 exaggerant

120 4594 265 4657 regnum
286 4573 351 4639 Dei
368 4594 436 4638 non
457 4573 501 4638 211
521 4575 556 4640 12
578 4593 742 4652 sermone,
772 4571 883 4638 sedin
905 4574 1028 4640 virtute
1050 4574 1095 4656 (1.
1147 4573 1287 4640 Habetis
1309 4583 1473 4658 pastorem
1494 4574 1529 4638 in
1552 4593 1682 4639 carcere
1704 4571 1881 4639 detentum.
1914 4572 1978 4639 Illo
1999 4571 2121 4640 21221-

122 4657 198 4725 Cor.
220 4665 249 4738 4,
270 4657 354 4744 20)t
398 4657 544 4726 Proinde
570 4671 609 4724 21
635 4659 705 4744 1222
727 4657 803 4724 21111
825 4661 1013 4738 confirmat,
1040 4659 1097 4724 ille
1148 4669 1240 4726 sente
1262 4659 1344 4726 tales
1363 4667 1473 4725 motus
1495 4659 1653 4740 excitare,
1682 4680 1727 4724 an
1753 4659 1996 4726 excusationem
2018 4657 2121 4726 ullam

121 4765 212 4809 unua
238 4745 272 4810 in
299 4745 405 4828 pretio
431 4745 525 4812 nobis
552 4745 610 4826 sit,
638 4744 693 4829 qui
721 4753 772 4810 221
797 4743 833 4809 12
854 4744 988 4811 Christo
1009 4766 1097 4811 nova
1148 4745 1314 4811 admittit?
1359 4746 1452 4811 Inter
1468 4754 1643 4812 extraneos
1664 4745 1711 4810 ita
1731 4745 1934 4826 tumultuari,
1956 4753 1995 4810 ut
2016 4763 2154 4828 quum,

122 4837 276 4896 creatura
296 4829 341 4917 (2.
360 4830 436 4896 022.
457 4835 485 4910 5,
506 4832 577 4916 17):
599 4851 705 4914 22222
727 4830 922 4896 haereamus
942 4830 978 4896 in
999 4851 1096 4897 carne
1147 4831 1221 4898 illos
1250 4831 1344 4897 22112
1371 4853 1440 4896 222
1472 4830 1694 4897 moderatione
1725 4831 1899 4898 conciliare
1931 4829 2119 4911 debueritis,

122 4924 157 4981 21
177 4916 370 5000 apparentia
390 4915 448 4982 illa
469 4925 614 4995 externa,
644 4937 728 5001 quas
749 4913 843 4982 nobis
864 4915 976 4982 oculos
997 4916 1096 4982 hebe-
1148 4918 1215 4982 iam
1236 4918 1382 5001 ipsorum
1404 4915 1525 4982 iudicio
1546 4917 1702 4984 obnoxios
1724 4915 1878 4994 reddatis,
1906 4922 1962 5000 qui
1985 4917 2020 4982 in
2045 4936 2118 4984 ves·

123 5007 183 5080 tet,
206 5023 250 5066 ne
272 5001 409 5082 sinoore,
431 5008 472 5066 ut
491 5023 553 5086 par
573 5011 633 5082 est,
654 5001 801 5069 iudicare
822 5002 996 5086 possimus.
1031 5003 1096 5069 Ca-
1148 5009 1235 5069 strae
1246 5004 1399 5070 ccclesiae
1409 5003 1689 5069 administratione
1705 5010 1773 5068 tam
1784 5001 2039 5087 praecipitanter
2059 5023 2119 5068 vos

122 5085 278 5166 vandum,
299 5089 444 5170 inquam,
467 5109 487 5153 a
507 5087 617 5167 larvis,
640 5086 675 5152 id
696 5099 755 5167 est,
778 5087 820 5154 ab
841 5088 930 5155 omni
951 5108 990 5153 22
1011 5087 1097 5173 2221
1148 5088 1281 5240 geritis?
1293 5089 1409 5173 Neque
1420 5110 1499 5155 vero
1511 5087 1633 5155 offendi
1643 5109 1703 5154 222
1712 5097 1860 5172 22221221
1870 5108 1943 5152 mea
1954 5088 2018 5154 ista
2028 5107 2118 5153 acer-

123 5180 315 5240 2212222222
340 5179 498 5252 ostentat,
525 5172 582 5239 211
610 5181 649 5240 21
674 5173 853 5258 plurimum
880 5174 975 5240 12222
1001 5172 1095 5240 latet:
1170 5174 1257 5240 itate
1293 5173 1438 5242 8122122
1455 5195 1560 5242 essem
1577 5174 1751 5260 2221222,
1770 5173 1997 5242 vehementius
2014 5173 2119 5239 multo

122 5256 183 5325 sed
206 5257 247 5323 ad
267 5257 302 5323 id
324 5256 412 5342 2221
432 5261 643 5344 praecipuum
672 5266 707 5328 21
732 5281 847 5327 aarum
874 5267 925 5327 221
944 5257 1097 5326 1212212
1147 5279 1302 5344 urgerem
1322 5259 1411 5328 istud
1428 5259 1597 5345 publicum
1615 5259 1781 5340 delictum,
1803 5261 1895 5328 22122
1915 5269 2119 5329 momentum
2157 5343 2166 5358 ·
