4852 6022
286 301 351 362 eet
1058 288 1320 357 Eplsmm„
1346 294 1512 357 let-les
2216 294 2277 358 890

284 482 338 548 vel
359 487 490 548 cosmas
512 480 663 547 ecclesias
684 500 742 563 per
760 479 883 544 bullam
900 478 991 543 illam
1009 478 1062 542 vel
1079 477 1162 543 alias
1178 499 1256 562 quo-
1308 479 1491 544 sensionem
1513 476 1638 544 Christi
1659 478 1836 557 admissus,
1863 480 1898 544 in
1924 480 2056 544 nemim
2077 477 2205 546 Ohristi
2227 501 2277 546 re·

284 589 412 649 cunque
434 567 530 632 modo
552 565 770 640 criminando,
800 574 857 629 aut
877 565 994 630 saltem
1016 585 1081 628 non
1103 573 1142 628 ut
1162 585 1256 647 opor-
1307 564 1496 629 missionem
1523 573 1729 646 pennatorum
1757 585 1893 630 suorum
1921 564 2107 630 addiximus
2129 572 2278 631 noemae-

284 653 375 718 tebat
392 651 603 729 defendendo,
627 659 660 716 et
677 651 764 734 apud
782 649 987 715 adversarios
1004 649 1177 724 haerendo,
1200 657 1258 714 aut
1307 669 1371 732 que
1390 671 1465 715 eum
1487 650 1641 715 ecclesiae
1670 671 1708 716 ac
1729 651 1822 716 nobis
1850 651 2165 728 reconciliamus,⁶⁵)
2187 661 2223 715 et
2242 659 2279 716 ut

284 739 398 820 quovis
419 745 515 820 pacto
537 737 601 802 alio
629 744 696 802 toto
723 736 780 801 illo
807 743 955 818 tempore
984 755 1062 799 suae
1083 736 1255 816 perturba·
1307 735 1443 800 fratrem
1464 745 1497 799 et
1517 743 1734 819 symmystam
1756 735 1899 818 amplexi
1920 755 2049 802 sumtus:
2072 735 2280 820 quodetiam

285 824 383 888 tionis
404 843 562 905 peccasse,
585 843 685 905 quum
702 823 772 904 ipse
790 823 852 886 sibi
875 821 1022 886 conscius
1044 840 1115 885 esse
1136 829 1254 903 posset,
1307 841 1345 885 eo
1374 822 1509 885 fecimus
1540 821 1695 886 libentius
1727 821 1812 904 quod
1844 821 2049 887 evidentibus
2075 823 2279 904 argumentis

284 919 355 973 tum
374 909 429 972 vol
450 910 542 976 nobis
560 907 614 972 vel
633 908 705 972 aliis
723 908 899 974 videretur.
932 905 1114 970 Abiurubat
1135 905 1256 972 diserte
1307 905 1581 988 deprehendimus
1614 927 1706 984 eum,
1739 906 1819 971 dum
1851 906 1939 989 apud
1970 907 2176 973 adversarios
2209 909 2279 984 luit,

284 1002 318 1058 et
341 994 484 1076 graviter
506 1015 635 1058 omnem
653 1013 848 1059 eonsensum
870 1014 946 1058 cum
969 1011 1052 1073 papa
1070 1012 1204 1056 romano
1223 999 1256 1056 et
1307 990 1478 1056 Ohristum
1500 991 1688 1074 praedicare
1708 1011 1774 1056 non
1797 991 1969 1068 destitisse,
1992 1001 2200 1077 atquequam
2214 995 2279 1075 pri·

286 1100 359 1145 cum
382 1081 507 1144 cunctis
530 1080 599 1143 eius
621 1080 779 1156 creaturis
801 1087 835 1142 et
856 1077 1057 1142 administris
1078 1078 1132 1158 qui
1155 1078 1202 1140 illi
1220 1080 1255 1142 in
1307 1097 1397 1141 mum
1418 1078 1481 1160 ipsi
1505 1077 1603 1142 huius
1629 1077 1763 1143 facultas
1791 1078 1886 1160 plane
1914 1079 2027 1162 negari
2055 1079 2163 1162 coepit
2191 1087 2279 1144 recta

284 1166 348 1230 ista
368 1167 402 1228 in
425 1186 488 1247 qua
510 1171 561 1229 est
576 1165 672 1248 regni
683 1164 807 1229 Christi
824 1163 1032 1246 oppressione
1050 1171 1255 1227 sanctorum·
1307 1161 1348 1226 ad
1369 1183 1428 1228 nos
1446 1163 1589 1240 rediisse,
1612 1165 1782 1246 potiusque
1800 1164 1921 1229 dixisse
1940 1163 2027 1246 apud
2044 1185 2104 1230 nos
2121 1165 2157 1229 in
2176 1165 2279 1230 libera

285 1271 347 1332 que
369 1251 618 1333 persequutione
636 1250 841 1332 conspiciunt
849 1251 894 1330 82)
916 1257 949 1312 et
970 1249 1151 1313 verissimis
1171 1249 1263 1312 anti-1
1306 1249 1497 1331 sinceraque
1523 1247 1648 1313 christi
1677 1249 1877 1315 confessione
1903 1269 1979 1314 oum
2008 1271 2138 1316 summa
2167 1251 2278 1316 vivere

284 1336 429 1402 christis:
463 1355 543 1417 quos
572 1337 741 1400 universos
770 1343 803 1400 et
831 1334 991 1418 singulos.
1022 1332 1100 1397 dum
1127 1335 1162 1397 in
1192 1335 1255 1398 ista
1307 1342 1499 1416 paupertate
1517 1342 1551 1399 et
1568 1334 1723 1418 gravibus
1740 1336 1884 1400 exerceri
1903 1337 2078 1414 aerumnis,
2096 1336 2196 1401 homo
2214 1338 2277 1400 iam

285 1421 533 1487 sceleratissima
554 1429 587 1484 et
614 1420 852 1486 immanissima
872 1419 1083 1484 ecclesiarum
1104 1417 1255 1484 devasta-
1306 1419 1403 1500 paulo
1425 1421 1533 1485 minor
1554 1421 1776 1503 sexagenario,
1806 1441 1904 1502 quem
1927 1421 2013 1503 apud
2033 1420 2275 1506 Ἄπίχρισιοςθθ)

284 1507 375 1571 tione
386 1515 419 1570 et
430 1506 590 1590 evangelii
603 1505 729 1571 Christi
745 1507 986 1590 oppugnatione
1003 1513 1198 1587 perseverat.
1209 1507 1254 1588 ⁶³)
1307 1504 1485 1570 honoribus
1508 1506 1642 1571 affluere
1668 1514 1702 1570 et
1723 1505 1853 1570 delitiis.
1897 1505 2061 1573 Dominus
2085 1507 2181 1572 Iesus
2203 1528 2275 1572 eum

284 1613 393 1658 coram
416 1591 558 1656 Domino
577 1599 611 1655 et
631 1591 725 1656 nobis
746 1591 955 1656 anathemate
976 1589 1172 1666 devovebat,
1204 1611 1253 1654 se-
1306 1597 1341 1653 et
1360 1611 1422 1656 nos
1444 1611 1556 1656 omnes
1578 1601 1750 1657 conservet
1777 1599 1809 1656 et
1836 1591 1953 1674 spiritu
1981 1613 2039 1658 suo
2065 1593 2101 1656 in
2128 1592 2198 1658 dies
2219 1613 2273 1658 au·

284 1698 384 1760 seque
410 1698 470 1760 pro
497 1676 634 1742 veritate
663 1676 804 1754 Christi,
833 1676 873 1741 de
900 1695 965 1758 qua
992 1675 1056 1758 ipsi
1086 1676 1253 1741 nobiscum
1307 1683 1390 1759 geat.
1437 1678 1553 1741 Amen.

283 1783 349 1827 non
371 1763 585 1838 convenisset,
617 1783 654 1828 ae
675 1763 825 1827 omnium
846 1763 1082 1826 instauratione
1103 1761 1253 1828 ecclesia·

284 1856 544 1914 immutaturum
570 1847 739 1914 nobiscum
769 1869 807 1914 ac
833 1855 1068 1931 pugnaturum,
1095 1867 1156 1930 pro
1177 1867 1253 1929 por·

283 1935 372 1998 tione
393 1935 526 2016 spiritus
548 1933 673 1998 Ohristi
696 1955 780 2016 quae
797 1933 860 2015 ipsi
881 1933 1080 2016 contigisset,
1103 1932 1182 1996 dum
1204 1934 1253 1997 uti
1290 1993 1298 2011 ,

284 2039 319 2084 se
340 2018 503 2083 Dominus
532 2019 568 2082 in
590 2018 652 2084 hoc
680 2019 862 2084 ministerio
890 2026 924 2082 et
950 2017 987 2082 in
1009 2016 1071 2083 hac
1092 2019 1161 2082 vita
1182 2017 1253 2102 dig-

283 2111 388 2182 netur,
410 2125 475 2187 qua
491 2125 610 2188 papam
632 2111 666 2169 ct
683 2113 816 2170 cunctos
833 2104 1042 2168 antichristos
1058 2103 1253 2187 impietatis·

283 2209 346 2272 que
363 2189 603 2272 assertores.⁶⁴)
621 2197 749 2256 sanctos
768 2189 844 2256 licet
865 2190 920 2272 qui
939 2187 1077 2272 dispersi
1095 2189 1155 2254 sub
1173 2189 1253 2254 istc·

284 2295 359 2340 rum
385 2275 562 2360 tyrannide
590 2283 681 2354 sunt,
710 2283 749 2340 ut
775 2295 888 2340 omnes
910 2274 993 2338 tilios
1014 2273 1079 2338 Dei
1100 2295 1181 2338 vcra
1201 2293 1254 2340 ca·

283 2361 381 2426 ritate
407 2370 442 2426 et
468 2360 593 2426 Ohristi
625 2361 805 2427 visceribus
838 2360 1056 2443 amplectatur
1086 2370 1120 2424 et
1146 2360 1254 2426 salvos

283 2467 304 2512 ο
326 2454 381 2510 tat.

304 2467 326 2530 p
369 2532 545 2614 Postquam
574 2533 677 2616 igitur
703 2531 745 2596 ad
777 2532 865 2596 hunc
897 2552 993 2614 quem
1024 2531 1254 2615 praemisimus

284 2615 417 2682 modum
445 2615 485 2682 de
510 2619 598 2681 omni
626 2617 774 2682 doctrina
795 2616 920 2682 Christi
948 2617 1079 2699 eiusque
1099 2615 1254 2681 adminis-

286 2704 428 2767 tratione
446 2701 563 2768 Oarolo
586 2702 756 2768 nobiscum
777 2703 983 2768 convenisset
1005 2722 1163 2784 suumque
1185 2701 1255 2784 lap·

284 2807 367 2864 sum,
390 2808 493 2869 quum
514 2787 551 2852 in
572 2787 751 2854 recedendo
778 2787 913 2853 anobis
934 2794 969 2852 et
991 2796 1119 2853 nostros
1141 2786 1254 2851 tradu-

284 2873 396 2950 cendo,
418 2881 490 2938 tum
511 2893 546 2937 se
568 2873 609 2937 ad
631 2874 743 2939 hostes
754 2871 1083 2954 Ohristirecipiendo,
1106 2873 1255 2938 veniam·
1579 2910 1583 2918 =

284 2977 347 3041 que
368 2956 408 3022 ab
430 2957 495 3022 illis
517 2958 604 3042 quod
622 2958 709 3042 apud
730 2979 790 3024 noe
806 2958 922 3024 fuisset
939 2956 1087 3040 petendo,
1109 2965 1145 3022 et
1160 2957 1254 3040 quid·
1757 2939 1831 3008 18⁸·

284 3043 364 3126 quid
395 3044 431 3108 in
462 3045 526 3109 ista
558 3064 618 3108 sua
643 3043 889 3144 perturbatione
916 3045 1078 3127 peccavit,
1112 3045 1254 3144 ingenue
1545 3073 1780 3144 cuv-MS
1801 3075 2032 3144 FARELLQ

284 3129 450 3194 confessus
471 3137 573 3204 esset,
603 3129 876 3212 anhohmstosque
897 3140 930 3194 et
950 3137 1101 3196 cunctam
1122 3129 1254 3194 rllorum

283 3214 486 3296 impietatem
516 3214 637 3280 diserte
670 3213 870 3294 damnasset,
903 3235 1047 3298 seseque
1066 3222 1255 3280 constanter
1391 3244 1472 3313 Ma
1498 3267 1569 3312 cum
1597 3245 1708 3313 Oaroyo
1735 3251 1870 3328 wamy,
1904 3249 1939 3313 ιη
1966 3247 2156 3332 quamam
2182 3247 2272 3336 W

283 3299 419 3384 P⁰⁸th⁸⁰
450 3301 661 3399 P⁰l⁸lit¹¹¹¹¹¹m
694 3309 791 3384 atq¹¹⁰
822 3299 1051 3400 di¹¹li⁰l²l¹¹3¹¹m
1083 3300 1254 3365 ¹¹⁰bi⁵⁰¹¹m
1305 3332 1398 3398 aliter
1419 3337 1509 3416 atquc
1529 3333 1564 3397 ia
1579 3333 1778 3416 praecedeuti
1797 3333 1973 3400 documento
1995 3337 2177 3418 perscripto
2197 3337 2271 3412 med,

283 3393 399 3452 conma
426 3393 619 3468 paprstrcam
646 3394 679 3450 et
699 3405 812 3451 omnes
833 3385 1001 3470 rehgroms
1026 3392 1158 3450 nostrae
1179 3405 1253 3469 per-
1312 3419 1319 3432 ·
1983 3419 1990 3434 .

282 3472 452 3537 versiones
473 3479 507 3536 et
527 3479 635 3553 pestes
656 3471 818 3554 pollicitus
840 3479 936 3570 esset,⁸
957 3471 1051 3554 gravi
1076 3471 1175 3536 etiam
1196 3491 1253 3535 ex·
1304 3439 1339 3483 m
1362 3417 1546 3504 immam
1568 3418 1755 3500 implam
1800 3417 1903 3484 Simul
1924 3439 2060 3486 “mmm
2080 3441 2184 3487 mm
2199 3421 2271 3484 νὴ

284 3557 358 3622 silio
381 3564 415 3620 et
435 3556 550 3621 multis
573 3557 739 3622 aerumnis
756 3557 867 3638 lapsus
888 3577 940 3621 su1
960 3575 1081 3638 poenas
1102 3554 1251 3633 dedisset,
1298 3505 1495 3655 {fragam
1515 3525 1589 3589 οἴῳ
1609 3504 1760 3570 mmm
1782 3506 1876 3570 ism
1898 3509 1963 3570 lam
1987 3505 2115 3588 famem
2136 3527 2169 3573 ⁸⁶
2185 3524 2271 3590 W

284 3642 423 3726 denique
445 3662 520 3708 curn
553 3641 594 3705 iis
621 3643 703 3724 ipsis
729 3641 886 3706 fratribus
914 3663 988 3707 cum
1010 3642 1127 3724 quibus
1148 3649 1253 3708 certa-

283 3749 363 3828 men
380 3729 514 3828 gravim
542 3727 659 3828 hebuit
687 3735 720 3791 et
741 3749 761 3792 a
781 3728 898 3827 quibus
919 3727 960 3792 ad
982 3727 1165 3827 pontificios
1187 3727 1252 3828 dis·
1305 3761 1362 3826 (Ε,
1379 3761 1546 3842 cumgrapho
1569 3761 1639 3814 Birt.
1658 3743 1758 3816 (aem
1778 3761 1842 3815 (Μ
1863 3761 2095 3828 106‚r01.3o.-
2113 3763 2271 3826 mutio„
2306 3749 2310 3759 ·

284 3821 381 3880 cessrt
402 3833 468 3878 ram
495 3834 531 3877 ιιι
559 3821 699 3896 gratiam
720 3813 884 3890 rediisset,
913 3811 954 3877 de
975 3834 1038 3896 quo
1060 3813 1190 3878 illorum
1213 3813 1253 3878 l1·
1304 3845 1381 3882 axem
1402 3831 1470 3883 lana
1487 3829 1621 3882 habentur
1637 3829 1702 3883 ibid.
1720 3829 1783 3884 cod.
1804 3830 1862 3898 111,
1878 3831 1925 3884 fol.
1943 3829 2001 3896 151,
2019 3833 2047 3886 in
2066 3833 2179 3886 Archiv.
2196 3833 2270 3886 Bam

283 3907 370 3964 teras
400 3897 524 3964 dudum
564 3918 808 3980 acceperamus,
847 3899 967 3982 quique
1005 3899 1159 3981 petebant
1189 3899 1252 3982 ipsi
1304 3898 1355 3967 Ep.
1397 3898 1527 3968 .v11.p.
1545 3897 1604 3980 390,
1623 3899 2271 4022 unasaaarffisrssrmlerv01.4r.-angue

282 3983 408 4050 Obristi
429 3984 598 4049 lenitatem
620 3992 654 4049 et
674 3985 845 4050 caritatem
863 3985 1005 4068 benigne
1026 3984 1179 4068 impendi,
1202 3986 1252 4050 vi·
1520 3967 1619 4036 ¹³⁸¹m¹
1635 3986 1664 4022 ²¹¹
1682 3967 1789 4023 “¹¹¹³ss
1819 3969 1863 4024 nb.
1882 3969 1902 4022 Ῑ·
1920 3967 1971 4022 ¹²⁷
1988 3972 2062 4040 “llll

283 4089 356 4132 sum
377 4070 470 4135 uobis
491 4076 557 4147 est,
586 4091 657 4136 esse
679 4070 823 4135 lenitatis
845 4079 879 4134 et
900 4068 1082 4134 dilectionis
1103 4070 1252 4136 christia-

283 4173 346 4218 nae
374 4156 466 4220 hatri
495 4157 541 4222 sic
569 4155 738 4221 nobiscum
767 4155 807 4221 de
834 4175 936 4239 regno
963 4154 1089 4220 Ohristi
1116 4176 1252 4222 consen·
1305 4155 1439 4238 Optimo
1470 4155 1564 4219 fratri
1593 4175 1665 4220 meo
1695 4155 1826 4220 Farello
1856 4157 2089 4224 Neocomensis
2121 4159 2267 4225 ecelesiae

284 4237 379 4301 tienti
401 4241 532 4322 eiusque
559 4263 595 4307 se
617 4241 868 4325 propugnationi
895 4239 1056 4306 addicenti
1078 4261 1253 4326 casumque
1598 4241 1721 4323 pastori
1742 4240 1939 4307 fidelissimo.
1954 4243 1978 4325 ¹)

284 4343 382 4388 suum
410 4332 616 4408 cognoscenti
644 4328 774 4392 veniam
801 4327 1081 4410 praecipitationis
1114 4349 1191 4392 suae
1219 4335 1253 4392 et

283 4407 1072 4495 reconciliationemoumccolesiisOhristiquam
1083 4420 1253 4495 tantopere

260 4492 453 4579 'flagitabat
473 4517 675 4580 nequaquam
697 4498 866 4583 denegare.

370 4577 513 4645 Proinde
544 4591 702 4662 qnantum
733 4584 775 4649 ad
804 4605 865 4648 nos
896 4584 1034 4647 attinere
1063 4589 1186 4665 potest,
1219 4603 1237 4648 e

283 4667 377 4733 salva
398 4665 651 4749 confirmataque
673 4691 713 4734 ca
733 4669 948 4735 conventione
968 4687 1033 4751 qua
1054 4669 1252 4752 Agathopoli

285 4753 481 4818 afratribus
502 4754 623 4817 nostris
650 4754 685 4818 in
712 4757 852 4839 gratiam
878 4762 1027 4837 receptus
1048 4763 1153 4820 estet
1176 4775 1251 4820 ocn-

1459 1811 1700 1898 Volphgangus
1718 1813 1843 1898 Capito.
1983 1813 2020 1880 P.
2041 1813 2195 1880 Karolus.

1459 1899 1624 1964 Martinus
1646 1899 1803 1964 Bucerus.

1460 1983 1624 2066 Casperus
1645 1983 1781 2050 Hoedio.

1459 2069 1619 2136 Matthias
1641 2069 1720 2134 Zell.

1461 2154 1601 2220 Ioannes
1625 2154 1790 2222 Calvinus.

1460 2239 1598 2306 Iacobus
1619 2239 1790 2306 Bcdrotus.

1461 2323 1602 2392 Ioannes
1624 2325 1801 2392 Sturmius.

1677 2497 1806 2582 (datum
1828 2519 1887 2581 pro
1908 2495 2023 2582 copia)

1375 4379 1447 4462 Ego
1457 4399 1557 4461 quum
1570 4377 1622 4442 his
1634 4375 1746 4442 diebus
1757 4398 1882 4443 novum
1893 4376 2030 4443 subinde
2042 4389 2269 4464 argumentum

1304 4461 1467 4532 scribendi
1478 4471 1662 4529 occurreret
1673 4463 1836 4530 abstinere
1848 4483 1868 4528 a
1879 4461 2048 4531 scribendo
2059 4465 2158 4544 volui,
2175 4463 2271 4532 donec

1303 4637 1396 4704 ouius
1427 4635 1575 4700 tractatio
1608 4643 1737 4698 nostros
1770 4633 1963 4714 distinebat,
2002 4656 2055 4700 me
2089 4657 2167 4702 vero
2199 4657 2272 4702 cura

1303 4721 1513 4789 vehementer
1531 4719 1665 4784 anxium
1684 4717 1832 4784 habebat.
1861 4720 1938 4786 Nou
1956 4721 2064 4786 visum
2083 4728 2135 4788 est
2152 4721 2271 4790 Bucen

1304 4803 1458 4892 expedire
1469 4814 1506 4870 ut
1518 4803 1595 4869 ullis
1607 4803 1787 4872 actionibus
1798 4806 2000 4885 interessem,
2019 4805 2120 4872 donec
2138 4816 2272 4874 ventum

1302 4894 1387 4960 foret
1408 4889 1451 4956 ad
1470 4911 1562 4974 spem
1583 4889 1725 4973 aliquam
1747 4891 1945 4972 concordiae,
1966 4891 2019 4958 vel
2040 4892 2162 4958 saltem
2180 4893 2271 4960 inoli-

387 4988 435 5116 ggl
452 4989 637 5125 {indixi-llil.
869 5093 872 5100 .
1406 5060 1452 5126 bb)
1471 5059 1701 5114 reconciliavimus
1720 5061 1759 5125 (l)

388 5124 431 5190 64>
449 5125 521 5180 deest
538 5124 660 5189 verbam,
677 5120 793 5187 sonem
805 5128 901 5195 phara,
916 5143 986 5182 m
1001 5133 1028 5183 et
1044 5142 1117 5197 quas
1132 5144 1250 5199 ma·
1406 5129 1451 5194 66)
1469 5122 1653 5198 α’νιίχριπιιν,
1670 5127 1713 5182 vel
1728 5122 1927 5200 ἄντιχρίσιους.

285 5195 334 5246 Μ·
349 5205 448 5248 mcccc
462 5194 599 5249 ridentur.
1322 5195 1390 5259 lffl.
1410 5200 1437 5265 l)
1456 5197 1588 5252 Farellaa
1603 5197 1768 5266 adscripsit:
1785 5197 1810 5252 8.
1828 5199 1954 5254 Octobris
1973 5197 2049 5253 lota.
2067 5199 2102 5254 de
2119 5199 2225 5255 Oarclu

1238 4591 1253 4647 p
1304 4550 1482 4618 aderitum
1498 4549 1640 4630 aliquem
1657 4546 1851 4631 perductum
1869 4557 1954 4614 esset
1972 4549 2080 4616 Caroli
2096 4551 2270 4635 negotium,
2397 4555 2398 4564 ¹
