4852 6022
178 313 239 378 345
1077 317 1157 378 1539
1179 312 1276 378 MAI.
2114 315 2178 378 346

177 499 321 564 Frustra
342 505 451 564 autem
474 497 620 564 decurris
637 497 679 564 ad
696 499 805 566 lecum
823 499 917 564 illum
934 520 1151 577 communem,
1204 498 1292 580 Quia
1324 501 1361 566 in
1393 497 1553 565 tradermo
1593 507 1873 564 sacramentorum
1904 519 1966 564 usu
2001 511 2179 581 erraverat,

178 606 220 648 ne
243 584 414 648 hominum
437 583 653 650 admiratione
675 605 695 648 a
716 593 805 650 certa
826 585 995 668 religionis
1013 585 1152 650 veritate
1203 586 1275 651 iure
1304 607 1376 652 eam
1405 592 1531 668 partem
1558 585 1757 650 retractavit.
1806 587 1913 666 Atque
1933 585 2060 650 utinam
2089 584 2177 652 idem

179 669 388 736 deducamur.
434 669 549 753 Neque
571 672 660 734 enim
681 670 781 736 ullius
804 671 946 736 heminis
968 680 1035 735 tam
1058 693 1152 756 prae·
1204 671 1312 738 faeere
1340 671 1515 754 Zreiaplr'as
1545 672 1580 736 iu
1611 671 1758 735 animum
1789 669 1988 750 induxisset,
2021 671 2113 738 euius
2144 679 2178 738 et

177 765 309 838 postera
330 775 488 838 caecaque
511 753 726 820 admiratione
744 765 866 830 teneor,
890 765 927 820 ut
949 778 1002 822 me
1024 779 1043 820 a
1065 765 1153 822 recto
1204 757 1287 822 falsa
1314 764 1347 822 et
1395 756 1557 822 orniciosa
1590 756 1654 842 fuit
1680 755 1720 820 de
1747 754 1809 820 hae
1837 777 1871 820 re
1899 757 2016 839 opinio.
2067 755 2177 836 Quam

179 840 315 920 iudicio,
343 840 464 906 nedum
493 860 513 903 ι
541 839 616 906 fidei
645 841 804 924 dignitate
825 842 974 924 abripiat.
1019 843 1066 906 Et
1087 844 1152 908 seio
1205 863 1306 925 quum
1335 780 1480 908 riderem
1507 840 1611 906 multo
1641 841 1837 906 nostratium
1871 842 2031 925 applausu
2064 841 2176 925 arripi,

180 925 344 992 Ferellam
366 947 436 992 esse
455 928 707 991 constantiorem
725 948 823 1009 quam
841 939 878 991 ιιι
899 949 975 992 eum
993 929 1153 993 dimoveri
1205 926 1312 994 adhuc
1333 950 1435 1012 agens
1456 929 1492 992 in
1515 927 1641 1006 Gallia,
1663 928 1858 1010 impugnare
1886 949 1950 992 nen
1979 926 2136 994 dubitavi.
2149 931 2177 1008 ⁹)

180 1012 242 1078 hoc
263 1011 359 1076 medo
381 1032 475 1095 posse
498 1012 635 1078 averho
646 1013 710 1078 Dei
732 1013 875 1078 timeam.
908 1012 1032 1078 Verum
1052 1035 1153 1096 quum
1206 1012 1303 1094 Quod
1323 1013 1452 1080 mollire
1475 1027 1611 1080 conatur
1633 1012 1867 1096 Oecolampedii
1889 1023 1923 1078 ιι
1934 1012 2082 1096 Zwiaqlii
2101 1035 2176 1080 seu·

180 1119 295 1162 omnes
317 1099 373 1180 qui
395 1105 485 1162 stant
513 1119 533 1162 a
559 1097 708 1180 partibus
731 1098 863 1164 Latiari
884 1101 1006 1164 nimiae
1028 1099 1153 1166 callidi·
1205 1100 1350 1178 tentiam,
1373 1101 1409 1164 in
1431 1121 1469 1164 ee
1490 1109 1611 1182 peccat,
1633 1097 1747 1176 fateor,
1769 1097 1855 1180 quod
1876 1120 1979 1182 paene
2000 1099 2078 1164 facit
2098 1119 2177 1165 con-

181 1185 259 1248 tatis
276 1193 441 1265 suspectos
460 1204 531 1248 esse
548 1184 669 1250 uostris
687 1185 836 1262 sciebam,
855 1185 945 1250 nolui
963 1186 1153 1266 permittere
1205 1185 1384 1250 sentientes
1418 1207 1491 1250 cum
1515 1183 1662 1250 Lallzero.
1711 1182 1780 1250 Sed
1806 1184 1867 1250 hec
1899 1204 1966 1248 nou
1999 1185 2176 1268 reprehen-

181 1276 218 1334 ut
235 1289 440 1352 supervacua
458 1266 658 1334 dubitatione
670 1269 818 1335 Furelluc
840 1279 1024 1354 angeretur.
1064 1269 1153 1352 Quid
1205 1269 1289 1334 dunt
1316 1272 1371 1354 qni
1399 1270 1509 1336 odiose
1539 1271 1709 1354 exagitant
1736 1269 1800 1334 aha
1829 1269 1898 1334 eius
1920 1271 2037 1334 omnia.
2082 1269 2175 1336 Nihil

182 1363 291 1420 autem
320 1355 439 1420 attinet
466 1355 537 1420 eius
566 1353 719 1420 astutiam
750 1355 925 1421 formidare
946 1357 1040 1422 cuius
1061 1359 1153 1439 inge·
1205 1356 1294 1420 enim
1315 1356 1380 1421 illis
1402 1356 1489 1421 cordi
1512 1357 1617 1439 magis
1644 1365 1694 1422 est
1720 1377 1818 1437 quam
1839 1363 1877 1419 ut
1897 1356 2028 1439 integer
2051 1355 2175 1440 Zteiap·

181 1441 291 1506 unitas
318 1441 378 1506 tibi
405 1449 495 1506 certa
522 1461 593 1506 esse
621 1441 749 1524 petest?
799 1442 890 1526 Ergo
918 1463 983 1506 non
1006 1442 1152 1506 desinam
1204 1441 1269 1506 iias
1289 1453 1428 1506 maneat.
1479 1442 1551 1524 Ege
1572 1453 1680 1506 autern
1709 1441 1864 1523 optarim,
1894 1449 1933 1504 ιιι
1959 1443 2079 1506 omissa
2107 1449 2175 1507 tem

180 1524 369 1610 praedicare
387 1527 457 1590 eius
479 1526 635 1591 virtutem
663 1547 759 1608 quam
789 1528 869 1592 mihi
895 1529 931 1592 in
954 1527 1153 1593 Melantheac
1204 1526 1342 1592 sollicita
1365 1527 1552 1592 defensione
1570 1527 1761 1610 simpliciter
1783 1527 1900 1591 darent
1921 1526 1956 1590 in
1979 1526 2068 1591 nuda
2090 1528 2175 1592 veri-

179 1612 363 1696 perspicere
400 1610 520 1678 videor.
576 1611 716 1678 Interim
749 1611 909 1678 nonnulla
947 1634 1018 1680 esse
1050 1615 1153 1678 fateor
1204 1613 1281 1678 tatis
1304 1613 1505 1678 confessione
1531 1613 1669 1696 gloriam
1691 1611 1772 1676 Deo.
1815 1611 1908 1676 Nihil
1929 1611 2030 1678 fuisse
2053 1614 2174 1696 asperi-

179 1719 264 1780 quae
285 1698 356 1780 ipse
377 1718 503 1780 queque
531 1699 565 1762 in
587 1719 625 1762 eo
652 1696 814 1775 desidero,
844 1709 972 1764 tantum
1002 1698 1094 1762 abest
1116 1705 1153 1762 ut
1203 1699 1280 1763 tatis
1302 1699 1338 1762 in
1351 1699 1499 1781 Zwiaplii
1520 1698 1676 1774 doctrina,
1699 1699 1759 1762 tibi
1778 1699 1911 1762 minime
1932 1696 2079 1763 concedo.
2120 1697 2174 1764 Si·

178 1784 365 1866 quempiam
393 1783 495 1848 velim
522 1783 557 1848 in
585 1785 654 1850 eius
682 1785 770 1866 leges
793 1783 932 1868 adigere.
978 1784 1043 1848 Hic
1064 1785 1152 1848 enim
1204 1781 1335 1866 quidem
1357 1784 1467 1848 ridere
1489 1793 1679 1868 promptum
1702 1792 1761 1860 ιιι,
1783 1793 1821 1848 ιιι
1837 1784 1977 1847 nimium
1999 1793 2174 1866 occupatus

178 1868 260 1934 mihi
290 1872 419 1934 animus
447 1881 512 1948 est,
539 1881 577 1933 ut
604 1870 740 1934 sublatis
769 1890 852 1951 quae
880 1889 941 1935 uos
968 1869 1152 1952 impediunt
1202 1869 1238 1932 in
1262 1870 1440 1934 evertenda
1469 1869 1608 1934 carnalis
1637 1871 1840 1952 praesentiae
1867 1869 2095 1950 superstitione
2118 1887 2173 1933 ve-

177 1955 419 2037 suspicionibus
451 1976 563 2020 secure
592 1954 679 2020 ultro
708 1957 853 2037 citroque
883 1975 942 2020 nos
970 1955 1150 2033 audiamus,
1203 1975 1273 2018 ram
1296 1956 1599 2021 communicationis
1626 1956 1695 2018 vim
1723 1963 1780 2020 aut
1807 1955 1904 2020 simul
1933 1953 2095 2019 disiecerit
2117 1964 2174 2021 ant

177 2061 246 2105 rem
265 2042 380 2122 ipsam,
399 2039 502 2104 donec
519 2051 720 2122 compertum
734 2041 969 2119 fueritverum,
988 2042 1151 2125 integram
1204 2050 1291 2104 certe
1313 2041 1502 2106 obscurarit.
1554 2041 1697 2105 Proinde
1726 2041 1841 2105 maiori
1862 2041 1932 2105 eius
1955 2040 2173 2106 illustratione

177 2126 274 2191 nobis
299 2136 475 2192 servantes.
531 2127 659 2191 Motum
691 2127 842 2206 aaronis
873 2127 1050 2192 immanem
1080 2146 1151 2192 esse
1203 2146 1284 2208 opus
1312 2127 1382 2190 fnit.
1425 2125 1465 2191 Id
1493 2135 1526 2190 te
1554 2146 1620 2190 non
1647 2126 1770 2191 iniuria
1797 2127 1878 2205 urit,
1908 2125 1993 2207 qued
2016 2125 2174 2191 Lollianas

178 2217 254 2290 scio,
276 2223 434 2294 quantum
453 2212 493 2276 ad
515 2211 675 2276 Baeeram
697 2213 822 2276 attinet
865 2211 991 2276 Verum
1012 2211 1099 2277 istud
1118 2221 1152 2276 te
1202 2211 1272 2294 ipse
1294 2211 1378 2276 nihil
1406 2221 1575 2290 retractat,
1606 2211 1690 2276 nihil
1713 2212 1859 2295 mitigat,
1883 2209 1941 2276 scd
1962 2211 2174 2294 pertinaciter

177 2297 265 2362 male
293 2297 391 2361 habet
419 2295 505 2379 quod
531 2297 712 2364 doctrinam
739 2299 879 2380 nuper⁴l
905 2297 1002 2362 isthic
1029 2299 1151 2381 optime
1203 2319 1263 2362 sna
1290 2300 1400 2362 omnia
1427 2299 1555 2364 retinet.
1599 2296 1726 2362 Verum
1755 2296 1833 2380 quid
1860 2299 1981 2364 iaceret
2001 2296 2171 2362 Bararus?

177 2383 390 2449 constitutam
418 2385 594 2461 concussit,
624 2403 726 2466 eoque
754 2382 920 2466 indignior
944 2404 982 2448 ea
1010 2405 1062 2448 res
1091 2383 1151 2450 tibi
1203 2383 1447 2464 Exspectasset,
1476 2381 1614 2465 inquies.
1668 2386 1713 2448 At
1735 2385 1837 2450 satius
1858 2383 1920 2448 fuit
1942 2382 2091 2466 exemplo
2113 2403 2173 2446 sno

177 2469 319 2548 videtur,
342 2468 428 2550 quod
446 2469 566 2552 dogma
582 2467 660 2533 olim
679 2471 939 2536 constantissime
962 2471 1019 2535 ahs
1041 2489 1076 2534 se
1095 2469 1150 2534 de·
1202 2479 1235 2532 et
1257 2469 1429 2534 Lulheram
1456 2479 1488 2532 ιι
1511 2468 1598 2533 alios
1625 2469 1666 2532 ad
1694 2469 1838 2535 officium
1867 2488 2051 2551 provocare.
2096 2467 2172 2549 Quo

177 2555 306 2620 feneum
335 2553 494 2620 adversus
522 2555 823 2620 contumacissimos
845 2554 994 2620 homiues
1022 2556 1150 2638 ipsein
1201 2555 1345 2636 pertinet
1367 2563 1479 2621 saneta
1499 2553 1557 2618 illa
1578 2554 1772 2620 obtestatio?
1817 2553 1903 2618 Nam
1920 2561 2092 2636 postquam
2112 2573 2172 2618 sua

177 2639 312 2706 dubium
331 2650 469 2704 revocet.
504 2639 620 2720 Qualis
639 2641 761 2706 veritas
776 2639 861 2722 apud
880 2662 939 2705 nes
957 2651 1058 2717 nutet,
1082 2661 1150 2706 nou
1201 2641 1402 2718 retractavit,
1426 2661 1480 2706 eos
1502 2661 1629 2722 queque
1650 2661 1709 2723 per
1730 2661 1850 2706 nemen
1867 2639 1932 2702 Dei
1954 2639 2112 2716 hortatur,
2135 2651 2173 2703 ut

177 2725 282 2790 video.
329 2725 455 2791 Verum
483 2725 587 2791 audeo
597 2727 625 2808 ὁ)
659 2726 782 2804 dicere,
810 2727 967 2808 optimam
996 2727 1090 2792 nobis
1112 2748 1150 2792 ao
1201 2726 1345 2791 vicissim
1378 2727 1543 2810 corrigunt
1580 2725 1737 2809 quidquid
1769 2725 1984 2808 deliquerunt.
2041 2725 2173 2790 Lateri

175 2811 314 2878 solidam
336 2811 543 2877 concordiam
566 2831 640 2876 cum
660 2811 799 2891 Becare,
827 2821 866 2876 ut
890 2811 972 2876 nihil
1002 2812 1041 2876 de
1068 2832 1149 2876 sana
1200 2811 1284 2875 liber
1310 2811 1469 2878 adversus
1490 2812 1631 2876 Αιιιιιοι
1658 2811 1735 2895 quid
1765 2813 1932 2876 contineat
1952 2812 2077 2889 nescio,
2106 2811 2171 2874 nisi

177 2895 326 2962 doctrina
347 2895 442 2962 nobis
464 2897 625 2979 depereat.
675 2895 765 2978 Quid
785 2905 837 2963 est
857 2898 893 2962 in
915 2917 954 2961 ιι
971 2919 1069 2980 quam
1088 2898 1148 2962 uli·
1200 2897 1285 2980 quod
1308 2918 1348 2962 ex
1371 2897 1443 2980 ipsa
1469 2897 1681 2979 inscriptione
1708 2898 1844 2962 coniicio
1873 2898 2059 2978 argumenti
2082 2916 2171 2960 sum·

176 2983 306 3066 quando
324 2983 575 3066 conscripsimus
592 2983 741 3058 formula¹
764 2982 852 3065 quod
868 2983 1048 3065 scripturae
1070 2985 1148 3048 sim·
1200 3003 1298 3046 marn.
1342 2983 1383 3047 In
1405 3003 1469 3065 quo
1490 2981 1660 3047 tractando
1687 2985 1715 3049 si
1739 2983 1972 3048 Ocrolstediam
1993 2979 2170 3064 sugillavit,

175 3069 315 3152 plicitati
343 3067 529 3153 repugnet?
586 3066 676 3148 Quid
705 3075 756 3133 est
782 3069 819 3132 in
848 3069 931 3134 meis
960 3069 1107 3135 articulis
1118 3072 1146 3144 6)
1199 3067 1235 3130 in
1257 3087 1295 3132 ee
1323 3089 1387 3132 nen
1416 3078 1505 3134 earet
1535 3069 1670 3133 ratione.
1722 3068 1834 3149 Quare
1861 3087 1930 3131 nou
1957 3074 2095 3150 possunt
2121 3063 2170 3130 illi

174 3154 261 3237 quod
284 3154 417 3232 omniuo
439 3165 472 3218 te
502 3153 667 3219 offendere
688 3153 806 3236 queat?
851 3155 898 3218 Et
925 3163 1036 3220 tamen
1064 3155 1148 3220 nihil
1198 3153 1443 3233 excandescere,
1465 3155 1529 3219 nisi
1551 3153 1635 3236 quod
1658 3151 1833 3218 dolendum
1854 3163 1919 3231 ιιι,
1949 3152 2058 3218 inutili
2080 3159 2170 3218 vete-

175 3241 284 3306 obstat
301 3239 501 3317 concordiae,
524 3239 588 3304 nisi
606 3239 691 3323 quod
712 3241 769 3322 qui
787 3239 893 3304 videri
910 3242 1148 3306 constantiores
1199 3259 1272 3303 rum
1299 3241 1517 3305 certaminum
1538 3241 1696 3304 memoria
1723 3261 1853 3305 rursum
1884 3240 2011 3303 enimes
2038 3257 2170 3303 exacer-

174 3325 294 3392 voluut
318 3347 392 3390 eam
412 3325 592 3392 doctrinam
620 3335 686 3390 tote
708 3331 838 3408 pectore
860 3335 1063 3392 aversantur.
1109 3326 1147 3392 Si
1199 3325 1277 3390 bari.
1313 3323 1423 3391 Stulte
1444 3325 1500 3389 illo
1522 3325 1674 3408 dogmate
1697 3335 1847 3391 vexatam
1870 3322 2170 3390 fuisseaOoretato·

174 3411 252 3494 quid
274 3422 429 3494 putamus
451 3431 522 3477 esse
542 3411 609 3476 fuci
630 3413 664 3475 in
677 3411 827 3488 Martiae,
838 3415 863 3485 ⁷)
885 3433 944 3476 cur
965 3433 1031 3476 nou
1052 3411 1146 3476 illum
1198 3411 1252 3475 dio
1279 3411 1448 3476 ecclesiam
1476 3411 1813 3494 Witembergensem,
1847 3419 1934 3474 certe
1962 3411 2081 3475 certius
2109 3417 2168 3474 est

172 3499 307 3580 penitus
330 3496 535 3562 excutimus?
586 3496 811 3562 Coucedamus
840 3497 1032 3578 simpliciter
1060 3495 1146 3580 quod
1199 3497 1317 3562 Bucari
1333 3497 1455 3562 librum
1477 3497 1616 3561 latinum
1639 3519 1704 3560 non
1727 3496 1893 3562 habemus.
1928 3493 1965 3560 Si
1988 3494 2071 3560 tales
2093 3503 2171 3560 suut

173 3584 337 3666 scriptura
355 3583 457 3662 docet,
480 3583 534 3648 vel
556 3582 659 3660 illum,
689 3583 771 3650 velit
792 3583 885 3661 nolit,
909 3583 943 3646 in
965 3582 1074 3646 lucem
1096 3593 1146 3647 at
1198 3582 1446 3658 moderationes,
1469 3591 1503 3647 et
1523 3583 1583 3648 tibi
1605 3584 1677 3647 inre
1697 3583 1878 3666 displicent,
1907 3581 2044 3646 etmihi
2067 3579 2169 3644 nihilo

173 3667 357 3746 trahemus,
386 3669 438 3736 vel
466 3669 676 3752 tergiversari
701 3677 788 3734 certe
809 3690 876 3734 non
898 3668 1035 3752 poterit,
1066 3669 1146 3750 quin
1197 3669 1303 3750 magis
1325 3667 1517 3745 arriderent,
1541 3669 1568 3732 si
1590 3667 1745 3733 viderem.
1784 3667 1850 3733 Sed
1873 3689 1940 3730 nen
1961 3687 2002 3731 ex
2025 3664 2169 3749 qualibet

171 3753 291 3838 prodat
313 3755 339 3819 si
364 3753 442 3837 quid
468 3755 559 3819 intus
582 3754 649 3820 alat
675 3755 803 3820 veneni.
849 3755 896 3818 At
922 3775 996 3831 nos,
1026 3755 1052 3820 si
1073 3755 1145 3820 Deo
1198 3752 1398 3818 dissensione
1426 3755 1579 3818 continue
1609 3755 1701 3836 sequi
1735 3753 1831 3818 debet
1863 3751 2041 3818 dissidium.
2086 3752 2168 3816 Pre-

171 3840 290 3922 placet‚
309 3840 387 3922 quia
403 3839 550 3904 nondum
570 3839 654 3904 bene
672 3839 830 3906 habemus
852 3839 1058 3923 exploratum
1075 3841 1146 3906 eius
1197 3839 1288 3916 inde,
1318 3849 1482 3922 utcunque
1515 3849 1549 3903 ιι
1576 3839 1734 3922 refragari
1768 3839 1876 3922 aliqua
1904 3859 1944 3902 ex
1976 3844 2069 3922 parte
2097 3837 2168 3902 eius

173 3947 316 4004 sensum,
339 3949 382 3990 ne
393 3925 564 3992 videamur
574 3926 604 3990 ei
621 3925 744 4009 aliquid
755 3927 915 4004 assentiri,
938 3947 1146 4010 verumque·
1197 3926 1378 3990 sententiae
1400 3932 1494 4008 cegat
1515 3925 1723 4000 conscientia,
1747 3923 1853 3990 danda
1871 3933 1981 3988 tamen
2003 3931 2168 4005 operaest

197 4033 238 4076 ue
265 4012 359 4077 fateri
389 4011 658 4076 exhorrescimus.
704 4010 795 4091 Quid
822 4011 961 4094 periculi
988 4019 1088 4091 esset,
1118 4011 1146 4076 si
1197 4023 1236 4076 ut
1263 4012 1409 4075 fraterna
1435 4010 1495 4074 tibi
1524 4030 1597 4074 eum
1625 4031 1662 4074 eo
1690 4011 1873 4076 coniunctio
1901 4015 2042 4072 maneat.
2092 4007 2167 4071 Non

173 4033 297 4164 diserta
324 4097 365 4162 de
393 4097 536 4179 corperis
563 4105 596 4160 et
623 4097 792 4180 sanguinis
814 4095 948 4162 Domini
970 4099 1144 4182 participa-
1197 4097 1286 4162 enim
1309 4105 1431 4160 temere
1449 4096 1588 4160 dissilire
1610 4117 1669 4159 nos
1687 4105 1814 4179 oportet
1830 4094 1871 4159 ab
1892 4095 1935 4158 iis
1955 4115 2035 4178 quos
2057 4093 2166 4158 nobis·

172 4185 277 4260 ιίοιιι,
307 4205 404 4264 quam
426 4183 539 4248 fideles
567 4185 601 4246 in
624 4203 724 4250 coena
745 4183 921 4265 recipiunt,
951 4183 1146 4249 scriberetur
1197 4204 1270 4248 cum
1301 4183 1464 4248 Dominus
1493 4182 1526 4246 in
1557 4181 1663 4264 operis
1696 4183 1744 4246 sui
1780 4181 1967 4246 societatem
1995 4177 2165 4261 copulavit

171 4268 352 4336 confessio?
396 4271 505 4351 Atque
527 4277 584 4333 aut
605 4289 677 4332 eam
700 4268 880 4350 amplexari
903 4267 1069 4334 Martinus
1091 4291 1144 4334 co-
1197 4271 1306 4352 Atque
1327 4270 1363 4332 in
1386 4289 1488 4331 unum
1515 4266 1548 4330 id
1572 4268 1629 4331 abs
1657 4277 1689 4331 te
1715 4275 1809 4350 pete,
1838 4275 1875 4330 ιιι
1902 4265 1949 4331 sic
1977 4271 2166 4328 constanter

171 4363 316 4439 geretur,
338 4365 394 4418 aut
415 4357 532 4418 merito
550 4355 640 4418 illum
665 4354 777 4418 valere
797 4354 993 4420 iuberemus.
1027 4354 1146 4418 Bucari
1197 4375 1278 4430 eam,
1298 4355 1415 4436 inqua
1433 4353 1591 4419 haetenus
1609 4353 1735 4431 stetisti,
1759 4352 1931 4418 veritatem
1950 4351 2100 4428 retineas,
2122 4369 2165 4413 ne

171 4441 458 4506 retractationibus
466 4442 497 4524 ⁸)
524 4451 664 4504 nonest
691 4449 728 4504 ut
749 4451 919 4523 tantopere
941 4459 1142 4504 succenseas.
1197 4439 1367 4505 dissidium
1395 4448 1508 4520 sponte
1535 4449 1688 4521 appetere
1718 4435 1859 4504 videaris
1888 4457 1963 4502 cum
1984 4436 2025 4501 iis
2046 4435 2164 4518 quibus

1196 4525 1368 4590 detrahere
1385 4523 1472 4590 istud
1494 4545 1561 4589 nen
1583 4544 1703 4607 posses,
1726 4543 1826 4606 quum
1849 4523 1917 4588 sint
1934 4521 1992 4586 tibi
2015 4543 2052 4586 ιι
2070 4519 2163 4585 bouis

274 4677 302 4745 3)
320 4677 392 4733 Μ
417 4677 443 4731 3⁸
466 4679 652 4732 Remum
680 4678 943 4746 mmmmm
983 4695 1000 4733 v
1033 4677 1068 4732 N
1096 4677 1132 4732 49
1195 4612 1345 4676 omnibus
1367 4611 1455 4674 iuter
1484 4611 1655 4691 primarios
1677 4609 1803 4674 Christi
1824 4609 1991 4679 ministros
2012 4601 2161 4670 habendi.

947 4718 956 4745 ,
1003 4717 1009 4730 .
1066 4718 1073 4730 .

169 4754 228 4804 ml.
245 4747 269 4800 2,
281 4777 311 4786 -
326 4747 365 4800 H.
383 4747 468 4801 male:
486 4749 542 4801 Gor
561 4751 628 4800 onis.
1132 4717 1141 4747 '

274 4817 305 4880 4)
321 4832 410 4871 measse
428 4815 504 4884 Sept.
525 4766 590 4869 litt
609 4831 662 4884 qao
684 4815 767 4870 ntea
789 4813 865 4870 editu
880 4814 937 4881 feeit
952 4814 1073 4882 formida
1093 4815 1143 4870 nlla
1451 4881 1456 4893 ι
1890 4881 1895 4892 ¹

168 4885 204 4940 ds
222 4901 279 4955 que
295 4901 368 4940 mex.
1195 4882 1238 4948 Os.
1256 4881 1401 4950 Ιιιιιιιιιν,
1425 4881 1489 4934 hcet.
1507 4887 1570 4935 met.
1588 4879 1615 4933 Ι.
1633 4879 1693 4948 236,
1712 4879 1757 4934 ΙΙ.
1777 4877 1818 4934 18.
1852 4875 2027 4944 Kacttofer,
2047 4875 2159 4946 Myron.

274 4955 304 5020 5)
322 4955 402 5008 audio
419 4951 450 5008 S.
1190 4967 1222 5021 ρ.
1242 4950 1300 5004 285.
1335 4950 1554 5018 Hmsdeshuqen,
1572 4947 1590 5002 l.
1608 4949 1626 5002 l.
1642 4965 1673 5018 p.
1691 4947 1794 5028 673‘18.
2142 5013 2148 5026 ¹

275 5024 304 5086 6)
324 5022 363 5076 N.
382 5023 441 5075 111.
1295 5019 1325 5078 9)
1348 5019 1423 5088 Quia
1439 5019 1490 5073 hoc
1506 5019 1561 5072 asti
1577 5018 1650 5084 velt,
1675 5022 1706 5071 ta
1723 5017 1825 5072 ιιιιιι.
1861 5015 1942 5094 Nm,
1955 5011 1988 5066 de
2003 5011 2091 5092 lehclle
2108 5012 2160 5094 ιιι-

274 5091 304 5159 7)
319 5091 437 5145 Baeere.
1194 5103 1247 5158 qne
1272 5087 1338 5142 dicit
1363 5087 1457 5143 edite?
1500 5086 1548 5141 lte
1576 5086 1677 5156 efficies
1699 5087 1904 5162 Imitationem
1923 5097 1987 5162 joam
2011 5099 2043 5134 m
2067 5081 2162 5138 Gaura

273 5162 303 5218 8)
322 5161 450 5214 Irsscrtee
467 5164 532 5214 ιιιιι
549 5157 1055 5226 αιιιιιῧιωηιιίιιῶιιιιιιιιιιι
1072 5171 1139 5225 eea,
1194 5161 1338 5212 aceretem
1354 5157 1457 5225 samse,
1482 5171 1553 5226 quac
1569 5157 1633 5210 elim
1649 5155 1763 5224 edecta
1777 5155 1834 5222 fait
1850 5165 1954 5230 opacae:
1989 5149 2093 5204 Arcaea
2105 5165 2159 5222 pe-

167 5231 259 5289 ultera
276 5229 385 5286 marr.
401 5229 545 5285 ιἰΙοιιιιι.
562 5233 680 5298 utaque
694 5227 777 5284 Teate
788 5225 944 5296 Aeneam
959 5243 991 5296 p.
1009 5225 1061 5281 643
1068 5241 1140 5296 seqq.
1193 5227 1250 5282 tias
1268 5225 1301 5281 de
1318 5227 1453 5282 ιιιιιιιιιι
1462 5227 1528 5284 eiua
1540 5240 1605 5281 eece
1620 5239 1844 5294 ιιμιιιιςιιιιιιι
1861 5233 1969 5276 cecam
1985 5233 2015 5275 ιι
2031 5217 2160 5298 offerret?
