4852 6022
1068 307 1330 376 EPISTULAE
1356 310 1521 372 ree-187

738 495 811 566 185.

515 633 749 702 OAIMNUS
772 631 1047 700 LIBERTETO.

380 789 512 870 Gospor
539 788 641 854 aditae
665 789 910 870 Argentoratum
943 789 1117 869 relinquere
1146 786 1263 852 abnuit

289 877 368 956 Ipse
393 874 426 937 C.
446 875 569 958 gratim
596 875 663 957 aqit
684 875 782 940 amno
803 874 840 938 de
860 873 930 938 eiras
952 873 1115 957 diliqeretr'a
1136 874 1171 937 in
1187 892 1263 953 pro·

290 961 442 1026 curandis
467 958 622 1025 Olinelane'
642 957 743 1024 rebe.

356 1113 411 1178 (Ex
430 1112 597 1182 autographo
614 1112 794 1166 bibliothecae
811 1118 951 1182 pastorum
969 1113 1216 1176 Neocomensinm.)

375 1265 509 1349 Optimo
531 1266 625 1330 fratri
646 1287 718 1332 meo
730 1266 968 1349 Ohristophoro
978 1267 1149 1332 Libertate
1160 1266 1261 1333 eoele-

288 1352 356 1418 siae
378 1351 592 1416 'l'ononisnsis
609 1353 732 1435 pastori
754 1351 953 1418 fidelissimo.

374 1471 492 1537 Gratia
513 1472 572 1536 tibi
592 1481 626 1535 ot
642 1491 708 1554 pax
725 1469 909 1551 aDomino,
927 1473 1138 1556 integerrimo
1152 1472 1260 1536 irater.

288 1558 423 1624 Literao
445 1567 520 1622 tuae
535 1559 559 1638 ¹)
582 1558 622 1622 ab
644 1556 787 1635 Enardo,
809 1557 902 1623 ouius
923 1579 977 1624 mo
995 1558 1126 1623 nomine
1143 1558 1179 1622 in
1197 1557 1261 1622 illis

286 1643 461 1721 salutabam,
480 1642 626 1708 redditae
646 1644 781 1708 fuerunt
803 1647 849 1706 ll.
867 1645 997 1710 circitor
1021 1643 1110 1728 die²)
1134 1663 1175 1708 ex
1198 1665 1261 1726 quo

285 1728 381 1794 datas
408 1728 547 1792 fucrant.
597 1729 712 1811 Itaque
739 1726 847 1793 locum
875 1730 969 1794 illum
999 1751 1065 1794 non
1093 1729 1163 1793 sine
1192 1730 1260 1794 risu

285 1813 451 1898 praetorii.
472 1835 573 1897 quum
592 1813 735 1878 viderem
748 1823 816 1878 tam
834 1816 898 1880 cito
917 1835 993 1880 oum
1010 1814 1064 1882 hio
1082 1813 1259 1892 advolasse,

286 1919 385 1984 quem
408 1897 540 1964 affixum
563 1899 637 1966 istic
659 1901 806 1983 putabas.
841 1901 916 1965 Non
933 1902 1021 1965 enim
1044 1899 1158 1966 dubito
1180 1901 1260 1983 quin

286 2005 307 2049 a
337 1985 430 2049 vobis
461 2005 586 2067 quoqne
621 1985 810 2051 missionem
843 1992 919 2052 ants
951 1984 1128 2051 obtinuerit
1162 2005 1260 2069 quam

285 2069 350 2135 huo
368 2091 403 2134 se
421 2071 591 2136 conferret.
626 2071 724 2136 Certe
742 2072 798 2137 ubi
820 2081 954 2138 vocatus
977 2071 1017 2136 ad
1042 2072 1259 2136 ministerium

285 2157 465 2233 accesserit,
488 2177 581 2239 spero
603 2156 674 2222 aius
696 2177 843 2239 operam,
874 2167 912 2224 ut
931 2159 1037 2240 magis
1065 2179 1187 2235 soram,
1214 2158 1261 2222 ita

284 2243 391 2326 magis
417 2241 530 2306 utilem
558 2241 715 2307 ecclosias
737 2243 814 2308 iore.
870 2245 903 2309 A
934 2243 1079 2324 Gaspare
1110 2243 1171 2309 hoo
1204 2265 1260 2308 ex·
1313 2295 1319 2308 .

285 2326 423 2391 tundere
453 2326 544 2390 nullo
573 2326 668 2391 modo
697 2329 801 2410 possis
824 2335 862 2393 ut
883 2349 918 2394 se
940 2339 1018 2393 ante
1043 2329 1196 2414 hyemem
1219 2327 1260 2393 ad

286 2429 368 2497 opus
390 2413 546 2496 accingat.
591 2413 642 2477 Ne
664 2415 734 2497 ipse
755 2413 900 2495 quidem,
930 2415 958 2480 si
979 2436 1089 2480 eoram
1118 2414 1258 2491 adesses,

284 2517 360 2562 enm
390 2495 540 2584 erepere
554 2498 664 2579 possis
684 2497 769 2586 orele]
799 2498 834 2564 id
861 2509 998 2583 tompus.
1043 2499 1136 2565 Adeo
1157 2499 1258 2565 semel

285 2583 326 2647 ad
349 2582 409 2648 has
430 2583 578 2649 inducias
600 2586 745 2649 animum
768 2585 955 2651 obstinavit
999 2587 1066 2652 Por
1090 2606 1143 2650 me
1170 2595 1259 2650 certe

284 2689 350 2734 non
378 2669 467 2734 stetit
495 2669 572 2751 quin
600 2670 708 2753 primo
735 2691 862 2753 qaoque
891 2671 944 2736 dio
979 2672 1042 2736 iter
1072 2672 1259 2754 corriperet

283 2751 352 2821 Sed
384 2775 485 2837 quum
516 2752 662 2820 viderem
695 2756 775 2821 adeo
804 2765 992 2823 constanter
1025 2757 1182 2841 propositi
1208 2757 1258 2822 sui

283 2847 446 2914 tenacem,
475 2861 541 2904 non
571 2842 662 2922 potui
690 2839 813 2908 diutius
839 2843 1000 2909 insistere.
1049 2843 1124 2908 Non
1147 2851 1258 2907 tamen

281 2925 390 3010 patiar
411 2924 497 2990 ultra
513 2925 634 2992 multos
652 2947 790 3006 mensos,
812 2929 878 2992 nisi
902 2928 979 3012 quid
997 2929 1080 2995 forte
1097 2926 1257 3008 inciderit,

282 3012 421 3077 otiosum
433 3009 653 3077 hiodesidere.
688 3013 816 3098 Hyems
835 3033 912 3080 vero
924 3014 1079 3098 temporis
1098 3016 1258 3081 iacturam

282 3097 511 3180 compensabit,
534 3097 619 3180 qnod
637 3098 825 3166 instructior
834 3101 1002 3183 aliquanto
1013 3099 1054 3166 ad
1069 3120 1127 3166 ros
1140 3101 1256 3166 veniet.

282 3182 337 3250 Ad
371 3203 429 3248 ros
461 3203 562 3266 quum
594 3181 681 3263 dico,
718 3185 866 3270 intelligo
895 3187 930 3250 in
958 3187 1092 3252 vineam
1122 3184 1256 3252 Ohristi.

282 3269 368 3335 Nam
398 3289 508 3334 secum
534 3269 605 3351 ipse
632 3270 754 3335 nedum
783 3271 978 3338 deliberarit
1003 3293 1070 3354 qna
1098 3271 1133 3335 in
1164 3279 1258 3355 parte

282 3373 381 3438 agere
403 3352 526 3420 debeat.
571 3355 686 3437 Neque
706 3377 786 3422 roro
807 3358 978 3423 eonsilium
1000 3357 1035 3422 id
1057 3358 1120 3422 nisi
1149 3378 1191 3422 ex
1222 3377 1258 3421 rs

281 3440 448 3524 praesenti
474 3460 589 3524 capere
616 3449 730 3523 potest.
781 3443 900 3508 Nosoio
928 3463 1008 3526 quas
1041 3442 1102 3508 tibi
1134 3441 1258 3527 gratias

282 3547 379 3610 agere
416 3525 550 3590 debeam
588 3523 628 3591 de
663 3527 728 3593 ista
758 3535 818 3592 tua
850 3527 1021 3612 diligentia
1059 3549 1142 3612 quae
1173 3527 1257 3592 mihi

282 3619 369 3678 oerte
390 3610 557 3678 luculento
578 3613 763 3678 testimonio
785 3623 843 3692 est,
864 3625 1065 3697 quantopere
1086 3634 1140 3678 me
1157 3635 1255 3678 ames.

282 3693 357 3780 Quo
378 3697 484 3781 magis
511 3697 611 3762 etiam
636 3719 690 3763 mo
717 3695 817 3781 pudet
845 3720 946 3782 quum
969 3709 1095 3782 reputo,
1125 3707 1256 3764 tantum

280 3783 439 3866 temporis
460 3783 520 3848 tibi
542 3803 615 3847 moa
636 3801 735 3848 causa
756 3783 913 3867 deperire.
963 3785 1038 3851 Non
1067 3785 1158 3850 enim
1185 3785 1256 3849 fieri

279 3876 389 3952 potest
409 3868 489 3952 qnin
511 3877 543 3933 te
564 3867 679 3934 multis
701 3869 815 3936 diebus
833 3871 934 3937 tricae
955 3871 1038 3936 istae
1055 3871 1255 3953 occuparint.

282 3953 395 4034 Quum
423 3963 534 4019 tamen
560 3975 629 4020 non
655 3957 818 4038 gravatim
852 3957 887 4020 in
920 3959 1016 4022 amici
1048 3956 1190 4040 gratiam
1222 3954 1256 4019 id

281 4039 447 4106 molestiae
469 4038 616 4117 devoras,
638 4061 739 4124 perge
760 4062 879 4124 quaeso
900 4041 943 4106 nd
965 4039 1164 4125 colligendas
1182 4041 1257 4106 illas

282 4123 519 4208 reliquiasque
540 4127 677 4210 coepisti
699 4127 772 4192 lide.
816 4127 892 4192 Non
913 4127 1001 4191 enim
1024 4125 1127 4192 audeo
1149 4126 1256 4192 dicere

283 4208 461 4292 diligentia,
483 4231 580 4294 quam
603 4233 703 4296 prope
721 4213 856 4277 nimiam
875 4213 974 4278 inisse
996 4233 1145 4296 agnosco.
1189 4212 1256 4276 Re-

284 4293 401 4376 liquias
432 4295 579 4380 intelligo
613 4297 780 4363 volumina
818 4299 875 4363 illa
913 4319 995 4382 quae
1027 4317 1047 4362 a
1082 4297 1257 4380 Popillionc

284 4379 393 4446 adhuc
410 4376 608 4462 detinentur,
630 4382 718 4466 apud
734 4405 830 4467 quom
848 4383 950 4449 miror
966 4395 1033 4448 tam
1051 4404 1168 4468 parum
1186 4403 1257 4448 esse

284 4464 461 4549 religionis.
505 4467 597 4532 Nibil
619 4471 707 4534 enim
730 4470 847 4535 afferre
868 4479 982 4552 potest,
1005 4491 1069 4552 quo
1096 4470 1256 4553 tergiver-

285 4637 385 4703 libros
415 4635 501 4700 tanti
528 4639 648 4716 poteris
676 4640 833 4718 vendero,
861 4642 975 4724 quanti
1004 4661 1064 4706 ros
1091 4661 1132 4705 ex
1154 4661 1257 4722 aequo

285 4731 320 4789 ot
341 4724 427 4789 bono
445 4720 633 4788 aestimatis.
665 4725 790 4791 Vemm
807 4727 834 4792 si
852 4726 929 4810 qnid
941 4728 1003 4791 erit
1013 4725 1257 4802 intertrimenti,

285 4808 426 4874 libenter
463 4806 571 4890 patiar
612 4807 715 4874 decidi
752 4833 794 4876 ex
827 4833 964 4877 summa
1019 4813 1114 4878 Duos
1145 4820 1257 4877 tamen

286 4893 407 4960 habere
423 4903 541 5029 optem,
559 4892 623 4957 nisi
640 4892 699 4958 tibi
714 4897 887 4962 molestum
906 4897 976 4962 erit
1012 4898 1122 4963 Biblia
1138 4907 1259 4962 renota

305 5078 370 5139 185.
388 5079 418 5140 ll
440 5079 476 5134 N.
496 5077 554 5133 182.

391 5147 419 5214 2)
440 5147 515 5218 Erqo
533 5165 555 5203 r.
566 5145 608 5201 22.
628 5145 700 5212 Sept.
719 5149 758 5199 ito
775 5155 804 5202 ut
822 5151 887 5206 baro
903 5168 1007 5222 quoqne
1021 5153 1071 5208 cal
1082 5153 1259 5222 fiaemlruiao

284 5217 388 5270 mats
404 5218 507 5284 scripto
524 5218 658 5271 rideatur.

2226 309 2285 368 372

1315 505 1348 561 et
1364 493 1564 578 psalterium.
1608 493 1685 562 Soio
1701 496 1790 560 enim
1807 494 1997 578 psalterium
2019 517 2040 561 a
2060 495 2176 560 maiori
2195 494 2289 560 voln-

1315 581 1404 645 mine
1421 581 1543 647 abesse.
1586 580 1695 648 Oansa
1712 580 1794 648 haeo
1810 597 1860 648 est
1877 601 1968 648 meae
1985 579 2183 665 cupiditatis,
2202 579 2288 662 quod

1319 666 1498 732 Olivetensis
1530 663 1705 751 diligenter
1736 687 1850 734 omnes
1888 688 2004 734 versus
2041 665 2110 734 anis
2142 665 2289 732 numeris

1315 753 1450 817 notavit
1462 755 1490 828 8)
1530 752 1603 818 Hac
1621 764 1730 818 mmen
1747 754 1939 836 exceptione
1956 752 2030 818 illos
2047 761 2130 836 peto,
2150 753 2180 816 si
2198 751 2290 818 nulla

1315 849 1372 902 tua
1392 838 1445 904 rel
1467 839 1592 903 iactura
1612 838 1666 904 vel
1686 839 1835 906 molestia
1855 841 1921 904 fiet
1957 839 2012 904 Ex
2033 837 2144 902 animo
2164 837 2288 919 loquor.

1314 922 1536 1005 Quamobrem
1549 924 1672 1008 dispice
1682 945 1725 990 an
1736 924 1827 990 nullo
1839 934 1895 990 tuo
1906 923 2109 990 incommodo
2120 924 2289 1007 resignare

1314 1019 1492 1092 utrumque
1508 1010 1592 1075 mibi
1609 1011 1721 1094 possis.
1759 1010 1844 1076 Oum
1861 1011 1987 1076 Ioanne
2008 1009 2149 1076 Girardo
2165 1010 2288 1075 confice

1314 1105 1412 1178 prout
1444 1093 1617 1161 videbitur.
1626 1098 1656 1172 ⁴)
1711 1097 1834 1162 Ratum
1860 1096 1949 1162 onim
1977 1094 2103 1161 habebo
2129 1093 2287 1178 quidquid

1313 1181 1522 1265 transegeris.
1566 1182 1742 1266 Negotium
1764 1183 1903 1247 fratrum
1925 1201 2079 1248 curamus
2105 1202 2170 1264 qua
2197 1177 2287 1246 deest

1313 1265 1387 1343 fide,
1405 1268 1531 1332 minore
1543 1274 1653 1332 tamen
1665 1289 1816 1334 successu
1828 1287 1925 1350 quam
1936 1277 2133 1351 optaremus.
2167 1265 2286 1331 Comiti

1317 1353 1521 1424 Grillelmo³t
1550 1352 1725 1437 diligenter
1750 1351 1991 1419 commendavit
2018 1359 2153 1418 senatus
2178 1363 2286 1416 nostm

1313 1437 1447 1502 interim
1470 1438 1548 1504 dum
1570 1439 1728 1504 nuncium
1750 1461 1770 1503 a
1791 1439 1992 1522 principibus
2015 1445 2227 1521 exspectatur
2248 1433 2285 1501 de

1313 1524 1474 1588 mittenda
1511 1525 1681 1608 legatione.
1738 1523 1855 1590 Saluta
1884 1525 1967 1590 mibi
2005 1524 2123 1588 iratres
2157 1531 2285 1587 nostros

1313 1629 1428 1675 omnes
1455 1610 1511 1692 qui
1532 1609 1607 1674 istio
1628 1631 1745 1694 agrum
1766 1609 1901 1674 Domini
1923 1609 2049 1687 colunt,
2080 1607 2251 1674 Perieras
2259 1609 2284 1690 ⁶)

1313 1715 1408 1776 quem
1423 1705 1530 1762 tecum
1547 1696 1692 1762 itabens
1709 1697 1896 1780 conspirare
1916 1695 2051 1780 gaudeo,
2069 1693 2285 1760 Alexandrum

1313 1788 1347 1844 et
1368 1781 1462 1857 alios,
1489 1781 1654 1860 Pereat)
1678 1783 1777 1848 etiam
1799 1803 1895 1864 quem
1918 1779 2108 1846 admonebis
2130 1789 2168 1844 ut
2190 1800 2284 1862 qnam

1313 1865 1408 1932 debet
1429 1867 1632 1950 pecuniolam
1653 1869 1763 1932 mittat
1780 1867 1862 1932 mihi
1880 1869 1986 1950 primo
2005 1865 2134 1932 nuncio.
2176 1864 2283 1949 Negli-

1312 1954 1443 2035 gentius
1454 1953 1541 2018 enim
1554 1953 1622 2037 egit
1633 1975 1730 2036 quam
1746 1973 1807 2038 par
1823 1962 1903 2032 arat,
1943 1952 2008 2017 uod
2026 1961 2076 2016 tot
2091 1952 2283 2016 monitiones

1313 2037 1421 2102 surdis
1440 2038 1574 2104 auribus
1593 2039 1729 2122 excepit.
1774 2039 1882 2104 Malae
1900 1974 1976 2104 fidei
1997 2037 2073 2103 nolo
2095 2037 2282 2102 insimulare

1311 2144 1408 2206 quem
1441 2144 1571 2206 semper
1602 2125 1723 2190 bonum
1757 2124 1865 2191 virum
1897 2145 1970 2189 sum
1999 2133 2165 2206 expertus.
2220 2121 2281 2188 Sed

1311 2209 1507 2292 aequitatem
1528 2209 1619 2276 ineo
1637 2231 1705 2274 non
1722 2211 1886 2275 immerito
1904 2209 2061 2287 desidero,
2080 2207 2168 2290 quod
2187 2228 2282 2291 quum

1310 2295 1455 2379 mopiam
1476 2315 1584 2359 meam
1603 2317 1669 2362 non
1688 2295 1818 2380 ignoret
1835 2295 2038 2379 pecuniolam
2051 2293 2132 2358 milri
2144 2293 2281 2358 debitam

1310 2385 1459 2458 socumss)
1492 2381 1621 2446 retinet.
1675 2379 1820 2448 Proinde
1853 2382 1959 2460 allice,
1992 2401 2127 2464 quaeso,
2161 2389 2202 2446 ut
2233 2377 2280 2443 rel

1310 2467 1463 2532 restituat
1485 2466 1543 2532 tibi
1564 2487 1646 2550 qnae
1675 2488 1695 2532 a
1722 2468 1823 2532 iratro
1852 2487 1925 2532 meo
1952 2467 2033 2532 emit
2058 2466 2113 2531 vel
2143 2465 2280 2548 pretinm

1310 2551 1424 2618 solvat
1468 2553 1631 2618 Dominus
1649 2553 1801 2619 Christus
1819 2573 1878 2618 ros
1895 2573 2008 2618 omnes
2029 2551 2185 2617 eeclesiae
2207 2570 2280 2616 suae

1310 2633 1367 2703 diu
1394 2647 1568 2704 conservat
1598 2638 1784 2704 incolumes.
1834 2637 1918 2702 Vale
1952 2640 2052 2704 irater
2079 2637 2160 2701 mibi
2187 2635 2279 2701 dilec-

1310 2723 1445 2790 tissime.
1491 2725 1701 2808 Argentinao.
2119 2773 2121 2780 -

1930 2809 2091 2876 (lalvinns
2111 2819 2199 2874 tuna

1396 2961 1521 3029 Omnes
1548 2972 1581 3028 te
1608 2963 1766 3042 salutant,
1794 2971 1924 3047 praetor
1949 2966 2086 3048 fratrem
2112 2961 2171 3046 qni
2197 2981 2280 3026 nnno

1310 3047 1410 3116 abest.
1455 3050 1592 3116 Librum
1619 3051 1769 3125 menm⁹)
1798 3049 1870 3116 ideo
1897 3072 1964 3116 non
1990 3051 2087 3114 mitto
2115 3049 2281 3132 quianon

1309 3143 1360 3202 est
1386 3133 1429 3200 ad
1455 3156 1589 3200 manum
1617 3135 1768 3219 proprius
1796 3137 1944 3202 nnnoius.
1995 3133 2083 3217 Quia
2111 3153 2191 3218 ergo
2217 3152 2281 3197 non

1308 3219 1414 3286 multo
1434 3221 1572 3286 minoris
1601 3231 1791 3288 constatura
1817 3229 1888 3287 erat
1916 3230 2050 3288 rectura
2077 3239 2176 3302 quam
2202 3216 2281 3282 liber

1309 3305 1388 3390 ipse,
1410 3316 1443 3372 et
1463 3307 1528 3374 cito
1551 3307 1613 3373 bae
1634 3307 1760 3373 ratione
1781 3307 1918 3390 perferri
1936 3307 1977 3374 ad
2002 3319 2036 3372 te
2057 3327 2125 3371 non
2147 3311 2281 3388 poterat,

1309 3394 1423 3476 putavi
1445 3393 1551 3477 magis
1572 3391 1726 3477 expedire
1749 3404 1786 3458 nt
1806 3414 1826 3458 a
1847 3392 2002 3460 Micltaele
2020 3413 2119 3458 emas.

1759 3767 1833 3839 186.

1563 3903 1796 3972 PIGNETUS
1816 3905 2034 3972 GALVINO.

1397 4057 1517 4141 (lapide
1533 4064 1686 4141 exspectat
1700 4081 1792 4126 novos
1805 4057 1929 4125 Celerini
1947 4059 2042 4125 libros
2058 4061 2126 4126 use
2142 4063 2279 4142 cuiue,

1307 4145 1372 4210 sive
1386 4145 1570 4210 saliendos.
1599 4143 1839 4227 Responsioaem
1850 4147 1893 4212 ad
1913 4145 2048 4210 Sadoleti
2058 4145 2238 4229 Epistolom
2248 4145 2279 4208 ia

1305 4230 1456 4314 qallioum
1472 4235 1589 4296 certem
1606 4251 1775 4296 samonem
1791 4231 1960 4297 manditur.
2002 4230 2203 4296 &meamet
2215 4229 2279 4313 Syl·

1307 4318 1394 4382 viam
1404 4315 1630 4400 typographum
1643 4337 1735 4398 quem
1745 4323 1847 4398 utpote
1859 4317 2045 4398 popularem
2057 4337 2095 4382 ae
2107 4319 2281 4400 proderat

1307 4407 1414 4480 monet,
1435 4404 1466 4467 si
1487 4401 1565 4484 quid
1582 4402 1648 4467 iam
1665 4403 1722 4468 aab
1740 4405 1850 4470 inuade
1861 4403 1977 4483 lrabeat
2000 4423 2046 4469 ea.
2062 4425 2109 4488 qr.
2128 4401 2282 4469 diatribae

340 4551 345 4563 .
482 4549 488 4562 .
632 4555 639 4569 ,
999 4557 1005 4569 ,
1308 4493 1415 4553 oonlra
1436 4487 1704 4572 lypnosoplislas.

284 4560 447 4618 sationem
479 4559 573 4614 istam
612 4564 674 4619 rite
712 4564 854 4621 excuset.
910 4556 1027 4620 Nescio
1065 4577 1106 4620 an
1142 4575 1257 4620 omnes
1311 4613 1367 4617 --
1500 4613 1511 4618 -

1410 4672 1440 4738 3)
1461 4673 1555 4728 Biblia
1561 4693 1662 4744 qraeea
1673 4675 1777 4731 Aldina
1788 4675 1925 4742 1518s0t;
1937 4675 2094 4744 opmbodie
2101 4677 2284 4740 rarissimu,

1308 4745 1428 4797 armeris
1444 4759 1476 4798 ca
1505 4745 1564 4797 'tam
1582 4751 1607 4796 et
1623 4761 1749 4798 onasum
1767 4750 1877 4799 omnim
1895 4761 1998 4800 carens.

1410 4811 1441 4875 4)
1488 4827 1543 4865 arro
1554 4811 1621 4866 tetta
1632 4813 1752 4867 (lirardi
1756 4816 1861 4882 pretam
1873 4814 2002 4870 Calvinae
2019 4812 2140 4867 nondam
2156 4813 2285 4866 walt»

1411 4880 1441 4944 b)
1460 4897 1478 4934 a
1497 4881 1695 4952 lllrstemderq,
1712 4885 1744 4936 ia
1761 4885 1827 4938 aula
1861 4885 1943 4938 alltea
1959 4883 2145 4940 memoranti.

1311 5016 1360 5072 IV
1381 4949 1439 5072 ρος)
1462 4947 1573 5005 (lirard
1601 4950 1716 5012 Portet,
1746 4951 1806 5006 ord.
1834 4899 1861 5006 ,ἕ
1889 4953 1962 5022 Auq.
1994 4951 2117 5006 Tonanti
2165 4951 2284 5014 itamar,

1413 5085 1440 5152 l)
1459 5085 1591 5141 Fortasse
1609 5087 1640 5142 P.
1661 5087 1795 5158 Masayer
1812 5105 1837 5143 o.
1856 5087 1881 5142 d.
1900 5107 1934 5142 ra.
1951 5091 1982 5143 ia
2001 5089 2150 5158 Gonoaay.

1412 5153 1442 5217 Bt
1459 5157 1578 5222 sortasse
1594 5157 1746 5224 ὶιφειιάιιιιιε
1764 5173 1865 5211 secure.

1412 5223 1442 5289 9)
1460 5225 1648 5280 Institutioair
1663 5226 1704 5280 ed
1724 5226 1767 5280 11.
