4782 6010
971 295 1339 366 Paouaaorfflns.

1069 539 1093 620 ς.
1116 535 1214 602 xrs.

631 671 901 730 connectiones
919 672 1114 728 VARIARUM
1129 672 1387 729 EPISTOLARUM
1405 673 1557 730 stacam
1574 675 1652 730 XVI.

299 811 488 877 Illrntrimn
516 816 544 876 et
570 797 729 878 clarormn
763 813 903 877 oirorrnn
939 811 1085 894 epistolae
1111 811 1284 877 selectiores
1310 811 1469 893 superiore
1496 817 1525 878 et
1551 811 1606 879 hoc
1632 813 1754 880 soeculo
1781 815 1931 896 sanstae,
1959 815 2145 882 (1111115155

143 921 179 987 in
198 923 356 987 centurias
377 927 448 1002 tres,
469 923 504 988 in
526 922 641 1004 quibem
660 923 760 988 maha
780 922 953 1006 theolopico,
971 921 1112 1005 politica,
1136 922 1341 988 eodcsiastica
1362 929 1413 988 eto.
1436 943 1516 1005 qaas
1530 925 1659 1007 passim
1680 945 1719 990 ea
1740 925 1946 1008 antopraphis
1966 927 2084 1010 collepit
2105 945 2145 993 ar

143 1033 242 1099 edidit
265 1031 373 1099 Simon
394 1033 497 1100 Abbes
521 1033 681 1100 Gabbema
703 1033 788 1100 Hist.
811 1033 900 1099 Fris.
944 1033 1006 1100 Ed.
1036 1033 1138 1100 altera
1165 1037 1265 1100 anda.
1289 1032 1467 1118 Harlinpae
1494 1033 1582 1100 Fris.
1611 1056 1649 1101 ee
1673 1035 1800 1118 officina
1826 1034 1964 1102 Herenrs
1993 1035 2142 1104 Galama.

144 1142 382 1212 MDOLXIX.
406 1148 436 1209 8.
481 1143 590 1225 Quem
612 1167 713 1229 quum
735 1146 863 1228 saepius
883 1144 1033 1210 laudaret
1059 1153 1093 1210 51
1114 1145 1314 1212 exscriberet
1336 1143 1508 1225 Simlerus,
1538 1166 1597 1212 nos
1620 1167 1748 1231 quoque
1770 1148 1982 1226 excussimus,
2005 1148 2063 1214 scd
2085 1170 2143 1232 spe

142 1255 209 1320 lere
242 1255 325 1320 15151.
376 1255 598 1323 Paucissimas
632 1256 732 1322 habet
759 1256 876 1339 quibus
903 1258 954 1321 uti
983 1263 1184 1339 poteramus,
1213 1255 1344 1322 Caluini
1373 1257 1514 1338 nullam,
1542 1279 1644 1324 unam
1669 1257 1856 1345 Bullingeri
1884 1258 1925 1324 ad
1953 1257 2142 1326 Calvinum.

142 1365 269 1431 Multae
291 1365 411 1432 adsunt
431 1367 473 1433 ad
494 1369 638 1434 Luscum
660 1366 765 1432 (15155.-

296 1477 460 1544 Μ111515111
483 1479 581 1544 etiam
602 1479 742 1545 fnrctum
765 1479 955 1564 collegimus
982 1500 1024 1544 ex
1054 1479 1117 1544 5115
1142 1479 1247 1544 multa
1272 1478 1428 1562 ampliore
1448 1500 1546 1562 opere
1571 1482 1664 1546 auius
1686 1483 1810 1564 passim
1831 1483 2029 1548 mentionem
2051 1481 2141 1566 apud

142 1586 324 1654 Simlerum
344 1591 463 1656 factam
485 1591 684 1656 videramus:
710 1590 831 1674 Syllope
853 1590 1071 1672 Ephnlarnm
1092 1611 1113 1655 a
1134 1591 1216 1655 airis
1237 1591 1415 1656 1115511551
1441 1591 1639 1674 scriptoram.
1687 1593 1778 1659 Tomi
1799 1594 1949 1676 qninqae,
1977 1593 2143 1660 amoses

140 1701 253 1784 diperti
269 1721 331 1782 per
344 1701 474 1767 Petrina
483 1701 717 1767 Burmannnm
752 1701 870 1768 leidae
890 1701 977 1785 apa
1000 1701 1032 1766 S.
1053 1701 1243 1767 Lnohtmons
1267 1705 1358 1766 1727.
1382 1706 1410 1766 t.
1444 1701 1625 1786 Pleraeque
1647 1703 1735 1768 enim
1757 1703 1798 1770 ad
1820 1704 1976 1771 seriorem
1998 1711 2141 1770 aetatem

140 1813 310 1896 pertinent
331 1819 364 1879 et
384 1813 473 1878 inter
495 1813 695 1896 antiquiores
716 1833 817 1878 unam
838 1819 968 1878 tantum
990 1812 1120 1880 Caluini
1142 1813 1282 1898 legimus
1304 1811 1382 1879 alibi
1404 1833 1471 1878 non
1493 1819 1687 1880 exstantem

297 1923 329 1990 J.
354 1924 484 2009 Georpii
497 1925 698 2004 sarthana,
719 1925 912 1991 ecclesiastae
933 1930 961 1990 et
982 1923 1207 1990 bibliothecarii
1219 1923 1487 2008 Mernnrinpensis,
1510 1925 1723 1992 Aneoem'tates
1744 1925 1895 1993 historiae
1916 1927 2141 1993 mchsiasticae

141 2041 169 2102 et
192 2035 360 2116 literariae,
381 2035 495 2118 quibas
515 2037 625 2102 varice
646 2036 877 2116 observationes,
899 2037 1017 2116 scripta
1034 2037 1107 2100 item
1123 2036 1277 2118 quaedam
1293 2037 1439 2101 anecdota
1455 2040 1484 2101 et
1500 2037 1627 2102 rariora
1646 2038 1803 2119 opuscula,
1826 2037 1960 2104 diversis
1976 2039 2142 2120 utriusque

140 2146 294 2212 historiae
315 2147 471 2228 capenas
493 2148 687 2212 elucidandis
707 2149 909 2214 inservientia
931 2145 1121 2214 eahibentnr.
1156 2145 1304 2230 Francos.
1326 2145 1510 2228 etLipsioe,
1533 2147 1709 2229 sumptibus
1729 2147 1772 2214 D.
1794 2148 2029 2215 Barnonmaet
2050 2154 2079 2214 et
2092 2147 2139 2230 fil.

142 2261 235 2324 1737.
258 2261 287 2322 8.
331 2258 373 2324 In
394 2257 501 2342 primo
528 2258 694 2325 volumine
720 2258 818 2324 huius
846 2259 1041 2325 collectionis
1068 2257 1167 2324 habes
1194 2259 1282 2323 inter
1309 2258 1374 2324 5115
1398 2257 1569 2342 epistolam
1591 2240 1691 2324 Annii
1712 2259 1855 2326 Palearii
1878 2259 1919 2324 ad
1941 2260 2140 2340 Lutherum,

139 2369 444 2450 Melanchthcnem,
467 2371 632 2436 Buoerum
655 2379 688 2444 51
699 2369 874 2437 Calvinum
892 2369 1011 2450 datam,
1034 2391 1131 2452 quam
1150 2391 1178 2434 5.
1200 2373 1280 2434 1832
1299 2370 1435 2436 seorsim
1453 2366 1559 2436 denuo
1578 2369 1681 2436 edidit
1700 2369 1761 2436 Oh.
1774 2370 1813 2436 Il.
1825 2369 1933 2456 Illgen
1945 2371 2138 2454 Lipsiensis.

296 2480 457 2562 Epistohm
479 2482 518 2547 ab
541 2483 683 2549 ecclcsiae
704 2481 864 2548 novatae
884 2481 1138 2564 reformatoribus
1154 2481 1203 2547 ael
1224 2483 1266 2548 ad
1288 2501 1339 2546 eos
1359 2482 1503 2564 scriptas.
1540 2480 1661 2562 Qnibrn
1681 2481 1781 2548 malta
1801 2481 1969 2566 theolopica
1989 2482 2140 2548 historica

133 2592 268 2675 politica
289 2596 318 2657 et
337 2593 474 2658 macione
501 2594 705 2660 ecclesiastica
728 2595 926 2660 sortiantur.
973 2591 1124 2659 Ceramia
1138 2593 1259 2674 prima.
1303 2591 1358 2657 Eoo
1385 2589 1588 2676 antopraphis
1607 2594 1759 2659 recensuit
1785 2613 1822 2657 ao
1848 2593 1946 2658 51111111
1967 2592 2034 2658 Iob.
2060 2591 2138 2659 Gon-

137 2705 242 2770 rorlns
264 2701 447 2770 Faeslinas.
492 2706 607 2789 Tipnri
626 2705 776 2788 murensis
798 2703 985 2788 Heidepperi
1006 2709 1034 2770 et
1054 2724 1113 2770 soe.
1152 2702 1395 2769 MDOOXLII.
1439 2701 1590 2768 XXXII.
1608 2711 1642 2769 et
1663 2707 1725 2769 486
1748 2725 1800 2788 pp.
1824 2707 1852 2769 8.
1897 2703 2016 2770 Editor
2032 2705 2139 2770 fontes

139 2835 217 2880 suos
239 2836 403 2898 nusquam
423 2815 549 2882 indicat
569 2837 648 2898 quos
670 2825 781 2882 tamen
814 2815 851 2880 in
872 2815 1027 2882 Archivis
1056 2816 1210 2882 ecclcsiae
1234 2815 1421 2881 Turioensis
1444 2815 1644 2898 quaerendos
1665 2835 1736 2881 csse
1765 2815 1900 2880 minime
1921 2814 2056 2881 dubium
2078 2822 2142 2887 551.

139 2926 303 3012 Singulae
325 2926 481 3010 epistolae
504 2927 617 2994 ordine
645 2928 872 3013 chronologico
900 2927 1076 3011 dispositae
1097 2933 1191 3006 sunt,
1218 2935 1251 2992 et
1270 2925 1458 3010 praemissis
1484 2927 1688 3011 argumentis
1716 2927 1796 2992 satis
1817 2926 1942 2992 insulse
1969 2927 2005 2991 in
2027 2928 2140 3010 plures

138 3039 365 3124 paragraphus
393 3039 461 3106 suis
488 3041 635 3130 numeris
657 3039 827 3106 distinctas
855 3039 986 3104 divisae.
1037 3039 1079 3104 In
1104 3046 1173 3104 tota
1200 3039 1262 3104 hac
1283 3039 1390 3121 prima
1419 3039 1567 3103 centuria
1588 3037 1801 3123 epistolarum
1824 3058 1922 3122 quam
1943 3037 2047 3104 altera
2069 3059 2139 3105 non

138 3155 282 3234 sequuta
302 3157 368 3230 est,
397 3150 479 3216 duae
501 3157 632 3216 tantum
654 3150 786 3216 Oalvini
806 3159 951 3230 exstant,
980 3161 1052 3216 tum
1074 3151 1157 3216 aliae
1178 3157 1250 3216 5515
1272 3169 1352 3234 quas
1373 3149 1473 3215 ctiam
1492 3149 1528 3214 in
1548 3156 1699 3215 nostrum
1720 3149 1912 3216 thesaurum
1934 3149 2138 3234 recipiendas

137 3281 209 3328 esse
231 3261 396 3328 duximus.

297 3371 446 3438 Muscam
466 3373 644 3441 helveticum
665 3374 707 3439 acl
728 3374 886 3440 invandas
906 3373 1014 3439 literas
1034 3374 1070 3437 in
1086 3373 1228 3456 potira
1249 3392 1328 3438 nsns
1349 3377 1499 3454 apertmn.
1546 3371 1712 3438 Particnla
1741 3371 1843 3438 VIII.
1891 3373 2014 3457 Tipnri,
2035 3373 2138 3439 literis

141 3481 284 3550 Conradi
313 3483 426 3550 Orellii
454 3489 483 3548 et
515 3504 573 3550 soc.
600 3482 968 3552 MDOOXXXXVIII.
1019 3483 1112 3551 Haeo
1144 3491 1256 3551 551515
1286 3482 1447 3568 particula
1474 3484 1619 3550 continet
1643 3483 1730 3549 inter
1758 3484 1823 3549 alia
1849 3484 1954 3550 vitem
1984 3484 2139 3551 Galeauui

139 3593 338 3676 tlaraccioli,
367 3596 423 3662 ubi
450 3603 483 3660 ct
511 3594 668 3663 dedicatio
698 3595 827 3662 Oalviui
855 3597 982 3681 primae
1011 3596 1073 3679 Ep.
1100 3595 1141 3660 ad
1163 3594 1353 3661 Corinthios
1381 3590 1560 3678 praemissa
1587 3596 1747 3679 repetitur
1776 3603 1872 3678 atque
1899 3617 1942 3660 ex
1970 3596 2139 3662 5555515115

138 3707 301 3772 nonnulla
322 3706 365 3770 ad
385 3707 451 3786 Iaq
473 3707 642 3773 Falesium
665 3705 706 3772 de
727 3707 922 3793 Burgundia
944 3707 1126 3792 spectantia
1148 3705 1343 3772 documenta
1363 3707 1560 3772 inseruntur.

299 3817 459 3884 Sorinimn
484 3819 701 3901 antiquarium
727 3821 793 3885 sioe
822 3819 1018 3886 mismllama
1050 3817 1256 3902 Gronhrpono
1283 3837 1363 3883 nono
1389 3817 1432 3882 ad
1457 3815 1622 3882 historiam
1647 3815 1878 3900 reformationis
1900 3817 2139 3884 sedenosticom

131 3929 310 4012 praempne
331 3931 509 4014 spectantia.
553 3931 644 3996 Tam.
666 3931 711 3997 11.
756 3931 840 3996 Pars
862 3931 888 3996 I.
942 3930 1044 3997 Gran.
1069 3935 1101 3994 et
1123 3929 1265 3994 Bremac
1292 3928 1379 4012 apud
1400 3928 1476 4013 Haj.
1501 3927 1659 4012 Spandau
1688 3934 1721 3994 et
1742 3927 1784 3993 G.
1807 3927 1863 3992 W.
1886 3927 1998 4011 Rump
2021 3927 2138 3996 biblio·

136 4042 240 4126 polas.
286 4043 327 4108 A.
354 4046 443 4107 1750.
488 4043 572 4108 Ρ515
591 4043 636 4108 Π.
680 4045 720 4110 A.
749 4047 838 4107 1751.
883 4043 974 4107 Iam.
998 4041 1059 4106 IV.
1103 4040 1187 4106 Pars
1208 4039 1235 4105 I.
1279 4041 1319 4106 A.
1347 4043 1436 4105 1754.
1481 4040 1565 4106 Ρ515
1587 4039 1632 4104 II.
1675 4041 1715 4104 A.
1741 4039 1832 4103 1755.
1861 4043 1891 4104 4.
1939 4039 2139 4106 Inserantur

137 4153 323 4220 collectioni
345 4153 422 4220 huia
442 4175 462 4219 a
485 4152 570 4220 Olar.
594 4156 635 4219 D.
659 4153 817 4222 Gerdesia
844 4153 1013 4220 institutae
1034 4157 1193 4218 tractatus
1214 4151 1298 4218 varii
1320 4152 1465 4236 generis,
1488 4151 1652 4234 epistolae,
1675 4152 1848 4226 orationes,
1871 4149 2083 4235 biographiae
2104 4159 2139 4219 et

136 4266 271 4344 similia,
294 4266 363 4331 sive
384 4287 551 4349 nunquam
579 4273 678 4331 antea
703 4265 791 4330 edita
818 4267 889 4332 sive
915 4266 962 4330 ita
983 4263 1108 4330 rariora
1129 4263 1214 4330 15515
1235 4269 1273 4327 11
1293 4283 1353 4346 pro
1374 4261 1515 4328 ineditis.
1528 4261 1643 4327 haberi
1663 4261 1798 4345 possint.
1849 4261 1890 4326 In
1920 4263 2016 4327 tomis
2038 4283 2139 4346 supra

136 4377 283 4443 laudatis
305 4383 450 4458 exstant,
478 4383 610 4460 praeter
631 4375 782 4444 Gardesii
809 4375 1073 4444 dissertationem
1100 4374 1141 4439 de
1164 4373 1297 4440 05111111
1318 4374 1530 4440 Institutione
1557 4373 1724 4458 religionis
1752 4371 1957 4451 christianae,
1981 4373 2137 4456 epistolae

134 4489 300 4572 plurimae
319 4489 513 4572 praesertim
534 4488 669 4554 Ioannis
691 4489 838 4568 aLasco,
861 4509 902 4554 cx
924 4486 1040 4572 quibus
1061 4485 1238 4552 nonnullae
1260 4484 1302 4550 ad
1323 4492 1451 4552 11551155
1473 4485 1582 4568 copias
1603 4484 1777 4567 pertinent,
1796 4503 1876 4566 quas
1898 4489 2009 4547 tamen
2031 4483 2137 4550 editor

135 4622 202 4667 non
226 4623 271 4666 ex
292 4598 455 4666 codicibus
476 4621 577 4666 manu
598 4599 727 4682 scriptis
748 4599 806 4666 sed
827 4621 869 4665 51
888 4597 1123 4684 antiquioribus
1145 4598 1312 4664 variorum
1334 4597 1485 4680 operibus
1507 4595 1701 4680 desumpsit;
1723 4596 1803 4659 item
1824 4593 1982 4678 quaedum
2003 4593 2137 4660 Bullin-

136 4712 218 4796 geri,
242 4710 374 4777 (lalvini
395 4711 496 4778 nulla.
567 4707 570 4716 ¹

297 4821 463 4908 tlatotopns
488 4823 627 4890 eodincm
655 4819 756 4887 Mas.
782 4821 977 4890 bibliothecae
1006 4820 1179 4887 Bernarsis
1212 4817 1462 4885 annotationibus
1493 4817 1612 4884 criticis
1641 4815 1818 4882 1115115155
1848 4863 1855 4880 .
1886 4864 1894 4881 .
1923 4865 1930 4880 .
1962 4864 1968 4877 .
1999 4812 2137 4882 mirante

136 4933 169 5001 J.
194 4933 284 5000 aaa.
307 4932 422 5000 Sinner
443 4933 677 5002 bibliothecario.
719 4931 848 5000 Rornae
868 4955 906 4999 ece
926 4933 1053 5016 officina
1074 4937 1192 5016 typopr.
1214 4930 1258 4996 ill.
1280 4930 1358 5014 reip.
1401 4927 1631 4995 Moccux-
1644 4927 1794 4994 LXXII.
1830 4931 1947 4993 3tom.
1971 4929 2000 4990 8.
2033 4925 2137 4994 Tamo

136 5047 236 5112 tertio
258 5066 289 5129 p.
313 5047 483 5110 ras-246
510 5045 701 5112 inseruntur
726 5045 837 5130 plures
863 5045 1018 5130 epistolae
1045 5043 1176 5112 05111111
1203 5040 1446 5126 antiquissimae
1474 5047 1632 5123 anteaque
1662 5059 1832 5124 nunquam
1857 5036 1964 5104 editae
1985 5057 2026 5102 ex
2054 5035 2135 5105 Ood.

135 5160 201 5223 450
223 5155 266 5223 de
285 5177 350 5241 quo
370 5156 445 5224 ride
466 5158 554 5224 intra
575 5156 654 5242 Cap.
678 5157 742 5224 III.

244 5257 459 5330 5515515555
502 5259 737 5318 15111511.
1907 5249 1932 5304 1>
