4820 6016
302 367 359 431 tat

297 573 340 617 ne
361 549 498 701 potstqhao
519 550 559 617 de
582 551 643 618 heo
663 571 790 636 quoque
812 552 996 618 differentia
1018 569 1105 616 nova
1126 552 1271 636 quaestio

297 657 398 704 nesea
436 657 460 701 r.

749 723 814 790 III.

384 841 425 908 In
442 841 532 906 feriis
548 839 690 924 plurima
706 842 893 924 laboramus
909 842 1134 926 perplexitate,
1157 861 1271 924 quem-

298 925 474 994 admodum
496 946 625 1010 semper
646 947 759 992 sumus
777 929 920 1010 professi,
944 949 1051 1012 neque
1074 927 1139 992 alia
1160 925 1269 992 eondi-

299 1015 388 1078 tione
404 1011 581 1080 oonoedere
599 1033 772 1096 possumus
789 1015 870 1080 istus
887 1023 1028 1097 quatuor
1046 1013 1182 1086 institui,
1206 1011 1271 1078 nisi

298 1098 492 1164 attollatur
514 1097 653 1162 nimium
675 1099 850 1182 imperiosa
871 1121 984 1166 earum
1006 1097 1148 1173 indietis,
1172 1117 1209 1162 ao
1230 1097 1270 1162 li·

298 1185 412 1251 berum
440 1185 484 1249 sit
512 1183 553 1248 iis
581 1183 637 1265 qui
665 1183 775 1248 volent
802 1194 874 1268 post
903 1185 1090 1252 ooneionem
1118 1183 1161 1248 ed
1190 1204 1270 1265 opus

298 1293 334 1336 se
361 1269 533 1335 oonterre.·
560 1269 635 1334 Non
662 1277 773 1334 tamon
802 1271 977 1336 fenestram
1006 1268 1164 1369 audemqs
1193 1288 1269 1368 ape3

1068 361 1330 433 ltPtsrohAE
1356 371 1522 434 tlt-113

2226 377 2272 440 tlt

1759 555 1856 624 Vm

1409 677 1538 744 Deinde
1564 687 1602 742 ut
1623 699 1662 744 eo
1684 700 1821 746 numero
1841 679 1984 746 ministri
2006 689 2212 748 assumantur
2230 683 2275 766 qui

1323 771 1433 828 tentae
1454 763 1643 848 provinuiae
1664 763 1812 832 suffioere
1834 773 1965 848 queant

1774 918 1836 986 IX.

1408 1035 1457 1104 Ut
1482 1038 1694 1120 germanusll
1721 1040 2066 1106 exeommunioationis
2093 1061 2173 1108 usus
2199 1043 2276 1108 retti-

1324 1129 1436 1186 tuetur
1458 1142 1496 1186 so
1517 1143 1615 1204 quem
1636 1125 1903 1207 praeseripsimus
1925 1125 2030 1191 modo.
2075 1125 2200 1210 Nempe
2219 1137 2277 1192 ute

1323 1215 1439 1271 senatu
1460 1207 1629 1293 eligantur
1655 1230 1696 1276 ex
1718 1211 1858 1295 singulis
1880 1211 1971 1276 urbis
1994 1212 2180 1296 regionibus
2199 1213 2276 1296 probi

1323 1301 1358 1356 ιι
1388 1291 1513 1358 eordeti
1546 1293 1609 1358 viri
1640 1296 1759 1379 quibus
1790 1296 1827 1360 in
1853 1317 2027 1363 eommune
2061 1297 2226 1364 nobiseum
2247 1321 2276 1364 se

297 1356 364 1421 rire
385 1366 433 1420 tot
454 1352 568 1430 turbis,
600 1375 682 1437 ques
704 1375 887 1422 emersuras
913 1357 980 1420 iam
1005 1357 1219 1439 prospiormus
1241 1377 1271 1420 ιι
1322 1398 1401 1444 om
1422 1379 1599 1445 1110me

297 1441 393 1506 aliter
414 1442 479 1506 fiat

758 1525 818 1590 IV.

384 1645 476 1710 Haeo
498 1655 607 1710 autem
637 1645 730 1710 nobis
759 1645 882 1728 optima
906 1659 940 1709 et
961 1645 1271 1711 eonvenientissima

298 1741 450 1799 censetur
477 1732 560 1796 ratio
592 1728 798 1813 recipiendae
830 1729 1080 1808 oonlormitatis‚
1115 1732 1143 1794 si
1173 1729 1270 1815 legati

299 1817 493 1883 Bernatium
521 1815 631 1900 pelam
659 1823 838 1892 testentur,
867 1817 1086 1882 eaeremonies
1114 1815 1271 1881 haetenus

299 1901 386 1987 apud
408 1922 467 1967 noe
489 1901 679 1968 observatas
700 1901 761 1966 sibi
784 1901 920 1968 minime
942 1901 1133 1986 improbari,
1163 1922 1270 1985 neque

299 2010 335 2054 ss
364 1986 531 2072 quidpiam
564 1987 599 2050 in
628 1986 696 2052 illis
727 1995 885 2054 novatum
916 1985 989 2054 ideo
1015 2008 1148 2071 supere,
1183 1987 1270 2071 quod

299 2075 479 2158 scripturae
501 2073 643 2155 puritate
665 2071 809 2137 alienum
838 2071 999 2138 iudicent:
1027 2071 1085 2137 sed
1113 2093 1214 2137 nnrrm
1235 2094 1270 2138 se

298 2157 503 2226 uonoordiam
526 2167 559 2222 ιι
577 2157 737 2222 unitatem
761 2167 915 2240 speetare,
939 2180 1022 2242 quoe
1039 2159 1163 2223 rituum
1180 2157 1270 2223 simi·

1791 1500 1835 1565 X.

1409 1619 1456 1687 Ut
1486 1619 1521 1684 in
1553 1621 1778 1686 ministrorum
1818 1623 1986 1688 rooatione
2017 1619 2185 1706 legitimus
2213 1623 2275 1690 ordo

1324 1719 1486 1772 servetur:
1509 1727 1551 1772 ne
1572 1725 1729 1772 manuum
1751 1707 1930 1791 impositio,
1957 1729 2040 1790 quae
2061 1729 2163 1791 penes
2182 1709 2275 1774 minis·

1324 1799 1394 1856 tros
1415 1812 1487 1858 esse
1509 1789 1614 1870 debet,
1636 1792 1850 1877 magistratus
1866 1793 2014 1878 potentie
2030 1793 2167 1862 tollatur
2186 1817 2203 1862 e
2221 1815 2274 1861 mo·

1324 1875 1385 1943 dio.
1431 1875 1528 1960 Quod
1549 1898 1616 1944 non
1637 1877 1738 1945 semel
1759 1881 1865 1946 nostri
1887 1881 1994 1946 eonati
2016 1887 2104 1946 sunt

1780 2031 1843 2100 XI.

1411 2152 1522 2234 Quum
1553 2162 1663 2220 autam
1690 2152 1755 2220 duo
1783 2161 1911 2220 restent
1937 2155 2212 2222 oaeremonierum
2234 2173 2276 2220 ot·

298 2243 438 2310 litudine
463 2243 581 2308 melius
612 2243 791 2310 ooaleseere
823 2243 912 2309 solet
968 2245 1090 2310 Oenoio
1122 2244 1223 2309 etiam
1252 2265 1271 2309 a
1322 2239 1401 2322 pite,
1425 2239 1622 2322 inquorum
1644 2239 1747 2306 altero
1768 2240 1834 2304 iem
1857 2239 2033 2306 dieorimen
2053 2249 2115 2320 ιιι,
2136 2240 2171 2304 in
2191 2239 2276 2304 altaro

299 2331 395 2396 nobis
415 2329 577 2396 habeatnr
598 2328 638 2394 de
659 2331 937 2396 oaoremoniarum
959 2329 1125 2406 libertate,
1153 2328 1272 2395 deinde
1322 2325 1471 2390 futurum
1494 2333 1731 2410 exspeotamns,
1753 2325 1890 2410 rogandi
1912 2335 1992 2392 sunt
2015 2327 2109 2392 nobis
2136 2333 2169 2391 ιι
2187 2326 2275 2391 obtes-

1323 2408 1414 2475 tandi
1435 2410 1596 2478 Bernates
1618 2413 1712 2476 utin
1733 2411 1774 2476 iis
1795 2432 1866 2477 sees
1887 2411 1982 2478 nobis
2003 2411 2246 2480 aooommodeot
2384 2457 2385 2508 q

299 2415 342 2482 ed
363 2415 623 2481 conformitatem
655 2415 813 2498 populum
843 2412 1068 2492 adhortemur,
1099 2417 1272 2499 propositis

298 2503 371 2566 eius
392 2500 581 2566 rationibus.
617 2501 761 2565 Demnm
778 2500 917 2566 liberum
939 2501 1093 2566 eoolesiae
1112 2501 1272 2567 iudioium

299 2587 516 2671 permittatur.
562 2585 619 2651 sio
649 2585 740 2650 enim
759 2595 947 2652 ooourretnr
968 2585 1189 2664 offendioulis,
1218 2587 1272 2652 bo·

298 2693 416 2738 norum
438 2671 538 2736 animi
561 2672 854 2755 praeparabuntur,
881 2673 936 2755 qui
958 2691 1048 2738 nune
1069 2672 1272 2756 aliquantum

298 2765 377 2824 sunt
398 2758 515 2834 aversi,
538 2767 572 2822 et
594 2777 646 2822 res
668 2777 733 2840 qno
755 2756 847 2823 deest
867 2756 982 2824 ordine
1003 2767 1142 2842 geretur.

761 2910 793 2972 V

386 3029 425 3096 Si
447 3027 601 3095 danobis
623 3029 832 3096 restituendis
855 3031 973 3116 egitur,
1009 3031 1099 3099 istud
1121 3033 1273 3118 inprimis

300 3116 451 3268 lqnpimus
473 3121 633 3215 auratum,
655 3121 694 3180 ut
714 3113 949 3267 fflitlffides
977 3117 1174 3269 osslurlqnias,
1202 3119 1272 3219 qei-

323 3223 402 3269 uso
446 3221 528 3266 resst
556 3221 686 3279 sumus,
791 3224 803 3265 t
886 3225 935 3268 ur.
1019 3225 1056 3268 ar
1079 3224 1274 3270 emesenum

301 3297 336 3355 et
367 3223 592 3352 inlritmanitas
619 3285 681 3351 tuit
707 3306 773 3351 non
800 3287 938 3354 ferenda
969 3288 1056 3372 qnod
1088 3288 1273 3356 indefensos

301 3374 509 3448 damnarunt,
530 3393 631 3456 quum
652 3393 714 3438 nos
735 3371 777 3438 ad
799 3393 931 3439 oensem
949 3372 1119 3440 dioendam
1137 3393 1198 3459 pro
1215 3396 1272 3442 ou·

300 3461 369 3526 rias
389 3457 512 3525 loribus
540 3466 668 3540 praesto
696 3478 849 3523 essemus.
894 3457 1083 3526 Obnoxiam
1112 3460 1273 3543 siquidem

299 3547 448 3612 futurum
474 3548 524 3609 ιιι
552 3553 701 3608 nostrum
728 3544 948 3610 ministerium
975 3545 1151 3630 impiorum
1171 3546 1273 3612 male·

299 3630 468 3709 dioentiae‚
490 3627 646 3712 quamdin
667 3629 788 3694 iaotare
810 3637 973 3712 poterunt,
996 3652 1056 3715 per
1077 3631 1194 3716 eulpae
1217 3631 1273 3698 de-

297 3716 520 3802 preoationsm
536 3715 637 3782 luisse
654 3715 831 3780 restitutos.
865 3715 1039 3782 laetabunt
1056 3725 1166 3786 autern
1184 3717 1273 3784 haud

299 3801 406 3880 dubie,
426 3801 490 3868 nisi
511 3799 608 3866 dattrs
629 3799 729 3866 fuerit
750 3801 937 3886 purgationi
959 3803 1059 3870 loeus.

759 3969 819 4036 Vt

387 4091 461 4156 Erit
492 4087 610 4155 deinde
647 4090 793 4156 studium
832 4089 1052 4158 adhibendum
1084 4091 1272 4176 disciplinae

301 4173 524 4242 stabiliendae.
568 4175 700 4260 Alioqui
732 4198 808 4242 mox
841 4175 1021 4244 oollabstur
1052 4177 1210 4262 quidquid
1236 4180 1272 4244 in

300 4281 457 4346 praesens
478 4262 697 4327 instauratum
719 4261 827 4327 fuerit
872 4263 946 4328 Etsi
967 4271 1078 4330 autern
1100 4264 1195 4348 plura
1214 4286 1271 4350 op·

301 4353 418 4422 temus,
439 4347 517 4428 quis
534 4355 647 4412 tamen
663 4347 726 4414 hoo
747 4356 893 4430 tempore
909 4348 1050 4416 obtineri
1065 4371 1160 4434 posse
1182 4351 1273 4416 nulla

300 4451 376 4532 epse
397 4437 457 4510 est,
480 4452 562 4514 quae
579 4433 730 4518 inprimis
748 4435 930 4499 neeessaria
946 4445 1024 4500 sunt
1045 4436 1198 4502 eonstitni
1215 4457 1271 4504 ou·

299 4537 419 4603 prmus

1765 2563 1846 2632 ΧΠ.

1410 2684 1510 2751 Prius
1537 2693 1589 2752 est
1609 2693 1648 2751 ut
1676 2685 1875 2770 bequentior
1903 2707 2022 2754 ooenae
2043 2707 2125 2753 usus
2146 2686 2276 2752 institut·

1324 2779 1388 2850 tur,
1397 2773 1427 2846 4)
1448 2773 1477 2838 si
1498 2791 1566 2837 non
1592 2772 1771 2838 seeundum
1796 2772 1920 2839 veteris
1947 2772 2103 2838 eoelesiee
2128 2782 2276 2840 eonsuetu-

1324 2855 1444 2935 dinem,
1466 2865 1501 2924 at
1522 2857 1638 2924 saltem
1650 2857 1788 2944 singulis
1799 2857 1979 2942 quibusque
2000 2856 2168 2926 mensibus
2184 2857 2274 2924 semel

1760 3011 1859 3078 xm.

1412 3131 1565 3198 Alterum
1595 3139 1632 3196 nt
1658 3129 1700 3196 ad
1728 3129 1875 3216 publioas
1905 3131 2068 3199 orationes
2095 3131 2275 3216 psalmum

1326 3215 1433 3283 santio
1454 3217 1655 3284 adhibeatur.

1765 3353 1860 3420 XIV.

1409 3473 1582 3541 Postremo
1610 3493 1710 3557 quum
1738 3474 1774 3538 in
1795 3473 1926 3540 laseivis
1954 3481 1988 3540 st
2006 3472 2173 3540 obsooenis
2191 3471 2277 3540 uenti·

1324 3560 1408 3627 lenis
1430 3581 1468 3626 ao
1489 3559 1645 3638 ohoraeis,
1675 3579 1758 3642 qnae
1779 3559 1820 3624 ad
1841 3557 1972 3624 illarum
1996 3581 2149 3626 numeros
2168 3577 2278 3641 semper

1325 3653 1404 3713 sunt
1425 3645 1629 3729 oompositse,
1652 3644 1757 3711 nostri
1774 3645 1971 3710 Bernatium
1992 3646 2181 3730 exemplum
2199 3661 2277 3728 pree·

1324 3739 1449 3811 texant,
1468 3739 1576 3796 oratos
1597 3731 1758 3809 volumus,
1781 3741 1819 3796 ut
1839 3753 1857 3796 ι
1875 3751 1937 3796 ιιι
1953 3751 2083 3816 quoque
2104 3731 2219 3796 ditione
2237 3735 2277 3792 ta

1324 3818 1372 3884 les
1390 3817 1565 3902 spuroitias
1578 3815 1757 3896 eliminent,
1775 3837 1817 3882 ne
1835 3837 1895 3883 sno
1913 3817 2063 3902 exemplo
2080 3815 2158 3883 dent
2174 3813 2277 3882 notuit

1325 3903 1528 3972 suasionem
1550 3923 1665 3969 rursus
1686 3923 1742 3969 ees
1761 3901 1943 3986 expetendi

1711 4163 1812 4172 ------
1813 4159 1911 4172 *uu-—n

1520 4482 1851 4552 umeuuossttrt
1873 4485 1937 4551 AN
1962 4485 2099 4552 Gurtr.

1412 4655 1544 4740 Aasmp
1569 4675 1630 4720 atto
1657 4655 1717 4720 deu
1747 4653 1938 4722 Protooollea
1963 4657 2018 4723 det
2041 4655 2191 4723 Zt't'rt'ebtr
2210 4651 2273 4720 (ltn-

386 4737 541 4806 Primum
559 4745 611 4804 est
630 4747 669 4804 nt
690 4741 769 4808 urbs
789 4741 825 4806 in
848 4747 953 4809 sertas
969 4742 1140 4826 paroehies
1161 4741 1271 4809 distri-
1323 4747 1409 4808 vente
1430 4761 1499 4807 vota
1519 4745 1574 4806 28.
1595 4741 1695 4823 April
1718 4745 1823 4820 1538,
1852 4743 1957 4808 aoweit
1983 4743 2037 4808 dis
2053 4743 2204 4827 pesam
2221 4735 2272 4802 Bt·

300 4826 432 4893 buatur.
476 4821 590 4905 Quum
611 4825 715 4904 enirn,
744 4835 974 4911 praeterquam
1001 4826 1089 4912 quod
1115 4827 1273 4912 populosa
1323 4827 1460 4894 sublatere
1480 4827 1533 4894 die
1557 4825 1673 4909 Gotfer
1693 4825 1929 4912 Aspeleqenlteit
1947 4827 2098 4911 bdrqfrtt

1325 4981 1457 5048 (zoster
1474 4981 1584 5051 Ambit,
1602 4981 1706 5036 aaran
1716 4980 1764 5035 vt.
1776 4982 1829 5036 rol.
1842 4979 1900 5048 iffi,
1918 4981 2038 5036 sbemele
2054 4981 2085 5036 Bt
2102 4981 2126 5037 1.
2141 4981 2183 5035 bl
2198 4971 2270 5033 m
2381 4993 2382 5058 ἑ

300 4921 361 4991 ιιι,
384 4909 518 4977 oolleota
539 4915 589 4973 est
610 4930 653 4974 ex
670 4913 761 4977 varia
778 4911 980 4979 diversarum
1002 4915 1150 4998 gentium
1159 4915 1292 4979 multi·-

301 4995 425 5076 tudine,
446 4992 543 5061 valde
559 4994 693 5061 oonfuse
712 5017 841 5081 semper
856 4999 921 5064 erit
937 5000 1007 5066 eius
1023 4999 1273 5080 administratio,

301 5081 368 5148 nisi
390 5081 523 5164 propius
540 5091 707 5164 pastorem
725 5103 824 5150 snum
840 5082 935 5168 plebs
957 5086 1120 5169 respioiat,
1143 5093 1178 5150 et
1199 5105 1272 5169 pas·

301 5172 356 5232 tor
374 5165 518 5233 ιίιίιιὶιιι
546 5163 683 5250 plebem.
732 5167 830 5248 Quod
855 5171 913 5236 liet
939 5169 1091 5237 institute
1116 5170 1183 5237 iste
1208 5169 1273 5238 dis·

301 5251 468 5318 tinetn'ons

1653 5049 1786 5106 Autbent.
1803 5049 1963 5117 Abeobrilt.)

1426 5201 1687 5338 ιιιιιιι
1717 5203 1957 5272 reatu

2384 227 2385 268 l

2383 283 2385 330 l
