4820 6016
289 341 353 404 idi
1062 330 1324 400 epistolica*
1350 334 1516 396 lta-145
2221 333 2275 398 160

288 521 383 588 Isaac
404 521 565 602 exprimo
581 537 684 584 uxore
701 517 801 584 habet
818 515 977 582 sobolem:
1001 517 1177 583 secundam
1194 539 1261 583 non
1313 517 1389 582 Nou
1411 519 1499 582 enim
1520 517 1585 582 erit
1614 517 1858 584 dissentaneum
1880 527 1918 584 ut
1938 519 1979 584 ab
2002 516 2153 600 episcopo
2176 517 2275 600 exiga-

289 604 423 672 inducit.
468 605 510 670 In
531 603 629 670 Iacob
651 603 747 686 paulo
769 602 844 686 plus
865 601 1090 679 laborandum,
1112 624 1260 687 praeser-
1313 611 1379 681 tur,
1401 603 1488 685 quod
1510 603 1566 668 alii
1588 623 1631 668 ox
1652 603 1751 686 vulgo
1777 611 1944 686 praestare
1970 624 2038 667 non
2059 601 2189 668 debent
2228 601 2275 666 In·

289 692 352 756 tim
380 691 420 756 ob
450 689 638 774 coniugium
665 687 830 754 Rachelis.
882 686 978 769 Quod
1006 691 1095 754 enim
1123 689 1261 755 ancillae
1313 689 1421 754 niores
1448 687 1565 754 viduas
1596 689 1636 754 ad
1665 689 1843 756 secundum
1871 689 2057 772 coniugium
2079 695 2179 752 vocat
2198 687 2275 752 Pan·

290 775 526 843 submittantur
547 775 587 840 ab
611 773 783 851 uxoribus,
812 794 878 839 nen
900 774 964 838 alio
993 781 1134 857 spectat,
1162 796 1261 858 quam
1313 773 1374 839 lus.
1420 774 1524 856 Atqui
1545 773 1666 840 ibidem
1688 775 1723 840 in
1745 775 1899 842 ecclesiae
1921 774 2140 840 ministerium
2164 773 2275 838 assumi

290 861 333 928 ad
363 859 636 944 complementum
664 860 897 944 promissionis.
946 859 989 923 In
1010 859 1154 925 Rachele
1180 880 1261 925 vero
1314 879 1382 924 non
1416 861 1596 926 sustinetur
1634 881 1718 942 quae
1750 860 1792 926 ad
1822 859 2000 926 seeundum
2039 858 2275 924 matrimonium

291 945 458 1014 dissinulis
479 955 529 1010 est
550 965 657 1012 causa.
690 945 839 1010 Librdmr
860 946 948 1010 enim
965 965 1043 1010 suae
1059 945 1259 1029 indulgebat.
1314 945 1520 1022 transierint,
1548 966 1591 1010 ne
1612 965 1676 1028 qua
1702 953 1867 1028 spectetur
1889 944 2144 1010 incontinentiae
2166 942 2275 1008 inillis

289 1031 406 1115 Itaque
417 1052 481 1096 non
493 1032 597 1096 ausim
616 1032 723 1114 ipsum
736 1030 771 1094 in
782 1030 938 1096 eiusmodi
953 1029 1085 1095 lieentia
1095 1051 1260 1109 excusare,
1314 1039 1404 1096 nota:
1427 1031 1505 1113 quid
1532 1032 1655 1096 mirum
1682 1031 1710 1096 si
1740 1030 1877 1096 eandem
1906 1031 1941 1094 in
1968 1031 2117 1113 episcopo
2146 1029 2275 1092 inconti-

291 1125 324 1183 et
343 1117 493 1184 videmus
504 1117 603 1181 etiam
615 1136 694 1198 quas
708 1137 829 1197 peenas
840 1115 1026 1198 rependerit
1044 1116 1183 1182 assiduis
1193 1117 1261 1180 iur·
1314 1116 1444 1182 nentina
1467 1124 1578 1182 notam
1601 1116 1745 1200 refugit?
1795 1117 1871 1181 Non
1899 1116 2047 1198 equidem
2072 1123 2108 1178 ut
2130 1137 2150 1178 a
2172 1115 2275 1180 minis·

290 1203 353 1287 giis
364 1210 397 1268 et
408 1200 550 1268 dissidiis
561 1209 700 1268 vexatus
710 1202 797 1266 intra
808 1200 889 1268 duas
902 1222 1030 1278 uxores,
1042 1203 1096 1284 qui
1109 1223 1183 1268 cum
1194 1223 1261 1266 uua
1315 1202 1397 1266 torio
1419 1202 1569 1284 protinus
1597 1213 1745 1268 arceatur
1771 1203 1828 1284 qui
1855 1200 2026 1268 defunctae
2053 1201 2147 1265 uxori
2171 1221 2274 1266 secun·

291 1288 435 1371 quietam
457 1306 495 1351 ae
522 1287 732 1368 tranquillam
755 1288 857 1351 vitam
884 1287 1001 1370 degere
1029 1297 1163 1369 poterat.
1208 1288 1263 1353 Ab
1314 1285 1390 1352 dam
1419 1285 1596 1352 induxerit.
1652 1288 1728 1352 Non
1754 1289 1801 1352 ita
1834 1297 1957 1352 certam
1989 1286 2094 1369 legem
2128 1287 2272 1369 figere¹²l

290 1373 356 1440 illis
378 1372 536 1455 capitibus
558 1373 656 1436 latius
673 1373 822 1438 manavit
842 1372 1028 1454 exemplum
1046 1372 1087 1436 ad
1105 1381 1261 1455 posteros,
1313 1372 1484 1438 consilium
1503 1373 1549 1439 illi
1564 1373 1634 1449 fuit,
1659 1373 1716 1438 sed
1737 1373 1883 1438 indicare
1905 1392 2033 1438 summa
2050 1391 2197 1453 quaeque
2215 1370 2273 1434 rir-

292 1479 373 1542 quos
389 1480 455 1524 non
474 1457 661 1524 dubitanter
670 1477 815 1522 asserere
832 1457 937 1524 ausim
954 1455 1145 1523 immodicos
1162 1459 1261 1524 fuisse
1313 1459 1394 1524 tutis
1423 1457 1567 1524 cuiusvis
1589 1459 1767 1540 specimina
1789 1461 1823 1522 in
1857 1459 2005 1542 episeopo
2027 1456 2172 1538 optanda
2204 1476 2272 1520 esso.

290 1545 325 1608 in
347 1545 418 1610 iure
440 1543 500 1607 hec
529 1543 727 1624 usurpando.
779 1543 866 1606 Nam
893 1542 979 1625 quod
1006 1543 1165 1627 allegant,
1194 1565 1261 1609 non
1312 1543 1487 1625 Utcunque
1515 1565 1567 1609 res
1597 1543 1730 1622 habeat,
1761 1543 1843 1608 nihil
1869 1543 2076 1627 polygamiae
2099 1541 2273 1606 defensores

291 1627 487 1712 reprehendi
507 1629 542 1692 in
563 1627 737 1694 Salomone
758 1627 869 1709 plures
888 1649 1017 1706 uxores,
1040 1629 1096 1694 sed
1117 1628 1203 1711 quod
1220 1629 1261 1693 ab
1313 1627 1455 1694 adiuvat.
1514 1630 1694 1712 Postquam
1726 1630 1817 1694 exuti
1856 1630 1979 1694 fuerint
2019 1629 2088 1692 suis
2102 1631 2143 1704 ¹⁸)
2185 1647 2271 1709 argu·

291 1714 484 1798 alienigenis
510 1735 575 1778 nou
605 1713 831 1790 abstinuisset,
856 1713 940 1778 nihil
968 1712 1066 1780 habet
1087 1714 1261 1779 firmitudi·
1313 1715 1446 1790 mantis,
1486 1723 1556 1780 tum
1592 1714 1730 1800 urgendi
1769 1725 1867 1780 erunt
1904 1714 1944 1778 de
1982 1715 2111 1795 integro
2144 1713 2272 1793 scriptu·

291 1801 352 1864 nis.
403 1799 478 1864 Non
507 1799 595 1862 enim
628 1798 720 1864 illum
749 1800 812 1864 rite
845 1806 941 1882 atque
969 1799 1082 1864 ordine
1110 1800 1260 1882 fecisser)
1313 1821 1368 1864 rae
1391 1801 1599 1878 testimoniis,
1628 1801 1746 1884 quibus
1775 1801 1917 1884 coniugii
1944 1800 2099 1864 honestas
2126 1797 2272 1862 informa·

293 1883 482 1961 defendent,
517 1883 602 1967 quod
634 1905 692 1966 per
724 1885 807 1967 legis
834 1883 1044 1949 interdictum
1078 1886 1259 1950 vetabatur.
1313 1894 1374 1950 tur.
1413 1886 1527 1968 Neque
1549 1887 1608 1951 abs
1629 1908 1665 1951 re
1687 1887 1750 1950 erit
1770 1887 1926 1951 memoria
1948 1895 2104 1966 repetere,
2127 1883 2200 1966 quis
2217 1882 2271 1965 pri·

292 1968 466 2036 Communi
487 1970 620 2052 regibus
641 1969 714 2052 lege
736 1968 948 2052 prohibuerat
964 1969 1127 2036 Dominus
1148 1971 1260 2035 multi·
1312 1992 1385 2036 mus
1407 1971 1506 2036 fuerit
1527 1971 1731 2054 polygamiae
1753 1981 1858 2048 autor,
1886 1971 2009 2036 Lamee
2031 1969 2165 2046 seilicet,
2188 1977 2272 2050 atque

291 2055 413 2138 plicare
434 2075 567 2120 uxores:
588 2055 659 2133 hac,
682 2056 825 2137 inquam,
848 2055 919 2139 lege
941 2056 970 2119 si
992 2055 1172 2134 tenebatur,
1195 2078 1260 2120 non
1312 2056 1402 2121 intra
1423 2078 1536 2122 servos
1557 2057 1621 2122 Dei
1650 2079 1747 2122 nemo
1774 2064 2045 2123 commemoretur
2072 2074 2194 2118 uxores
2219 2051 2271 2118 sibi

292 2149 341 2206 est
367 2161 426 2208 cur
452 2139 646 2205 cavillentur
671 2139 923 2222 reprehensione
951 2139 1138 2224 indignum,
1167 2142 1260 2207 cuius
1313 2141 1495 2223 complures
1510 2141 1738 2221 accumulasse,
1758 2163 1857 2225 quum
1876 2139 1983 2208 adhue
2001 2141 2130 2224 generis
2149 2135 2272 2204 humani

291 2225 501 2308 reprehensio
534 2225 633 2290 semel
672 2226 840 2290 omittitur.
897 2226 988 2292 Haec
1025 2227 1128 2310 igitur
1167 2227 1260 2292 nobis
1312 2229 1579 2311 propagationem
1608 2227 1822 2310 praetendere
1851 2227 1971 2292 liceret.
2023 2226 2190 2290 Nimirum
2216 2223 2272 2288 illis

292 2331 421 2380 summa
442 2311 499 2374 sit:
522 2331 623 2392 quum
645 2331 819 2376 evasuram
849 2331 946 2376 csuo
976 2314 1099 2378 semiue
1121 2312 1260 2378 salutem
1312 2314 1347 2376 in
1374 2320 1517 2378 mentem
1547 2335 1612 2378 non
1635 2313 1787 2380 veniebat
1812 2313 1897 2394 quod
1925 2333 1945 2375 a
1973 2318 2092 2376 natura
2121 2309 2272 2376 ducebant

290 2395 510 2479 intelligerent
531 2396 634 2461 saneti
655 2405 780 2478 patres,
808 2416 874 2460 non
904 2397 962 2462 abs
989 2419 1025 2462 re
1054 2397 1260 2464 avidissimos
1312 2397 1549 2480 quodammodo
1571 2398 1755 2464 abhorrere.
1791 2397 1889 2464 Solus
1910 2397 2062 2463 Christus
2083 2395 2204 2479 dignus
2220 2393 2273 2458 fuit

290 2481 391 2546 fuisse
409 2481 588 2546 suscitandi
610 2483 742 2548 seminis
763 2482 800 2545 in
826 2501 890 2564 quo
912 2482 1188 2566 complementum
1208 2491 1259 2548 to-
1312 2485 1403 2550 cuius
1425 2482 1584 2550 desiderio
1606 2493 1700 2550 extra
1721 2485 1841 2550 limites
1863 2485 1943 2548 istos
1964 2481 2185 2548 excederetur.

291 2573 364 2630 tum
394 2575 566 2631 cernerent
590 2564 719 2632 divinae
747 2567 980 2649 promissionis.
1031 2568 1119 2633 Huic
1147 2590 1259 2634 eorum
1397 2569 1566 2636 Adversus
1595 2579 1781 2636 veternosos
1808 2569 2084 2652 hypnosephistae
2113 2566 2195 2631 nihil
2221 2565 2271 2628 ha·

293 2651 442 2718 aviditati
464 2649 644 2716 Dominum
663 2673 723 2734 pro
745 2671 804 2717 sua
829 2651 1032 2736 indulgentia
1053 2657 1258 2733 concessisse,
1311 2654 1401 2720 bobis
1422 2675 1442 2718 a
1461 2675 1515 2719 me
1536 2655 1571 2718 in
1593 2655 1786 2737 praesentia,
1810 2662 1880 2718 tum
1901 2655 1977 2736 quia
1996 2653 2125 2736 longior
2146 2661 2195 2717 est
2215 2650 2272 2714 dis·

291 2757 358 2802 ιιοιι
380 2737 463 2802 citra
484 2737 653 2815 rationem,
675 2753 713 2802 ut
725 2739 766 2820 ¹⁰)
788 2737 970 2820 complures
991 2737 1157 2804 interdum
1178 2761 1259 2806 uxo·
1310 2740 1436 2822 putatio
1461 2761 1558 2822 quam
1586 2748 1624 2805 ut
1652 2740 1790 2824 epistola
1817 2737 2048 2822 comprehendi
2071 2747 2183 2820 queat,
2211 2749 2272 2802 tum

292 2843 346 2888 res
366 2819 567 2902 inducerent,
590 2824 782 2904 praesertim
804 2823 857 2888 ubi
877 2823 1134 2889 extraordinaria
1151 2825 1260 2908 aliqua
1311 2824 1399 2907 quod
1424 2825 1570 2892 libellum
1599 2847 1695 2908 quem
1724 2835 1802 2892 ante
1830 2825 2008 2890 triennium
2040 2823 2197 2888 adversus
2223 2839 2271 2887 eos

293 2927 391 2974 eausa
412 2905 591 2973 accederet:
620 2908 794 2990 specialem
820 2915 930 2974 autem
958 2909 1057 2976 fuisse
1086 2931 1259 2995 praeroga·
1311 2911 1503 2994 scripseram
1530 2911 1717 2992 propediem
1745 2909 1870 2976 editum
1901 2910 1943 2974 iri
1975 2929 2078 2992 spero.
2135 2909 2271 2973 Bueems

293 2993 405 3071 tivam,
428 3012 511 3076 quac
533 2993 568 3057 in
590 2993 777 3075 exemplum
794 2993 955 3060 trahenda
971 3016 1038 3060 non
1055 2995 1161 3074 fuerit,
1184 2995 1260 3061 inde
1310 2997 1398 3060 enim
1420 2996 1478 3078 qui
1499 2995 1675 3061 editionem
1698 3005 1795 3062 antea
1812 2995 2010 3062 dissuaserat
2026 3016 2115 3060 nunc
2132 3003 2181 3060 est
2197 2989 2269 3058 mihi

292 3097 449 3160 apparere
471 3076 555 3160 quod
582 3079 743 3161 scriptura
768 3080 927 3144 rationem
954 3079 1045 3146 illam
1066 3083 1260 3146 nominatim
1311 3081 1467 3146 hortator.
1482 3081 1522 3167 ¹⁴)

291 3163 359 3228 fere
381 3163 415 3228 in
443 3163 522 3246 ipsis
549 3170 649 3228 notat.
693 3165 855 3246 Exempla
880 3167 1097 3247 posteriorum
1124 3188 1182 3232 nos
1204 3189 1259 3232 ur·
1395 3167 1491 3232 Nunc
1513 3166 1555 3231 ad
1575 3168 1714 3249 primam
1736 3174 1827 3231 tuam
1849 3166 2143 3249 expostulationem
2164 3172 2199 3229 ut
2219 3183 2271 3228 ve·

291 3267 369 3332 gere
390 3269 457 3312 non
479 3246 612 3326 debent,
641 3250 717 3331 quia
743 3249 892 3314 videmus
913 3259 1137 3335 praeposteros
1158 3252 1260 3318 fuisse
1310 3252 1417 3331 niam,
1445 3250 1487 3316 ad
1509 3260 1541 3318 te
1563 3253 1719 3336 privatim
1741 3252 1882 3318 seribere
1905 3251 2034 3334 saepius
2055 3252 2256 3317 institueram
2263 3272 2270 3325 ;

290 3342 422 3418 patrum
453 3335 643 3399 imitatores.
697 3336 848 3416 Denique
878 3356 961 3414 non,
994 3337 1022 3401 si
1053 3343 1257 3420 rumpantur,
1312 3335 1370 3402 sed
1392 3338 1502 3404 nescio
1520 3337 1680 3420 quomodo
1698 3337 1857 3403 hactenus
1878 3356 2045 3420 nunquam
2063 3335 2222 3402 voluntati
2240 3352 2271 3399 so

292 3418 486 3484 obtinebunt
506 3426 580 3501 post
601 3419 725 3486 Christi
754 3421 1050 3486 manifestationem
1070 3421 1180 3487 locum
1199 3423 1259 3487 ha·
1310 3423 1536 3505 opportunitas
1568 3423 1764 3488 adiunxerit.
1812 3421 1947 3488 Publice
1982 3443 2059 3486 vero
2092 3421 2134 3487 ad
2162 3423 2270 3486 iratres

291 3503 377 3582 bere,
400 3503 485 3587 quod
506 3503 583 3568 inde
605 3505 732 3571 licitum
756 3527 827 3570 esse
856 3507 962 3587 eoepit
982 3515 1020 3571 ut
1048 3509 1259 3574 suscitaretur
1310 3507 1396 3590 quod
1417 3508 1500 3573 nihil
1522 3507 1615 3587 dedi,
1644 3508 1793 3574 consulto
1816 3507 1850 3572 id
1871 3508 1994 3574 factum
2016 3507 2093 3586 fuit,
2122 3505 2270 3590 siquidem

292 3589 453 3656 Ohristus.
484 3589 610 3655 Locum
622 3589 760 3672 apostoli
772 3611 867 3673 quem
879 3590 1062 3675 adiungunt
1076 3595 1258 3676 ¹¹)promp-
1310 3615 1375 3658 non
1397 3594 1623 3676 perspicerem,
1644 3601 1741 3676 atquc
1763 3593 1844 3658 adeo
1866 3613 1967 3677 prope
1984 3613 2151 3658 cernerem
2166 3592 2269 3665 oculis,

290 3683 361 3740 tum
388 3682 439 3740 ost
465 3674 530 3740 illis
556 3675 596 3739 de
623 3677 773 3742 manibus
800 3682 960 3741 excutere.
1004 3676 1093 3758 Quid
1121 3679 1259 3744 enimsi
1310 3678 1446 3745 verbum
1469 3679 1597 3744 nullum
1619 3700 1639 3744 a
1660 3699 1713 3744 me
1731 3681 1899 3744 exiturum
1918 3677 2003 3762 quod
2025 3698 2094 3742 non
2116 3676 2268 3759 extemplo

292 3760 333 3826 ad
347 3761 443 3826 Pauli
466 3760 630 3826 saeculum
652 3760 684 3824 id
706 3763 893 3841 referamus,
917 3784 980 3845 quo
1002 3764 1188 3848 polygamia
1208 3786 1260 3830 res
1312 3765 1411 3830 variis
1438 3765 1610 3830 calumniis
1640 3766 1877 3848 exagitaretur,
1906 3765 2039 3829 omnino
2068 3764 2105 3827 in
2133 3763 2267 3828 animum

291 3854 363 3912 erat
389 3845 640 3929 vulgatissima?
683 3847 737 3910 Ex
758 3847 888 3912 Iudaeis
916 3869 993 3932 erge
1021 3869 1121 3932 quum
1151 3858 1259 3916 essent
1310 3849 1503 3915 induxeram
1525 3872 1598 3915 meo
1626 3851 1757 3916 silentio
1784 3851 1988 3915 inimicorum
2018 3848 2266 3914 maledicentiam

290 3931 435 4014 plerique
451 3932 628 3996 multarum
648 3951 788 3996 uxorum
805 3933 878 4013 viri,
901 3943 1029 3998 caetera
1046 3933 1175 4018 quidem
1193 3957 1258 4000 non
1310 3935 1492 4000 retundere.
1536 3936 1675 4000 Interim
1699 3957 1765 4000 non
1793 3933 1980 4000 dubitabam
2007 3936 2087 4016 quin
2109 3934 2266 4000 consilium
2385 3969 2386 4014 ι

292 4017 532 4095 contemnendi,
560 4018 616 4099 qui
641 4018 668 4082 si
689 4019 725 4082 in
746 4018 913 4101 episcopos
934 4027 1162 4102 cooptarentur
1183 4042 1258 4104 gra·
1310 4041 1420 4085 meum
1448 4021 1601 4086 fratribus
1628 4020 1829 4102 probaretur.
1878 4021 1976 4086 Nunc
2002 4021 2156 4102 quoniam
2184 4019 2266 4084 aliter
2385 4075 2386 4080 ,

291 4101 425 4166 vissimo
453 4102 648 4169 offendiculo
676 4103 779 4168 futuri
809 4113 931 4179 essent,
965 4113 1091 4170 mature
1118 4106 1258 4172 voluisse
1311 4106 1462 4172 satisfieri
1494 4105 1559 4170 illis
1592 4127 1657 4172 nou
1689 4113 1812 4188 potest,
1846 4105 1886 4170 de
1919 4105 1996 4170 fidei
2028 4127 2127 4170 causa
2155 4105 2193 4169 ad
2218 4121 2265 4167 eos

292 4205 459 4252 occurrere
493 4188 675 4272 apostolum
709 4189 737 4252 si
766 4190 836 4272 quis
864 4187 963 4267 dicet,
999 4211 1066 4255 nen
1094 4199 1145 4256 cst
1171 4199 1259 4258 certe
1310 4190 1422 4256 scribo.
1457 4192 1756 4274 Expostulatricem
1778 4213 1855 4258 vero
1877 4190 1918 4256 ad
1940 4191 2114 4273 collegium
2137 4199 2265 4258 vestrum

291 4269 378 4334 unde
400 4273 574 4352 refellatur,
597 4293 781 4356 quanquam
800 4275 856 4338 alii
877 4297 943 4339 non
962 4274 1041 4340 adeo
1063 4276 1258 4343 indictione
1310 4277 1480 4358 epistolam
1503 4279 1688 4360 extorqueri
1711 4300 1730 4342 a
1750 4299 1802 4342 me
1824 4277 1885 4342 hoc
1910 4285 2055 4358 tempore
2077 4298 2143 4342 non
2165 4276 2263 4359 patiar.

293 4355 391 4420 unius
411 4357 642 4437 immorantur,
670 4359 727 4424 sed
756 4360 936 4442 simplicius
963 4363 1142 4444 accipiunt,
1170 4364 1258 4428 acsi
1310 4363 1421 4430 Pluris
1448 4371 1498 4428 est
1524 4363 1605 4427 mihi
1633 4363 1844 4429 ecclesiarum
1871 4362 2092 4443 tranquillitas
2121 4383 2211 4444 quam
2232 4365 2265 4421 nt
2385 4401 2386 4404 ι

293 4441 447 4525 pudicum
473 4442 507 4506 in
535 4447 682 4527 episcopo
710 4447 897 4528 coniugium
919 4445 1042 4511 Paulus
1070 4449 1256 4530 requireret.
1311 4449 1409 4514 velim
1437 4469 1510 4514 mea
1539 4469 1636 4514 causa
1661 4449 1872 4532 interpellari.
1924 4445 1962 4513 Si
1991 4457 2101 4512 essent
2128 4447 2264 4513 crimina·

292 4527 395 4609 Atqui
418 4546 477 4608 ego
499 4549 518 4592 a
538 4531 703 4595 sententia
720 4551 793 4595 mea
811 4532 914 4596 veteri
936 4532 1091 4598 dimoveri
1113 4533 1258 4598 nondum
1312 4535 1424 4609 tiones,
1448 4535 1477 4599 si
1499 4533 1574 4598 talis
1604 4535 1800 4600 accusatoris
1829 4534 1989 4618 gravitas,
2019 4553 2101 4617 quae
2127 4529 2264 4616 ponderis

292 4614 392 4697 potui.
428 4612 566 4692 Semper
588 4617 675 4680 euim
697 4618 809 4698 putavi
832 4617 892 4684 hae
914 4618 1073 4700 particula
1094 4619 1258 4703 insignem
1311 4620 1434 4702 aliquid
1456 4619 1601 4696 haberet,
1624 4641 1846 4686 commoverer
1858 4620 1900 4702 ¹⁶)
1921 4618 2066 4684 forsitan.
2100 4619 2173 4683 Non
2189 4616 2262 4680 enim

292 4696 456 4782 quandam
490 4717 527 4761 ac
555 4719 663 4762 raram
691 4702 881 4783 pudicitiam
903 4704 1010 4768 notari
1031 4705 1067 4767 in
1088 4707 1256 4788 episcopis,
1313 4757 1496 4764 ..ἢ--..ῳ

293 4785 371 4850 ι1ιιιιι
397 4785 495 4849 unius
530 4783 686 4865 coniugii,
719 4786 825 4868 quoad
857 4789 947 4866 licet,
982 4789 1057 4870 eligi
1092 4791 1256 4873 praecipit.
1414 4821 1460 4884 12)
1479 4823 1580 4890 fingere
1598 4823 1637 4876 Ηι

293 4939 483 4946 ,---.-
1416 4890 1459 4950 13)
1478 4893 1582 4944 excussi
1601 4933 1607 4945 .
1627 4933 1633 4944 .
1653 4933 1657 4942 .
1678 4935 1683 4944 .
1703 4894 1756 4944 tuis
1773 4891 1812 4944 Η.

1415 4957 1459 5018 14)
1477 4959 1579 5014 Isacia
1594 4961 1712 5014 libellum
1736 4961 1770 5014 de
1788 4960 2056 5030 Psychopomsycbio
2078 4959 2111 5012 dc
2134 4974 2184 5026 qao
2204 4968 2261 5031 W

410 5019 438 5084 9)
457 5021 538 5072 luisse
556 5018 595 5070 Η.
1310 5027 1514 5095 disputavimus
1537 5027 1568 5081 ia
1592 5029 1716 5096 Prolcpq.
1743 5029 1817 5082 Tem.
1845 5029 1878 5083 V.
1893 5044 1960 5096 paq.
1986 5028 2020 5082 34
2039 5034 2173 5096 qaam
2188 5039 2258 5079 cattl-

216 5138 223 5150 .
396 5089 439 5152 ¹0)
459 5095 490 5140 Ul
506 5126 615 5142 ·····
634 5088 768 5168 scriptam
791 5094 929 5147 rationem.
963 5095 1043 5152 Haec
1065 5097 1158 5152 oemio
1181 5097 1260 5165 apud
1309 5097 1398 5163 prada
1415 5097 1486 5162 siat,
1512 5113 1601 5165 capro
1617 5099 1649 5151 in
1665 5098 1716 5151 boc
1733 5097 1926 5164 Epictetum
1943 5095 2081 5152 selamim
2103 5097 2152 5150 sab
2169 5095 2215 5150 Ns.
2229 5089 2256 5142 11

291 5153 330 5208 Η.
348 5157 380 5209 eb
397 5157 624 5211 semesam
641 5157 845 5214 caecarent.
1310 5165 1465 5233 saporem
1481 5167 1611 5232 repertae.

395 5225 440 5291 ll)
462 5227 513 5279 lit.
531 5226 555 5292 l,
574 5225 599 5284 6.
1413 5234 1459 5298 lb)
1478 5251 1660 5290 commoveres
1676 5233 1715 5288 Η.
