4804 6012
243 343 308 408 263
1137 339 1369 410 OONSILIA.

243 531 394 612 requiris.
440 529 581 611 Quaeris
601 530 713 615 igitur,
743 530 859 614 ecquid
881 530 979 596 heaut
1000 532 1160 597 ministris
1182 552 1224 596 ex

243 635 305 680 sua
325 617 467 698 peounia
487 617 632 682 fruatum
660 617 802 699 aliquem
820 616 970 700 stipulari
991 623 1025 682 et
1045 618 1221 700 peroipere.
1481 651 1531 706 AD
1545 651 1665 708 CERTA
1684 651 1862 720 QUAEDAM
1879 652 2048 725 efflui)

243 699 282 766 Si
304 702 451 784 praeoise
472 723 539 767 non
559 702 658 768 lioere
680 701 808 780 dixero,
842 701 954 768 durior
976 723 1075 785 quam
1096 723 1157 786 par
1179 704 1224 768 sit

241 786 382 853 iudicari
408 789 527 870 poterit
554 807 628 852 mea
655 788 837 870 responsio,
870 797 905 853 et
932 787 1090 855 adversus
1124 809 1222 870 quam
1362 787 1583 856 Dileotissime
1610 791 1725 869 irater,
1759 792 1836 874 quia
1863 791 1982 858 aooidit
2008 801 2046 858 ut
2074 791 2258 942 plurimum

244 893 311 937 non
333 872 441 938 desint
460 895 542 956 quae
564 875 664 938 etiam
681 881 886 957 regerentur.
921 873 1033 954 Quare
1054 873 1136 939 illud
1154 895 1223 939 non
1274 874 1370 938 utin
1392 877 1531 957 peounia
1558 876 1682 941 foenori
1700 875 1837 942 looanda
1857 877 2004 944 insidant
2023 899 2080 943 mu
2095 887 2130 941 ta
2158 897 2257 961 prae-

243 957 352 1036 lioere,
373 960 444 1042 ipse
466 958 599 1042 quidem
620 960 786 1024 affirmare
807 981 875 1026 non
894 961 1008 1025 ausim.
1050 960 1124 1024 Iam
1144 981 1222 1025 vero
1274 966 1326 1023 ter
1346 960 1399 1024 ius
1420 970 1453 1026 et
1475 981 1626 1045 aequum,
1656 963 1736 1028 satis
1758 971 1867 1028 tutum
1889 985 1956 1030 uon
1977 973 2028 1030 eet
2049 965 2077 1028 si
2098 963 2140 1028 ad
2160 976 2258 1029 tuam

243 1043 300 1108 ubi
322 1043 471 1126 expendo
500 1065 598 1128 quam
627 1045 690 1111 hoo
717 1045 894 1111 obnoxium
923 1045 968 1110 sit
994 1045 1167 1111 oalumniis
1189 1055 1223 1110 et
1274 1047 1498 1128 quaestionem
1535 1047 1727 1131 simpliciter
1758 1048 1987 1132 respondeam:
2027 1049 2102 1134 quis
2133 1071 2258 1132 nempe

242 1128 414 1208 seandalie,
432 1138 466 1195 et
482 1151 579 1214 quam
598 1131 745 1214 plerique
761 1131 921 1197 latissime
938 1131 1119 1198 extendant
1135 1130 1222 1214 quod
1274 1131 1391 1197 modus
1429 1133 1567 1216 legitimi
1607 1134 1734 1200 huntus
1772 1136 1929 1217 peouniae
1971 1133 2164 1201 statuendus
2199 1135 2256 1200 sit

242 1214 304 1280 sub
321 1215 492 1281 moderata
509 1215 694 1282 uenditione
705 1219 859 1300 usurpari
876 1225 1013 1300 poterat,
1035 1225 1071 1282 ut
1088 1216 1221 1282 modum
1272 1216 1350 1281 F'iet
1370 1217 1459 1282 enim
1481 1239 1717 1301 nonnunquam
1744 1227 1784 1284 ut
1804 1221 1859 1286 vel
1881 1221 2039 1287 minimus
2059 1223 2189 1287 imatus
2212 1241 2258 1286 ex

234 1301 305 1368 hae
327 1303 362 1365 in
379 1323 416 1366 re
433 1302 619 1386 legitimum
636 1302 793 1368 exoedere
811 1303 872 1367 sibi
889 1303 1094 1386 permittant,
1116 1302 1221 1368 multo
1272 1305 1411 1385 poounia
1431 1305 1556 1388 peroipi
1585 1326 1653 1370 non
1679 1307 1782 1388 possit
1807 1308 1879 1372 sine
1900 1306 1966 1372 Dei
1988 1308 2185 1387 offensione,
2223 1316 2259 1371 et

241 1385 410 1454 lubentius
432 1387 652 1467 subsisterem,
681 1411 778 1472 quam
800 1397 839 1454 ut
859 1389 956 1472 pleno
978 1408 1136 1472 responso
1158 1389 1221 1454 hoa
1272 1389 1415 1470 proximi
1434 1391 1564 1455 iniuria.
1609 1389 1722 1472 Quare
1743 1413 1796 1458 me
1817 1403 2009 1458 exeusatum
2031 1393 2118 1476 apud
2138 1403 2173 1458 te
2198 1414 2259 1458 ve-

246 1473 349 1538 semel
371 1473 611 1556 expediendum
633 1495 811 1540 censerem.
856 1475 1148 1541 Oousultiseimum
1170 1496 1220 1540 es·
1271 1473 1344 1552 lim,
1374 1475 1403 1541 si
1431 1475 1515 1540 nihil
1545 1477 1598 1542 hio
1625 1485 1766 1556 eertum,
1794 1485 1832 1543 ut
1853 1493 2039 1561 exspeotas,
2068 1479 2258 1562 praeserip-

242 1569 293 1624 set
321 1581 455 1642 nempe,
489 1561 529 1626 ab
559 1558 717 1626 eiusmodi
746 1559 966 1626 eontraotibus
994 1568 1028 1624 ot
1055 1559 1220 1626 redituum
1272 1581 1354 1625 sero.
1404 1561 1467 1626 Est
1495 1561 1625 1644 quidem
1659 1561 1694 1628 in
1727 1562 1789 1628 hau
1819 1565 1952 1630 civitate
1986 1573 2095 1632 certus
2121 1563 2257 1648 legibus

241 1644 481 1728 oaptationibus
503 1646 674 1711 abstinere.
719 1647 834 1730 Neque
856 1646 944 1712 enim
966 1647 1089 1712 frustra
1111 1647 1157 1710 ita
1180 1645 1220 1710 de
1271 1644 1387 1710 modus
1413 1648 1622 1714 eonstitutus.
1675 1647 1741 1713 Sed
1769 1670 1835 1714 non
1863 1649 1941 1715 inde
1967 1650 2179 1734 oonsequitur
2210 1649 2257 1714 ad

242 1751 279 1796 se
313 1738 456 1796 testatur
483 1731 641 1797 Ieremias
669 1733 826 1816 (15,10):
859 1732 935 1798 Non
967 1733 1133 1798 foeneravi
1162 1733 1218 1810 eis,
1271 1752 1347 1796 eum
1375 1733 1474 1798 etiam
1501 1733 1635 1798 modum
1662 1735 1807 1800 frustum
1833 1735 1992 1818 poouniae
2019 1737 2151 1820 exigere
2178 1757 2257 1801 ore-

240 1837 348 1898 nsque
375 1817 438 1900 ipsi
465 1818 623 1883 foenerati
650 1826 729 1883 sunt
754 1819 850 1894 mihi,
878 1839 992 1884 omnes
1018 1817 1220 1884 malediount
1271 1816 1368 1882 ditori
1391 1819 1475 1884 bona
1496 1821 1694 1886 oonsoientia
1721 1819 1819 1886 lioere
1845 1843 1866 1888 a
1893 1843 2051 1905 paupere,
2079 1821 2170 1886 unde
2193 1821 2257 1887 ille

241 1901 332 1966 mihi.
377 1901 489 1983 Quare
510 1925 610 1986 quum
632 1902 673 1967 ab
701 1903 862 1969 eiusmodi
889 1911 1027 1987 quaestu
1049 1924 1121 1970 sese
1142 1925 1218 1970 oon·
1270 1902 1379 1985 aliquo
1400 1903 1496 1969 modo
1517 1907 1731 1989 opprimatur.
1775 1906 1911 1972 Aooedit
1932 1917 1965 1972 et
1985 1907 2068 1972 illud
2090 1906 2177 1991 quod
2196 1928 2256 1972 me

240 1989 346 2052 tinere
375 1996 484 2072 potest
511 1989 662 2054 minister
688 1990 784 2054 verbi
805 1999 892 2055 reete
914 1991 976 2055 sibi
998 1990 1169 2062 consulit,
1185 1996 1219 2054 et
1269 1991 1389 2054 retinet
1411 2011 1454 2054 ne
1475 1990 1606 2074 plenius
1627 1993 1686 2058 tibi
1710 1993 1940 2075 respondeam,
1969 1993 2055 2076 quod
2083 1995 2186 2060 seiam
2219 2003 2255 2058 te

239 2081 352 2138 tamen
374 2073 505 2157 quando
533 2082 688 2158 quaestus
712 2075 768 2140 ille
797 2075 998 2140 tolerabilior
1024 2083 1090 2154 est,
1118 2096 1218 2158 quam
1269 2073 1331 2138 hoo
1358 2097 1378 2140 a
1406 2096 1460 2140 me
1488 2097 1604 2162 rogare
1631 2099 1669 2143 ea
1696 2077 1736 2143 de
1763 2099 1864 2145 eausa
1896 2085 2043 2158 tantum,
2076 2087 2115 2144 ut
2143 2077 2256 2144 alium

237 2160 266 2225 si
287 2159 357 2242 ipse
379 2181 438 2243 per
459 2181 494 2225 se
516 2162 754 2244 negotiaretur,
785 2161 1012 2245 autaliquem
1041 2171 1146 2226 artem
1168 2163 1217 2226 fa·
1268 2161 1432 2242 quendam
1464 2162 1642 2247 redarguas
1676 2165 1731 2247 qui
1758 2166 1869 2230 omnia
1901 2165 1964 2230 hae
1993 2165 2029 2229 in
2059 2173 2153 2248 parte
2184 2165 2256 2230 eibi

238 2253 328 2312 aeret
355 2265 438 2328 quae
459 2247 569 2328 ipsum
591 2267 611 2310 a
637 2268 776 2312 munere
804 2267 864 2312 suo
891 2253 1051 2326 avooaret,
1078 2268 1146 2312 non
1167 2248 1217 2312 vi·
1268 2247 1430 2328 permittit
1446 2270 1499 2314 me
1516 2249 1551 2313 in
1570 2249 1741 2316 eonsilium
1759 2271 1828 2315 non
1845 2250 2006 2316 adhibito:
2029 2271 2126 2334 quem
2144 2251 2256 2315 etiam

238 2330 300 2396 deo
327 2350 385 2396 our
411 2334 532 2398 laetum
562 2333 596 2397 iu
624 2355 744 2418 genere
772 2332 1016 2399 damnationem
1042 2341 1215 2398 mereatur.
1267 2332 1405 2399 sortasse
1431 2355 1473 2399 ne
1501 2334 1613 2400 audire
1648 2335 1781 2418 quidem
1809 2336 2009 2420 dignaretur.
2059 2336 2114 2400 llli
2141 2336 2257 2420 igitur

238 2419 372 2484 Interea
391 2417 477 2484 hano
496 2416 753 2484 moderationem
781 2419 930 2484 adhiberi
951 2420 1067 2498 velim,
1096 2441 1138 2484 ne
1168 2420 1216 2484 vi·
1267 2438 1327 2501 pro
1360 2441 1413 2485 me
1441 2420 1638 2503 respondeat
1670 2421 1784 2505 regula
1811 2421 1870 2486 illa
1904 2442 2117 2505 rur1s1ps1us
2149 2429 2254 2487 natu-

238 2502 357 2570 delioet
383 2511 509 2569 eertum
537 2503 680 2569 reditum
707 2505 762 2569 rol
790 2527 953 2570 summam
980 2506 1042 2571 sibi
1070 2504 1216 2588 praeoiee
1267 2504 1360 2584 ralis,
1389 2527 1487 2588 quam
1508 2505 1672 2572 Dominus
1694 2507 1789 2573 Iesus
1816 2507 1970 2574 Christus
1995 2518 2124 2590 partem
2154 2529 2254 2572 sum·

236 2588 338 2674 pendi
358 2589 546 2672 stipuletur:
569 2589 628 2655 sed
648 2599 686 2654 ut
707 2592 878 2673 peouniam
899 2591 946 2656 ita
968 2590 1055 2674 apud
1077 2591 1216 2674 probum
1266 2609 1339 2655 mae
1360 2591 1442 2674 legis
1469 2600 1503 2657 et
1531 2592 1765 2676 prophetarum
1793 2594 1922 2658 statuit:
1952 2616 1994 2658 ne
2020 2591 2175 2660 videlieet
2199 2594 2254 2658 fa·

236 2677 349 2741 virum
370 2675 514 2754 oollooet,
537 2677 628 2740 utin
646 2676 734 2740 illius
751 2674 816 2740 fide
833 2697 871 2742 ao
888 2677 1051 2760 probitate
1069 2677 1216 2759 aequies-
1266 2675 1391 2742 oiamus
1413 2677 1517 2754 alteri,
1540 2678 1626 2761 quod
1647 2681 1770 2744 laetum
1791 2699 1859 2744 non
1881 2679 2041 2746 vellemus
2061 2677 2166 2745 nobis.

238 2770 306 2828 oat:
349 2780 386 2826 aa
419 2761 555 2844 proinde
594 2770 768 2827 contentus
800 2763 844 2828 sit
875 2783 980 2846 aequo
1011 2769 1045 2827 et
1076 2762 1216 2828 honesto
1353 2761 1451 2842 Quod
1471 2764 1512 2828 ud
1534 2763 1670 2830 viduam
1691 2765 1817 2844 attinet,
1841 2766 1869 2830 si
1886 2766 2008 2848 poterit
2029 2785 2141 2831 seeum
2163 2763 2254 2830 libe-

233 2848 520 2929 fruetupeouniae,
539 2868 598 2930 pro
619 2849 746 2913 ratione
756 2848 992 2916 benedietionis
1002 2849 1066 2914 Dei
1077 2869 1156 2932 erga
1166 2849 1214 2932 ip-
1266 2869 1321 2914 ros
1344 2849 1514 2929 abduoere,
1536 2850 1623 2914 nihil
1643 2849 1693 2914 illi
1713 2851 1889 2933 pretiosius
1915 2851 2047 2916 illorum
2069 2851 2255 2916 animabus

236 2955 312 3000 sum
357 2935 490 2998 eouniae
511 2935 735 3000 exereitorem.
1267 2953 1337 2999 esse
1365 2933 1468 3000 debet
1519 2935 1630 3016 Quare
1659 2937 1687 3002 ei
1713 2935 1762 3000 illi
1791 2955 1926 3002 manum
1959 2935 2145 3020 porrexerit
2173 2935 2254 3002 Do-

324 2954 421 3099 ἂιιοιι
443 3019 484 3083 ad
506 3017 720 3085 iurisiurandi
741 3021 944 3086 exaotionem
964 3020 1002 3084 in
1014 3019 1214 3086 Oonsistorio
1266 3021 1390 3099 minus,
1426 3029 1463 3086 ut
1490 3041 1596 3088 exeo
1621 3022 1692 3088 luto
1719 3030 1778 3087 aut
1806 3022 1925 3106 abysso
1949 3023 2060 3106 potius
2086 3031 2255 3106 emergat,

236 3106 372 3184 attinet,
400 3103 564 3188 agendum
593 3112 643 3171 est
669 3105 864 3188 prudenter,
892 3113 932 3170 ut
958 3105 1214 3172 detractionibus
1264 3127 1380 3189 parum
1403 3107 1556 3186 humane,
1577 3129 1620 3174 ne
1641 3107 1749 3174 dioam
1769 3108 1949 3174 ohristiane
1969 3107 2090 3186 feeerit,
2118 3108 2147 3172 si
2170 3107 2256 3174 illos

235 3200 270 3256 et
292 3191 436 3257 susurris
457 3191 619 3256 malorum
641 3192 771 3258 obviam
789 3201 894 3256 eatur.
926 3192 1092 3276 Expediet
1111 3193 1214 3276 igitur
1265 3201 1399 3276 atergo
1418 3193 1595 3277 reliquerit
1645 3192 1713 3260 Sed
1740 3195 1815 3278 quia
1841 3193 1924 3258 mihi
1946 3215 2014 3260 uon
2034 3193 2138 3276 liquet
2159 3215 2255 3276 quae

235 3297 340 3361 quum
362 3297 442 3360 opus
469 3279 547 3354 erit,
575 3275 727 3342 adiurare
754 3278 811 3361 qui
838 3279 947 3344 voouti
974 3286 1086 3357 amnt,
1114 3287 1213 3360 atque
1264 3277 1308 3341 sit
1329 3287 1419 3343 aetas
1441 3287 1475 3344 et
1495 3300 1579 3362 quae
1600 3279 1754 3346 voluntas
1775 3301 1813 3345 aa
1829 3281 1973 3346 rationes
1996 3279 2038 3346 ad
2059 3277 2144 3344 illud
2167 3301 2254 3344 oon·

233 3363 310 3430 illos
329 3362 433 3430 veluti
454 3363 496 3427 ad
517 3363 581 3428 Dei
603 3363 748 3428 tribunal
769 3365 893 3443 sistere,
916 3363 1046 3448 quando
1066 3363 1123 3428 illo
1143 3364 1213 3446 ipse
1264 3363 1439 3429 finiendum
1473 3366 1635 3448 apposite,
1674 3365 1723 3430 illi
1756 3387 1796 3432 ea
1826 3365 1996 3450 sigillatim
2026 3363 2256 3448 expendenda

234 3450 270 3514 in
298 3450 355 3515 tali
384 3455 478 3514 eoetu
507 3449 687 3533 praesidet:
721 3448 949 3515 abstinendum
978 3457 1030 3515 est
1056 3471 1133 3516 vero
1161 3470 1212 3514 se·
1262 3449 1421 3533 relinquo.
1466 3449 1635 3534 Quidquid
1656 3453 1714 3530 sit,
1743 3473 1810 3516 non
1828 3460 1935 3535 potest
1961 3459 2077 3535 sponte
2097 3451 2176 3518 illos
2200 3453 2255 3517 ita

183 3605 186 3612 ,
235 3535 313 3601 dulo
346 3535 387 3601 ab
424 3536 515 3600 omni
547 3535 666 3620 agendi
698 3537 825 3602 ratione
858 3557 940 3620 quae
977 3535 1213 3600 iurisdietionis
1262 3535 1462 3618 relinquere,
1502 3538 1582 3620 quin
1614 3545 1809 3620 perpetuum
1848 3537 1927 3602 inde
1958 3557 2140 3602 moerorem
2183 3535 2254 3602 sibi

234 3623 375 3705 speeiem
403 3620 538 3701 habeat,
570 3629 627 3687 aut
654 3620 776 3705 aliquid
805 3621 904 3686 etiam
931 3622 972 3687 ab
993 3621 1051 3686 illa
1072 3641 1140 3686 non
1163 3619 1212 3686 di·
1263 3622 1508 3688 oonoiliaturam
1542 3625 1680 3688 noverit.
1735 3623 1844 3688 Maior
1873 3631 1925 3689 est
1956 3623 1993 3688 in
2025 3631 2129 3706 nupta
2158 3621 2254 3689 diffi-

233 3729 399 3774 versum..
785 3747 792 3770 s
1264 3708 1376 3773 oultas.
1427 3709 1475 3774 Ut
1501 3709 1590 3774 enim
1618 3707 1717 3774 illaa
1743 3709 1815 3774 viro
1845 3709 1992 3788 seoedat,
2018 3709 2084 3772 nisi
2106 3707 2142 3774 vi
2163 3729 2254 3792 qua-

321 3795 375 3861 Ad
396 3793 551 3858 ultimum
579 3813 657 3859 vero
687 3813 755 3858 non
782 3793 879 3859 video
906 3794 984 3876 quid
1012 3793 1212 3860 dislioultatis
1264 3793 1340 3860 dam
1362 3795 1485 3860 maiore
1512 3793 1613 3860 etad
1644 3802 1826 3860 extremum
1856 3815 1895 3860 eo
1920 3794 2069 3873 redaota,
2098 3793 2126 3858 si
2150 3794 2255 3862 illam

235 3881 355 3960 subsit,
384 3880 463 3963 quin
490 3878 708 3944 admittantur
735 3879 777 3945 ad
799 3879 1056 3960 Consistorium,
1083 3881 1140 3963 qui
1161 3880 1212 3944 iu·
1264 3881 1396 3946 nomina
1423 3880 1591 3964 religionis
1619 3888 1678 3946 aut
1705 3880 1771 3944 alia
1799 3881 1968 3948 oooasione
1995 3879 2255 3946 intolerandum

236 3965 418 4032 risdictioni
446 3965 629 4031 ordinariae
656 3976 691 4030 ot
718 3965 805 4032 aivili
833 3973 1007 4050 praesunt,
1040 3965 1136 4031 modo
1170 3987 1212 4031 ne
1263 3969 1298 4032 in
1320 3966 1452 4032 modum
1476 3967 1608 4045 habeat,
1636 3973 1732 4032 autor
1758 3986 1829 4031 esse
1850 3987 1919 4031 non
1939 3987 2080 4049 possum.
2124 3963 2255 4050 Neque

233 4053 389 4117 intersint
408 4050 477 4116 illio
498 4051 630 4117 nomine
658 4059 692 4116 et
719 4060 871 4135 respeotu
898 4073 977 4118 suae
1003 4051 1093 4118 illius
1113 4051 1212 4116 iuris·
1263 4052 1398 4118 modum
1424 4051 1520 4116 illum
1560 4051 1804 4118 intolerandum
1842 4051 1976 4130 definio,
2016 4073 2118 4135 quum
2155 4049 2256 4118 domi

237 4137 404 4216 diationis,
445 4137 502 4202 sed
546 4145 584 4202 ut
633 4137 807 4202 diserimen
847 4138 1042 4203 observetur
1082 4157 1212 4220 semper
1263 4137 1378 4204 durius
1400 4138 1499 4204 etiam
1520 4139 1654 4203 uacari
1680 4137 1864 4222 eontigerit.
1914 4135 2058 4204 Omnem
2080 4138 2172 4202 enim
2195 4146 2253 4206 to-

234 4224 324 4289 inter
343 4243 483 4288 munera
503 4221 561 4288 illa
580 4222 644 4288 duo
667 4223 764 4306 plane
785 4222 948 4302 distinata,
976 4223 1071 4290 oivile
1092 4243 1211 4306 nempe
1261 4223 1435 4290 lerantiam
1456 4222 1644 4289 exhibuerit
1665 4233 1801 4306 oportet,
1823 4232 1999 4307 antequam
2020 4221 2062 4288 ad
2081 4221 2169 4288 illud
2193 4245 2254 4290 re-

235 4319 268 4376 et
300 4307 564 4375 eeclesiastioum.
618 4309 774 4392 Alioquin
807 4309 899 4374 nulla
930 4310 1013 4374 ratio
1045 4309 1124 4374 sinit
1151 4329 1210 4374 ex·
1261 4311 1406 4376 medium
1428 4311 1601 4394 oonfugiat
1646 4307 1685 4376 si
1707 4331 1785 4376 vero
1807 4309 1848 4376 ab
1869 4309 2054 4374 idololatria
2075 4317 2149 4373 tuta
2169 4331 2254 4376 esse

234 4393 322 4460 eludi
344 4393 417 4460 illos
433 4395 489 4476 qui
510 4394 741 4477 magistratum
763 4403 884 4479 gerunt
903 4394 943 4460 ab
955 4395 1156 4478 inspeetione
1177 4400 1211 4460 et
1261 4417 1328 4462 uon
1349 4403 1457 4479 potest
1477 4396 1543 4460 nisi
1560 4416 1635 4460 oum
1656 4405 1770 4479 aperto
1791 4395 1880 4460 ritae
1906 4394 2065 4479 perieulo,
2094 4393 2254 4479 adeoque

233 4481 394 4564 regimine
420 4479 590 4562 spirituali.
640 4478 780 4546 Summa
807 4488 874 4560 est,
907 4489 946 4546 ut
972 4502 1075 4564 quum
1100 4479 1210 4546 idonei
1261 4483 1315 4548 vir
1336 4481 1385 4547 illi
1411 4483 1513 4546 instet
1539 4489 1578 4546 ut
1606 4503 1680 4550 eam
1706 4489 1923 4564 persequatur
1947 4481 2102 4563 ipsemet,
2129 4479 2255 4547 lioebit

234 4567 383 4633 homines
406 4563 448 4631 ad
469 4564 552 4630 illud
573 4586 694 4631 munus
721 4567 816 4632 eleoti
837 4575 952 4646 erunt,
980 4565 1117 4632 videant
1146 4567 1209 4650 ipsi
1261 4577 1333 4634 tum
1349 4567 1399 4632 illi
1419 4568 1497 4652 luga
1518 4567 1582 4632 sibi
1603 4567 1788 4633 oonsulere:
1821 4587 1888 4632 non
1915 4567 2023 4632 animo
2051 4565 2255 4634 divertendi

233 4675 275 4720 ne
302 4673 379 4720 oum
408 4650 509 4736 gladii
534 4659 695 4732 potestate
723 4652 926 4718 oonlundant
958 4651 1046 4737 quod
1078 4653 1120 4720 ab
1152 4651 1210 4717 illa
1262 4655 1374 4720 aviro
1396 4662 1430 4718 et
1457 4653 1547 4720 illiue
1575 4651 1762 4730 deserendi,
1790 4660 1955 4735 uteunque
1977 4672 2012 4717 se
2038 4651 2089 4716 illi
2114 4649 2254 4719 durum

232 4741 284 4806 sui
315 4748 436 4805 natura
467 4735 659 4802 distinotum
690 4758 825 4802 manere
857 4738 963 4806 debet.
1017 4736 1075 4804 Sia
1101 4741 1209 4806 visum
1261 4748 1296 4806 et
1324 4739 1564 4806 intolerabilem
1591 4739 1794 4805 exhibuerit:
1824 4737 1891 4804 sed¹
1909 4746 2040 4803 tantum
2067 4747 2105 4802 ut
2136 4739 2254 4805 evitet

232 4835 284 4892 est
304 4823 502 4909 respondere
523 4823 565 4888 ad
586 4831 643 4886 tua
663 4823 837 4906 postulata,
859 4823 947 4907 quod
964 4831 999 4890 et
1013 4823 1133 4892 hatres
1151 4845 1209 4910 ap·
1260 4834 1412 4910 apertum
1434 4823 1624 4908 perieulum.
1675 4826 1726 4890 Ao
1750 4824 1913 4907 tantisper
1939 4821 2013 4890 fieri
2040 4825 2165 4907 poterit
2194 4825 2253 4892 fa·

232 4911 415 4994 probarunt
448 4909 641 4993 quibusoam
674 4907 714 4974 de
740 4910 815 4974 istis
846 4910 1043 4974 nominatim
1074 4913 1208 4991 eontuli,

230 5017 274 5061 ne
302 5017 344 5061 ex
370 5017 444 5061 meo
471 4995 571 5060 unius
605 5013 704 5060 sensu
729 4996 793 5060 ista
819 4993 979 5080 prodiisse
1005 4997 1208 5066 viderentur.

229 5079 325 5148 Bene
347 5083 428 5150 vale.
476 5079 809 5147 10.Ianuarii1560.
1349 5133 1429 5200 W„
1457 5132 1556 5203 ,dum
1587 5146 1695 5188 „m
1725 5131 1802 5186 ΒΜ
1830 5131 1948 5186 ,ma
1981 5129 2062 5185 rm
2091 5127 2167 5199 app.
2203 5133 2245 5190 ed

1263 5133 1361 5259 aad.
1377 5217 1405 5270 a.
1479 5243 1486 5270 ,
1511 5201 1599 5257 nau.
1613 5217 1642 5272 p.
1659 5199 1719 5268 aro,
1746 5201 1857 5258 nm.
1870 5216 1900 5269 ρ.
1919 5197 1984 5268 ιιι,
2011 5198 2113 5255 ιιοιι
2126 5215 2156 5268 ρ.
2175 5177 2254 5273 aar,
