4852 6022
168 317 232 377 41⁷
960 315 968 335 ‘
1035 315 1115 377 1539
1138 311 1300 380 oomB.
1547 383 1553 396 ,
2101 322 2166 388 418

169 522 314 585 unquam
350 501 508 585 rogitasse
540 507 580 566 ut
610 499 840 566 admitteretur
871 499 913 566 ad
943 501 1141 566 burdonem
1193 501 1273 566 satis
1294 509 1403 566 tutum
1420 501 1484 583 ipsi
1500 499 1658 579 futurum,
1677 503 1805 570 etiamsi
1818 505 1967 588 privatus
1978 505 2167 592 hioegeret.

170 587 262 654 verbi
282 587 369 652 inter
390 585 471 669 pios,
492 585 560 650 nisi
580 595 655 670 post
675 585 865 663 absolutam,
887 607 930 650 no
956 585 1062 651 diuam
1085 587 1141 651 ab·
1194 584 1290 667 Quod
1323 585 1487 652 Martinus
1517 594 1614 653 vocat
1644 586 1838 671 ἁρκιόλυκον,
1872 612 1937 656 non
1971 600 2039 657 tam
2071 615 2168 661 orse-

169 673 403 739 solutissimum
424 672 673 755 poeuitentiam,
703 690 741 737 so
763 677 830 736 tam
853 671 941 736 olera
961 671 1141 736 uoluntatis
1193 671 1351 738 orandum
1378 672 1519 738 habetur
1546 673 1682 751 animal,
1712 683 1750 738 ut
1782 675 1869 757 plebi
1902 685 1952 742 ost
1980 677 2071 756 huie,
2106 701 2168 747 neo

169 757 300 824 divinae
321 757 508 823 testimonia
527 757 645 840 quibus
666 757 799 838 praofioi
822 756 951 832 debeat,
981 767 1020 822 ut
1046 777 1142 822 nemo
1193 777 1365 840 possumus
1385 757 1504 823 melius
1525 758 1694 824 eonsulere
1715 761 1858 841 quamsi
1876 771 2049 828 taceamus.
2081 765 2167 831 Pro·

170 865 264 910 soous
296 845 417 910 sentiat
449 843 513 908 nisi
545 843 600 924 qui
630 842 771 908 Domino
802 841 886 907 velit
921 841 1141 908 eontradiosre
1193 843 1276 908 teoto
1304 843 1423 908 mirum
1451 845 1609 910 sentimus
1638 844 1791 909 affeetum
1814 854 1927 911 eontra
1948 869 2033 913 sum.
2078 849 2166 916 Aliis

170 939 290 1014 aperte.
339 929 469 993 Rursus
497 927 666 992 Christum
692 926 802 992 Iesum
830 935 947 1005 testor,
976 949 1029 992 me
1055 927 1142 994 nolle
1193 928 1354 1008 timemus,
1376 930 1524 1012 quamvis
1542 930 1726 1012 ubieunque
1749 933 1861 1014 egerit,
1884 933 1948 997 nisi
1966 939 2059 998 tauta
2071 954 2165 1000 sauo-

170 1015 238 1080 ulla
259 1015 386 1079 ratione
409 1013 530 1096 aliquid
559 1013 678 1078 habere
705 1013 809 1096 partis
839 1015 872 1078 in
895 1033 1056 1080 consensu
1078 1033 1141 1096 qno
1193 1013 1329 1078 timonis
1357 1025 1390 1078 ot
1419 1015 1559 1099 insignis
1595 1017 1697 1098 pietas
1725 1015 1890 1082 hominem
1920 1018 2164 1100 commendarit,

169 1101 313 1185 isprius
335 1097 535 1176 admittetur,
557 1097 615 1163 sed
633 1111 792 1181 quantum
814 1119 946 1182 possum
971 1119 1044 1163 reos
1065 1121 1141 1164 san·
1193 1098 1287 1164 valdo
1321 1098 1508 1184 despectum
1543 1101 1606 1164 erit
1640 1121 1735 1166 suum
1764 1103 1997 1182 ministerium,
2032 1116 2165 1188 tamque

170 1186 283 1272 guinis
302 1185 453 1262 inolamo,
476 1195 509 1248 et
525 1184 696 1268 sauguinis
713 1183 847 1260 Christi,
870 1183 926 1266 qui
943 1183 1141 1266 perdendam
1193 1185 1264 1250 siue
1290 1184 1417 1262 fructu,
1448 1195 1483 1251 ut
1512 1186 1610 1251 etiam
1638 1185 1711 1250 aliis
1739 1188 1964 1253 inoommodet.
2009 1190 2103 1268 Nam,
2126 1199 2165 1257 ut

170 1271 340 1338 eoolesinm
372 1271 436 1354 ipsi
467 1269 665 1335 crediderint
696 1278 754 1335 aut
790 1269 1022 1336 eousouserint.
1076 1269 1143 1334 Hio
1194 1270 1289 1348 nosti,
1307 1270 1537 1336 oiroulatorum
1549 1280 1668 1337 vooant
1678 1271 1768 1336 illam
1779 1273 1930 1338 iteratam
1942 1273 2164 1356 detentionem,

170 1359 313 1442 ingenus
335 1357 438 1422 fatoor
460 1377 525 1420 non
546 1377 641 1438 posse
663 1355 824 1431 assentiri,
845 1377 905 1422 noo
922 1375 1141 1433 assensurum,
1194 1363 1227 1419 et
1247 1355 1281 1420 id
1301 1356 1387 1438 quod
1409 1355 1527 1424 dieitur
1552 1355 1648 1422 modo
1676 1358 1723 1422 ait
1751 1357 1846 1423 modo
1868 1373 1974 1443 negat.
2019 1360 2096 1426 Ideo
2119 1363 2166 1432 vi-

172 1443 275 1510 doneo
302 1442 399 1526 longa
425 1442 613 1524 probatione
635 1461 670 1506 se
691 1441 738 1508 sio
760 1441 948 1524 approbarit
965 1452 1001 1504 ut
1023 1440 1142 1523 diguus
1194 1440 1293 1505 deant
1314 1441 1369 1524 qui
1397 1443 1539 1508 hominis
1563 1444 1667 1528 magis
1694 1463 1791 1525 quam
1822 1444 1975 1510 ecelesiae
2003 1447 2166 1513 rationem

172 1529 340 1596 habeatur.
395 1527 532 1592 Alamus
566 1526 747 1602 hominem,
775 1527 910 1605 alamus,
938 1537 971 1591 ot
999 1525 1143 1592 solemur
1195 1526 1331 1604 habent,
1364 1549 1406 1591 ne
1438 1528 1500 1592 sibi
1530 1527 1685 1593 iudieium
1717 1537 1750 1594 et
1782 1528 1907 1594 homiui
1940 1551 1977 1595 ao
2010 1533 2166 1600 eeclesiae

171 1613 277 1682 modis
298 1613 448 1679 omnibus
469 1613 553 1678 oitra
574 1611 803 1677 detrimontum
832 1611 994 1678 ecelesiae.
1040 1611 1142 1690 Alias,
1194 1613 1317 1676 malum
1338 1627 1513 1678 aeaersant.

172 1701 202 1766 si
223 1700 295 1784 quis
314 1699 487 1764 intruserit
508 1697 542 1762 in
564 1697 680 1776 looum,
703 1697 738 1761 in
759 1719 822 1780 quo
849 1697 1012 1762 Dominus
1039 1697 1144 1762 voluit
1278 1697 1329 1762 Do
1369 1697 1568 1776 Aleaoudro,
1607 1719 1703 1780 quem
1742 1698 1813 1763 ideo
1856 1710 1934 1783 puto
1976 1702 2021 1768 sio
2064 1703 2166 1769 fuisse

172 1808 244 1852 meo
266 1783 445 1850 ministerio
467 1783 515 1848 uti
536 1793 569 1848 et
590 1804 649 1866 per
666 1804 718 1848 me
735 1783 857 1866 aliquot
866 1781 928 1848 sibi
945 1782 1143 1862 luorilaoere,
1193 1793 1411 1866 assumptum,
1446 1791 1483 1849 ut
1514 1805 1552 1850 eo
1583 1785 1646 1848 iret
1677 1804 1741 1868 quo
1773 1788 1947 1866 eouoessit,
1977 1807 2015 1853 ao
2047 1788 2165 1871 opinor

172 1870 260 1956 apud
282 1871 391 1936 Deum
412 1890 521 1934 meum
543 1867 583 1933 de
605 1868 726 1933 iniuria
742 1867 825 1932 mihi
835 1867 932 1944 illata,
950 1869 1144 1950 quaeeoole·
1193 1868 1385 1952 priusquam
1410 1869 1487 1934 hino
1521 1869 1664 1935 solveret
1689 1870 1736 1936 sie
1759 1869 1947 1937 oonolusum
1979 1873 2094 1953 fuisse,
2127 1883 2165 1940 tu

172 1957 241 2024 siae
268 1957 345 2038 ipsi,
373 1955 439 2020 imo
461 1954 523 2037 ipsi
546 1953 678 2020 Christo
700 1953 847 2030 infertur,
879 1975 1003 2036 queror.
1048 1952 1144 2020 Siout
1194 1954 1282 2018 nosti
1313 1975 1393 2038 quos
1424 1953 1575 2020 habuerit
1607 1957 1641 2020 in
1673 1953 1861 2041 synodo,‘²⁰)
1896 1967 1929 2021 et
1961 1957 2014 2041 qui
2038 1960 2165 2041 possint

171 2055 206 2108 et
223 2042 259 2106 iu
276 2041 350 2107 aliis
360 2042 482 2106 fautum
493 2049 543 2105 est
552 2039 695 2124 indigne.
714 2039 767 2106 hio
778 2048 893 2122 reputo
907 2039 1141 2123 indignissime.
1194 2037 1283 2122 apud
1305 2039 1486 2123 Regnum
1507 2050 1541 2106 et
1561 2040 1666 2104 filium
1689 2039 1823 2106 Roberti
1846 2063 1867 2106 o
1885 2041 2064 2128 Moroo.²¹)
2098 2045 2166 2110 Per

172 2127 247 2194 Non
274 2136 325 2192 est
350 2127 398 2191 ita
426 2125 519 2192 nobis
544 2124 769 2207 prostituenda
795 2127 887 2208 virgo
915 2125 995 2190 haee
1023 2145 1143 2207 sponsa
1193 2123 1253 2190 hos
1270 2133 1348 2208 puto
1370 2125 1599 2204 sommendari,
1628 2145 1688 2190 neo
1709 2125 1830 2192 taoebit
1851 2127 2043 2208 Aleaoader,
2070 2137 2164 2196 tauto

173 2211 301 2281 Christi
321 2213 361 2277 iis
383 2213 438 2294 qui
459 2233 494 2276 ss
517 2219 695 2293 quaerunt,
722 2209 824 2276 donee
845 2210 1066 2294 intelligamus
1088 2231 1143 2277 eos
1194 2213 1383 2293 propensior
1400 2213 1434 2276 in
1453 2212 1593 2296 gratiam
1607 2209 1713 2277 Caroli
1731 2211 1772 2276 ad
1790 2213 2023 2292 mentiendum,
2042 2223 2165 2298 quanto

173 2298 345 2366 Christum
367 2318 445 2362 vore
467 2317 637 2380 quaerere,
664 2318 730 2360 nou
759 2297 912 2378 seipsos.
964 2295 1037 2360 Non
1064 2297 1143 2361 satis
1194 2295 1351 2360 infensior
1377 2305 1427 2362 ost
1455 2297 1558 2362 uobis.
1610 2295 1676 2362 Sed
1705 2305 1877 2379 postquam
1906 2300 1935 2364 is
1963 2300 2070 2365 audiri
2092 2301 2165 2366 vult

171 2383 294 2450 habent
315 2384 348 2462 ii,
371 2402 452 2464 quos
474 2382 691 2466 praestitisset
713 2403 778 2446 non
795 2382 886 2447 nasei
905 2381 1059 2464 (qualiter
1076 2383 1143 2446 siut
1194 2381 1347 2446 fratribus
1369 2404 1435 2448 non
1456 2380 1583 2459 auditis,
1606 2391 1644 2446 ut
1666 2382 1813 2448 obtineat
1840 2383 1925 2466 quod
1947 2386 1986 2449 fit
2008 2386 2062 2451 ubi
2082 2386 2166 2451 alter

171 2471 240 2536 uati
268 2489 335 2534 non
362 2468 447 2550 dieo)
475 2475 525 2532 tot
554 2466 665 2532 turbas
694 2476 773 2549 quot
800 2475 916 2562 sponte
944 2467 1141 2544 susoitarint,
1194 2475 1321 2532 tantum
1351 2467 1498 2545 auditur,
1527 2469 1575 2534 sio
1601 2467 1717 2550 aooipe.
1769 2469 1809 2532 In
1839 2470 2004 2536 montibus
2031 2472 2059 2536 is
2087 2472 2164 2555 egit,

169 2555 323 2622 ecelesias
364 2551 546 2618 invidentia
589 2551 804 2638 perdiderint,
855 2551 948 2636 lupos
991 2552 1141 2632 foverint,
1194 2561 1280 2618 oerte
1309 2551 1429 2637 dignum
1456 2555 1511 2636 qui
1538 2555 1623 2618 feras
1651 2565 1762 2636 paseat
1790 2575 1855 2618 non
1884 2555 2041 2635 homines,
2064 2577 2166 2640 quum

171 2649 319 2708 monstra
339 2639 519 2716 evexerint,
538 2637 770 2704 nisidiluvium
781 2637 942 2702 malorum
953 2638 1140 2703 immittant
1194 2637 1361 2703 literarum
1388 2643 1432 2704 sit
1458 2659 1585 2722 expers.
1635 2638 1782 2722 rigabam
1812 2639 1964 2706 Neoeomi
1986 2649 2064 2708 tuno
2087 2641 2166 2707 dum

171 2727 223 2792 uu
244 2727 346 2792 frater
363 2725 455 2790 obsta
475 2733 544 2789 tam
573 2722 717 2822 indignis
744 2722 897 2790 aedesius
924 2723 1027 2799 malis,
1058 2744 1141 2806 quae
1195 2724 1324 2788 venite
1347 2723 1457 2790 Gallia
1479 2723 1723 2790 sommendatus
1745 2723 1848 2789 literis
1880 2725 2163 2813 Robatuauaffl)

172 2813 276 2878 vitata
303 2810 400 2876 volui.
453 2809 562 2876 Corolo
589 2809 690 2874 nolim
719 2809 772 2874 vel
799 2809 835 2874 in
863 2809 997 2874 minimo
1020 2809 1139 2888 obesse,
1193 2807 1274 2874 Dixi
1295 2831 1349 2874 me
1370 2831 1436 2876 non
1455 2831 1551 2894 posse
1571 2809 1635 2892 ipsi
1656 2809 1835 2875 oonsulero:
1860 2810 1988 2876 videret
2014 2813 2042 2876 si
2063 2831 2164 2895 quam

171 2918 300 2964 omnem
312 2896 572 2962 eommunionem
584 2893 670 2959 ultro
681 2895 798 2960 offerre
810 2903 956 2977 paratus:
978 2895 1035 2960 ssd
1046 2895 1141 2978 oupio
1193 2905 1304 2978 posset
1339 2895 1559 2962 conditionem
1589 2895 1753 2973 invenire,
1781 2915 1819 2960 ao
1853 2898 2058 2979 experiretur
2085 2896 2165 2980 quid

170 2981 359 3050 consultum
387 2981 545 3056 ecelesiis,
573 3002 633 3046 noo
662 2979 785 3063 aliquid
813 2981 919 3045 omitti
945 2979 1031 3063 quod
1058 3002 1076 3045 e
1106 3001 1142 3046 re
1193 2987 1311 3062 posset.
1362 2979 1398 3045 Is
1424 2990 1503 3066 puto
1528 2980 1570 3045 ad
1599 2981 1813 3046 Claudianum
1841 2984 2007 3062 oonoessit,
2032 2983 2164 3066 egitque

172 3070 216 3136 sit
247 3067 465 3136 eudesiarum.
521 3064 747 3132 Constantiam
784 3087 822 3132 ao
855 3066 1051 3150 gravitatem
1088 3065 1143 3131 bio
1194 3086 1269 3130 oum
1297 3087 1335 3130 eo
1363 3087 1401 3132 ao
1426 3065 1559 3132 tandem
1589 3066 1695 3132 looum
1725 3065 1847 3132 habuit
1897 3067 1973 3132 Non
2003 3067 2165 3152 estquod

170 3163 300 3238 exopto,
322 3174 390 3218 non
410 3153 458 3217 ita
474 3151 510 3216 in
531 3151 696 3218 benefieiis
713 3161 746 3216 et
763 3149 924 3234 obsequiis
937 3150 1054 3233 quibus
1070 3153 1143 3234 quis
1194 3171 1444 3217 oommemorem
1455 3151 1594 3234 qualiter
1610 3151 1814 3218 oontenderit
1829 3171 1903 3216 oum
1920 3153 2093 3220 Claudiano
2102 3173 2164 3237 pro

172 3247 303 3306 tenetur
324 3239 423 3304 etiam
446 3237 531 3303 hosti
548 3235 669 3303 adesse.
703 3235 865 3316 Quamvis
881 3237 1023 3321 ingenue
1039 3238 1144 3302 fatear
1195 3244 1309 3315 soorto,
1331 3235 1416 3320 quod
1438 3245 1574 3321 uterque
1595 3235 1769 3302 ambiebat:
1793 3237 1850 3302 sed
1873 3239 2092 3304 Alexandrum
2112 3261 2165 3305 se·

171 3347 225 3392 me
254 3324 350 3408 plura
379 3345 438 3408 pro
470 3321 540 3405 ipso
572 3323 677 3407 egisse
710 3344 747 3388 ao
781 3321 952 3404 pertulisse
984 3343 1083 3406 quam
1114 3323 1143 3388 si
1195 3329 1297 3406 quuta
1317 3329 1368 3390 est
1388 3323 1526 3402 Helena,
1549 3322 1648 3388 aliam
1669 3322 1831 3404 quaesivit
1854 3323 2059 3390 Claudium.
2096 3323 2166 3391 Sed

171 3419 266 3496 pater
285 3409 369 3475 mihi
389 3409 511 3474 luisset
555 3406 649 3475 Siout
670 3406 858 3474 mortalium
879 3427 1022 3490 unquam
1049 3428 1144 3473 nemo
1196 3407 1273 3472 dum
1318 3429 1402 3474 uxor
1447 3407 1620 3474 Cloadiaei
1666 3407 1846 3492 proseindit
1893 3407 2164 3490 Alexandrinam,

171 3497 219 3562 ita
247 3517 299 3561 me
328 3493 436 3574 laesit,
471 3493 559 3559 solui
585 3492 797 3571 contendere,
826 3494 920 3558 iuxta
947 3494 1144 3558 senteutiam
1195 3499 1333 3560 ventum
1364 3501 1416 3560 est
1446 3493 1487 3558 ad
1518 3515 1618 3572 arma,
1629 3496 1675 3570 ²³)
1706 3493 1822 3577 gladiis
1854 3502 1889 3560 et
1921 3495 2088 3562 asturibus
2114 3502 2167 3562 est

172 3581 308 3658 Christi,
331 3579 574 3646 benefaciendo:
602 3579 659 3644 sod
686 3600 813 3661 sempor
840 3581 911 3644 eavi
933 3599 974 3642 ne
1003 3577 1080 3660 quid
1103 3577 1144 3642 ad
1195 3588 1380 3662 pugnatum
1405 3579 1441 3644 iu
1463 3580 1535 3645 vieo
1556 3579 1673 3664 palam,
1696 3588 1729 3642 et
1749 3579 1813 3644 nisi
1836 3577 2045 3645 diremissent
2066 3579 2167 3646 vieini

173 3667 347 3733 ministerii
370 3667 567 3732 lunationem
595 3663 743 3730 tenderet
772 3663 823 3729 vel
851 3662 1057 3747 disoiplinam
1082 3663 1144 3728 im·
1195 3664 1365 3730 eeoidisset
1380 3664 1473 3740 altor,
1495 3667 1523 3730 si
1540 3674 1763 3747 nonuterque.
1796 3666 2167 3732 Paoatumluitutrum·

172 3752 308 3837 pediret.
364 3752 610 3834 Tempestivum
650 3751 713 3814 iam
751 3765 801 3814 est
840 3763 878 3813 ut
906 3749 962 3814 bili
996 3749 1142 3814 fraenum
1195 3770 1259 3832 que
1281 3747 1468 3814 dissidium:
1496 3751 1566 3834 egit
1593 3751 1699 3814 multa
1719 3751 1902 3815 Alexander
1934 3749 2099 3830 bellioose,
2128 3771 2167 3817 ao

172 3837 309 3914 iniioias,
332 3857 392 3902 noo
414 3847 446 3902 te
465 3859 502 3903 ae
523 3835 602 3902 alios
620 3854 735 3902 vexes:
757 3835 952 3918 praestanda
968 3844 1046 3898 sunt
1062 3855 1144 3916 quae
1196 3854 1274 3900 sane
1296 3833 1386 3918 digni
1409 3843 1505 3899 orant
1525 3835 1672 3900 oauonioi
1693 3835 1749 3918 qui
1771 3835 1871 3900 talem
1893 3835 2052 3901 haberent
2071 3843 2167 3902 anta-

173 3925 244 3990 sine
266 3924 391 3988 iaotura
412 3923 566 3988 ecelesiae
594 3931 743 4005 possunt,
774 3942 832 3986 neo
861 3942 912 3985 ure
941 3941 1021 4002 opus
1042 3920 1144 3986 habes
1238 3921 1367 3985 nietam
1422 3919 1558 3987 Utinam
1596 3919 1730 3986 Christo
1768 3929 1835 3984 tam
1876 3920 1995 4004 dignus
2034 3922 2165 3988 fuisset!

174 4011 342 4075 monitore.
375 4007 426 4074 Ne
447 4017 578 4091 reputes
599 4029 651 4072 me
674 4027 818 4090 unquam
841 4005 963 4088 aliquid
980 4005 1021 4070 de
1035 4005 1144 4072 Corolo
1222 4005 1291 4071 iout
1322 4013 1468 4071 ventrem
1502 4012 1630 4069 tantum
1659 4005 1708 4070 illi
1738 4012 1871 4084 aurant,
1905 4007 1952 4072 sie
1984 4007 2167 4074 Alexander

172 4095 351 4178 soripsisse,
373 4091 460 4176 quod
483 4115 534 4158 me
552 4093 735 4176 poeniteret
756 4101 902 4158 aetorum
925 4093 960 4154 in
978 4090 1085 4172 ipsum
1109 4101 1145 4156 ιιι
1195 4091 1306 4176 gravis
1334 4092 1479 4175 ipsorum
1507 4093 1615 4156 ventri
1644 4091 1848 4168 imminebat,
1879 4090 1962 4155 nihil
1989 4113 2056 4158 nou
2082 4093 2165 4160 reoi-

173 4181 281 4246 olfioii.
315 4179 410 4256 Nam,
435 4179 559 4244 utiam
581 4189 654 4242 sum
678 4187 823 4253 testatus,
846 4198 960 4242 noram
978 4177 1143 4240 hominem
1196 4177 1289 4261 piens
1315 4197 1482 4244 sessurum
1510 4178 1544 4240 in
1574 4197 1669 4242 usum
1691 4176 1803 4257 plebis,
1834 4175 1929 4240 modo
1950 4176 2124 4244 defluerent
2145 4199 2167 4244 a

175 4277 208 4332 ot
228 4287 311 4349 quae
329 4265 398 4348 egit
419 4286 456 4330 ao
477 4265 668 4348 procuravit
689 4265 785 4347 longo
807 4261 901 4346 plura
922 4283 1021 4344 quam
1042 4263 1144 4344 sarip-
1196 4264 1374 4338 eanoniois,
1402 4273 1435 4326 et
1461 4263 1610 4345 quamvis
1642 4263 1783 4326 multum
1822 4262 1944 4343 periret
1974 4264 2166 4330 saorifioulis

173 4353 275 4418 serim
296 4361 451 4432 reputans
470 4359 556 4414 aeta:
578 4348 635 4414 sed
653 4372 692 4414 ea
709 4348 817 4412 omnia
838 4369 903 4412 non
925 4345 1145 4429 impedierunt
1196 4370 1254 4430 per
1293 4348 1526 4426 Akaoadram,
1564 4349 1649 4412 vixit
1687 4357 1797 4411 tamen
1836 4347 2022 4414 omamitose
2059 4348 2164 4416 valde.

175 4439 254 4521 quin
287 4459 329 4502 ex
357 4436 466 4500 auimo
493 4435 624 4520 egerim.
675 4433 779 4516 Cupio
808 4445 841 4498 et
867 4433 960 4511 alios,
994 4433 1144 4498 omnibus
1195 4435 1325 4500 Pluries
1346 4433 1413 4499 illio
1430 4432 1537 4498 looum
1555 4433 1706 4505 mutavit
1730 4439 1765 4494 ut
1786 4430 1923 4496 liberum
1946 4447 2016 4500 orat
2034 4429 2166 4500 nemius

174 4523 273 4590 eham
309 4521 462 4606 oognitis,
501 4519 584 4586 beno
627 4521 689 4603 ipsi
726 4521 846 4596 lasere,
885 4517 977 4584 salva
1015 4538 1145 4600 semper
1196 4520 1420 4603 prospieiente.
1472 4518 1612 4600 Saepius
1640 4529 1775 4584 oouatus
1802 4527 1853 4582 est
1877 4517 1982 4584 looum
2005 4522 2165 4604 aptiorem

173 4607 312 4675 eoelesia
332 4608 368 4671 in
389 4605 548 4683 omnibus,
570 4627 629 4688 pro
647 4627 712 4688 qua
733 4603 1026 4688 suseipisndasunt
1048 4603 1143 4682 mala,
1196 4604 1352 4688 deligere:
1384 4625 1403 4669 a
1430 4606 1507 4670 suis*
1522 4605 1687 4670 eanouiois
1714 4601 1806 4668 veuit
1837 4603 1878 4668 ad
1910 4603 2092 4680 Bielenses,
2126 4624 2165 4670 ao

174 4714 243 4760 non
264 4694 299 4758 iu
326 4694 463 4778 gratiam
494 4690 640 4757 alieuius.
689 4689 818 4754 Cedant
842 4690 953 4754 omnia
980 4689 1143 4767 eoelesiae,
1197 4745 1397 4753 -μ

175 4779 239 4845 ιιοιι
260 4787 311 4844 est
331 4779 393 4862 ipsi
416 4775 549 4842 Christo
570 4777 627 4858 qui
643 4785 741 4858 eaput
757 4783 815 4851 est,
833 4776 951 4858 quique
968 4775 1144 4841 vultsuam
1280 4807 1325 4870 20)
1345 4808 1550 4874 gamm,
1579 4807 1628 4862 „gf
1654 4823 1680 4862 a.
1710 4805 1777 4860 1538
1802 4807 1954 4864 mmm
1977 4822 2036 4860 M,
2061 4805 2167 4859 pm,

172 4885 329 4948 sponsam
350 4881 512 4946 nusquam
533 4881 593 4928 neo
615 4880 759 4943 unquam
781 4859 911 4943 negligi.
955 4861 1031 4925 Non
1051 4860 1145 4926 nobis
1194 4879 1291 4934 amar.

146 4941 147 4944 ¹
174 4951 329 5018 timemus
350 4948 391 5014 de
412 4945 554 5014 eoelesiis
576 4946 674 5012 huius
695 4944 835 5022 ditionis,
856 4945 913 5010 ubi
929 4945 1146 5010 adnunciatur
1280 4945 1329 5011 21)
1350 4945 1384 5000 R·
1403 4944 1437 4998 de
1454 4944 1481 5024 ,ια
1501 4945 1610 5025 Mares,
1629 4943 1669 4998 θ’·
1687 4943 1721 4998 ‘¹⁶
1739 4943 1902 5014 sturme,
1920 4939 2117 4998 GMWW
2133 4939 2169 4997 θ’

174 5035 339 5112 Christus,
361 5033 447 5118 quod
469 5033 600 5115 praefioi
623 5031 726 5114 possit
742 5032 813 5096 sine
829 5031 952 5130 insigni
969 5030 1146 5113 speoimine
1195 5017 1224 5071 ¹⁰
1239 5015 1328 5146 ⁹³3ss
1344 5013 1381 5136 ᾖ
1399 5011 1727 5138 fflfflfflfflffi
1743 5011 1938 5136 marathri
1960 5075 1993 5130 aa
2010 5075 2038 5128 ,a
2057 5075 2158 5132 mm

175 5119 299 5188 solidae
320 5119 459 5202 pietatis.
495 5119 566 5184 Iuro
588 5118 717 5194 seimus,
739 5137 853 5181 omnes
870 5137 961 5199 prius
979 5115 1145 5198 pellendos
1196 5167 1222 5205 a·
1240 5150 1309 5204 1535
1326 5152 1358 5206 ob
1375 5151 1530 5218 „pm-om,
1545 5123 1631 5206 'm
2158 5117 2167 5144 '

176 5227 198 5272 a
229 5205 339 5290 plebe,
373 5224 470 5287 quam
503 5213 539 5270 ιιι
567 5203 656 5270 solus
684 5203 786 5286 possit
813 5201 955 5278 admitti,
983 5219 1044 5268 noe
1065 5212 1144 5282 puto
1281 5218 1328 5286 aa)
1349 5219 1453 5286 nm
1472 5219 1534 5273 ιιι,
1551 5216 1610 5272 aas,

284 5305 393 5361 Carisi
409 5321 499 5375 opero.
543 5305 597 5362 Vol.
617 5303 652 5359 X.
682 5303 712 5358 P.
730 5301 774 5358 11.
1926 5295 1960 5351 27
