<?xml version="1.0" encoding="UTF-8"?>
<!DOCTYPE html PUBLIC "-//W3C//DTD XHTML 1.0 Transitional//EN"
    "http://www.w3.org/TR/xhtml1/DTD/xhtml1-transitional.dtd">
<html xmlns="http://www.w3.org/1999/xhtml" xml:lang="en" lang="en">
 <head>
  <title>
</title>
<meta http-equiv="Content-Type" content="text/html;charset=utf-8" />
  <meta name='ocr-system' content='tesseract 3.04.00' />
  <meta name='ocr-capabilities' content='ocr_page ocr_carea ocr_par ocr_line ocrx_word'/>
</head>
<body>
  <div class='ocr_page' id='page_1' title='image "./ioanniscalvinio05reusgoog_0159.png"; bbox 0 0 4804 6012; ppageno 0'>
   <div class='ocr_carea' id='block_1_1' title="bbox 262 351 2261 420">
    <p class='ocr_par' dir='ltr' id='par_1_1' title="bbox 262 351 2261 420">
     <span class='ocr_line' id='line_1_1' title="bbox 262 351 2261 420; baseline -0.002 -1"><span class='ocrx_word' id='word_1_1' title='bbox 262 359 324 419; x_wconf 78' lang='lat' dir='ltr'>ata</span> <span class='ocrx_word' id='word_1_2' title='bbox 1149 351 1391 420; x_wconf 81' lang='lat' dir='ltr'>APOLOGIA</span> <span class='ocrx_word' id='word_1_3' title='bbox 2206 353 2261 416; x_wconf 76' lang='lat' dir='ltr'>att</span> 
     </span>
    </p>
   </div>
   <div class='ocr_carea' id='block_1_2' title="bbox 257 535 2267 4236">
    <p class='ocr_par' dir='ltr' id='par_1_2' title="bbox 257 535 2267 4236">
     <span class='ocr_line' id='line_1_2' title="bbox 261 535 2263 625; baseline -0 -18"><span class='ocrx_word' id='word_1_4' title='bbox 261 551 367 607; x_wconf 72' lang='lat' dir='ltr'>hemo</span> <span class='ocrx_word' id='word_1_5' title='bbox 389 543 487 620; x_wconf 91' lang='lat' dir='ltr'>illam,</span> <span class='ocrx_word' id='word_1_6' title='bbox 510 563 592 625; x_wconf 88' lang='lat' dir='ltr'>quae</span> <span class='ocrx_word' id='word_1_7' title='bbox 614 543 773 624; x_wconf 91' lang='lat' dir='ltr'>promissa</span> <span class='ocrx_word' id='word_1_8' title='bbox 793 549 851 620; x_wconf 89' lang='lat' dir='ltr'>est,</span> <span class='ocrx_word' id='word_1_9' title='bbox 874 542 1171 625; x_wconf 88' lang='lat' dir='ltr'>compensationem</span> <span class='ocrx_word' id='word_1_10' title='bbox 1189 542 1240 605; x_wconf 90' lang='lat' dir='ltr'>in·</span> <span class='ocrx_word' id='word_1_11' title='bbox 1292 535 1365 606; x_wconf 93' lang='lat' dir='ltr'>duci</span> <span class='ocrx_word' id='word_1_12' title='bbox 1387 551 1529 623; x_wconf 79' lang='lat' dir='ltr'><strong>possent.</strong></span> <span class='ocrx_word' id='word_1_13' title='bbox 1564 539 1667 605; x_wconf 82' lang='lat' dir='ltr'>(laius</span> <span class='ocrx_word' id='word_1_14' title='bbox 1686 539 1817 624; x_wconf 91' lang='lat' dir='ltr'>generis</span> <span class='ocrx_word' id='word_1_15' title='bbox 1839 539 1995 606; x_wconf 85' lang='lat' dir='ltr'>scandala</span> <span class='ocrx_word' id='word_1_16' title='bbox 2015 539 2087 606; x_wconf 81' lang='lat' dir='ltr'>vrrlt</span> <span class='ocrx_word' id='word_1_17' title='bbox 2108 539 2263 622; x_wconf 80' lang='lat' dir='ltr'>imprimis</span> 
     </span>
     <span class='ocr_line' id='line_1_3' title="bbox 261 622 2264 710; baseline -0 -19"><span class='ocrx_word' id='word_1_18' title='bbox 261 637 368 694; x_wconf 90' lang='lat' dir='ltr'>tueor:</span> <span class='ocrx_word' id='word_1_19' title='bbox 398 650 459 694; x_wconf 89' lang='lat' dir='ltr'>nos</span> <span class='ocrx_word' id='word_1_20' title='bbox 487 626 639 693; x_wconf 86' lang='lat' dir='ltr'>camillo</span> <span class='ocrx_word' id='word_1_21' title='bbox 667 627 708 693; x_wconf 89' lang='lat' dir='ltr'>ad</span> <span class='ocrx_word' id='word_1_22' title='bbox 731 627 872 692; x_wconf 89' lang='lat' dir='ltr'>nihilum</span> <span class='ocrx_word' id='word_1_23' title='bbox 894 639 1024 692; x_wconf 87' lang='lat' dir='ltr'>tantum</span> <span class='ocrx_word' id='word_1_24' title='bbox 1046 648 1113 692; x_wconf 89' lang='lat' dir='ltr'>non</span> <span class='ocrx_word' id='word_1_25' title='bbox 1135 626 1241 710; x_wconf 81' lang='lat' dir='ltr'>redigi</span> <span class='ocrx_word' id='word_1_26' title='bbox 1291 626 1456 691; x_wconf 83' lang='lat' dir='ltr'>Dominus</span> <span class='ocrx_word' id='word_1_27' title='bbox 1478 646 1538 691; x_wconf 91' lang='lat' dir='ltr'>nos</span> <span class='ocrx_word' id='word_1_28' title='bbox 1560 625 1698 691; x_wconf 86' lang='lat' dir='ltr'>amoliri.</span> <span class='ocrx_word' id='word_1_29' title='bbox 1732 625 1849 708; x_wconf 88' lang='lat' dir='ltr'>Itaque</span> <span class='ocrx_word' id='word_1_30' title='bbox 1871 645 1978 690; x_wconf 88' lang='lat' dir='ltr'>coram</span> <span class='ocrx_word' id='word_1_31' title='bbox 2002 647 2039 691; x_wconf 90' lang='lat' dir='ltr'>eo</span> <span class='ocrx_word' id='word_1_32' title='bbox 2062 622 2203 693; x_wconf 89' lang='lat' dir='ltr'>crudelis</span> <span class='ocrx_word' id='word_1_33' title='bbox 2219 627 2264 690; x_wconf 91' lang='lat' dir='ltr'>iu·</span> 
     </span>
     <span class='ocr_line' id='line_1_4' title="bbox 261 711 2262 798; baseline -0.001 -20"><span class='ocrx_word' id='word_1_34' title='bbox 261 721 421 797; x_wconf 72' lang='lat' dir='ltr'><strong>oportere,</strong></span> <span class='ocrx_word' id='word_1_35' title='bbox 448 723 485 778; x_wconf 92' lang='lat' dir='ltr'>ut</span> <span class='ocrx_word' id='word_1_36' title='bbox 505 734 606 797; x_wconf 91' lang='lat' dir='ltr'>quum</span> <span class='ocrx_word' id='word_1_37' title='bbox 628 712 697 778; x_wconf 91' lang='lat' dir='ltr'>dies</span> <span class='ocrx_word' id='word_1_38' title='bbox 718 713 855 790; x_wconf 86' lang='lat' dir='ltr'>venerit,</span> <span class='ocrx_word' id='word_1_39' title='bbox 879 714 914 777; x_wconf 93' lang='lat' dir='ltr'>in</span> <span class='ocrx_word' id='word_1_40' title='bbox 936 735 1075 798; x_wconf 87' lang='lat' dir='ltr'>regnum</span> <span class='ocrx_word' id='word_1_41' title='bbox 1098 713 1161 778; x_wconf 92' lang='lat' dir='ltr'>Dei</span> <span class='ocrx_word' id='word_1_42' title='bbox 1183 733 1240 796; x_wconf 92' lang='lat' dir='ltr'>pa·</span> <span class='ocrx_word' id='word_1_43' title='bbox 1293 711 1395 776; x_wconf 85' lang='lat' dir='ltr'>dicari</span> <span class='ocrx_word' id='word_1_44' title='bbox 1416 712 1553 796; x_wconf 89' lang='lat' dir='ltr'>possim,</span> <span class='ocrx_word' id='word_1_45' title='bbox 1584 713 1611 778; x_wconf 93' lang='lat' dir='ltr'>si</span> <span class='ocrx_word' id='word_1_46' title='bbox 1640 712 1713 795; x_wconf 91' lang='lat' dir='ltr'>quis</span> <span class='ocrx_word' id='word_1_47' title='bbox 1741 711 1861 776; x_wconf 88' lang='lat' dir='ltr'>silentii</span> <span class='ocrx_word' id='word_1_48' title='bbox 1890 713 1954 776; x_wconf 93' lang='lat' dir='ltr'>mei</span> <span class='ocrx_word' id='word_1_49' title='bbox 1977 711 2072 796; x_wconf 89' lang='lat' dir='ltr'>culpa</span> <span class='ocrx_word' id='word_1_50' title='bbox 2103 712 2139 776; x_wconf 91' lang='lat' dir='ltr'>in</span> <span class='ocrx_word' id='word_1_51' title='bbox 2166 711 2262 776; x_wconf 89' lang='lat' dir='ltr'>offen-</span> 
     </span>
     <span class='ocr_line' id='line_1_5' title="bbox 261 797 1771 883; baseline -0.003 -19"><span class='ocrx_word' id='word_1_52' title='bbox 261 801 322 866; x_wconf 87' lang='lat' dir='ltr'>tris</span> <span class='ocrx_word' id='word_1_53' title='bbox 344 809 437 866; x_wconf 88' lang='lat' dir='ltr'>tanto</span> <span class='ocrx_word' id='word_1_54' title='bbox 459 799 558 865; x_wconf 87' lang='lat' dir='ltr'>altius</span> <span class='ocrx_word' id='word_1_55' title='bbox 578 800 751 883; x_wconf 81' lang='lat' dir='ltr'>erigamur.</span> <span class='ocrx_word' id='word_1_56' title='bbox 786 799 917 864; x_wconf 88' lang='lat' dir='ltr'>Novum</span> <span class='ocrx_word' id='word_1_57' title='bbox 938 801 1048 882; x_wconf 89' lang='lat' dir='ltr'>itaque</span> <span class='ocrx_word' id='word_1_58' title='bbox 1070 799 1151 863; x_wconf 93' lang='lat' dir='ltr'>mihi</span> <span class='ocrx_word' id='word_1_59' title='bbox 1169 819 1240 864; x_wconf 91' lang='lat' dir='ltr'>esse</span> <span class='ocrx_word' id='word_1_60' title='bbox 1291 798 1418 864; x_wconf 90' lang='lat' dir='ltr'>sionem</span> <span class='ocrx_word' id='word_1_61' title='bbox 1440 797 1582 880; x_wconf 77' lang='lat' dir='ltr'>aliquam</span> <span class='ocrx_word' id='word_1_62' title='bbox 1605 797 1771 862; x_wconf 80' lang='lat' dir='ltr'>incideret.</span> 
     </span>
     <span class='ocr_line' id='line_1_6' title="bbox 262 883 2264 968; baseline -0.001 -18"><span class='ocrx_word' id='word_1_63' title='bbox 262 908 328 950; x_wconf 90' lang='lat' dir='ltr'>non</span> <span class='ocrx_word' id='word_1_64' title='bbox 358 885 469 962; x_wconf 89' lang='lat' dir='ltr'>debet,</span> <span class='ocrx_word' id='word_1_65' title='bbox 505 887 531 950; x_wconf 92' lang='lat' dir='ltr'>si</span> <span class='ocrx_word' id='word_1_66' title='bbox 565 905 674 950; x_wconf 89' lang='lat' dir='ltr'>coram</span> <span class='ocrx_word' id='word_1_67' title='bbox 709 883 896 950; x_wconf 90' lang='lat' dir='ltr'>hominibus</span> <span class='ocrx_word' id='word_1_68' title='bbox 929 883 1108 968; x_wconf 89' lang='lat' dir='ltr'>deprimar,</span> <span class='ocrx_word' id='word_1_69' title='bbox 1142 893 1239 967; x_wconf 86' lang='lat' dir='ltr'>atque</span> <span class='ocrx_word' id='word_1_70' title='bbox 1376 884 1550 949; x_wconf 90' lang='lat' dir='ltr'>Postrema</span> <span class='ocrx_word' id='word_1_71' title='bbox 1577 905 1690 962; x_wconf 90' lang='lat' dir='ltr'>eausa,</span> <span class='ocrx_word' id='word_1_72' title='bbox 1725 903 1808 966; x_wconf 93' lang='lat' dir='ltr'>quae</span> <span class='ocrx_word' id='word_1_73' title='bbox 1843 903 1896 946; x_wconf 88' lang='lat' dir='ltr'>me</span> <span class='ocrx_word' id='word_1_74' title='bbox 1923 893 2047 963; x_wconf 84' lang='lat' dir='ltr'>movet,</span> <span class='ocrx_word' id='word_1_75' title='bbox 2081 892 2118 948; x_wconf 89' lang='lat' dir='ltr'>ut</span> <span class='ocrx_word' id='word_1_76' title='bbox 2150 883 2264 948; x_wconf 86' lang='lat' dir='ltr'>horum</span> 
     </span>
     <span class='ocr_line' id='line_1_7' title="bbox 262 968 2264 1055; baseline -0.001 -19"><span class='ocrx_word' id='word_1_77' title='bbox 262 973 377 1048; x_wconf 86' lang='lat' dir='ltr'>etiam,</span> <span class='ocrx_word' id='word_1_78' title='bbox 407 992 508 1054; x_wconf 91' lang='lat' dir='ltr'>quum</span> <span class='ocrx_word' id='word_1_79' title='bbox 532 992 613 1054; x_wconf 92' lang='lat' dir='ltr'>opus</span> <span class='ocrx_word' id='word_1_80' title='bbox 635 971 749 1048; x_wconf 88' lang='lat' dir='ltr'>fuerit,</span> <span class='ocrx_word' id='word_1_81' title='bbox 779 971 876 1053; x_wconf 88' lang='lat' dir='ltr'>plane</span> <span class='ocrx_word' id='word_1_82' title='bbox 899 970 1044 1048; x_wconf 86' lang='lat' dir='ltr'>deiiciar,</span> <span class='ocrx_word' id='word_1_83' title='bbox 1071 992 1172 1054; x_wconf 91' lang='lat' dir='ltr'>quum</span> <span class='ocrx_word' id='word_1_84' title='bbox 1201 991 1240 1035; x_wconf 92' lang='lat' dir='ltr'>ea</span> <span class='ocrx_word' id='word_1_85' title='bbox 1291 968 1568 1055; x_wconf 76' lang='lat' dir='ltr'>sycophantarum</span> <span class='ocrx_word' id='word_1_86' title='bbox 1591 969 1759 1035; x_wconf 88' lang='lat' dir='ltr'>audaciam</span> <span class='ocrx_word' id='word_1_87' title='bbox 1782 988 1997 1051; x_wconf 89' lang='lat' dir='ltr'>compescam,</span> <span class='ocrx_word' id='word_1_88' title='bbox 2026 969 2106 1036; x_wconf 89' lang='lat' dir='ltr'>haec</span> <span class='ocrx_word' id='word_1_89' title='bbox 2128 985 2194 1034; x_wconf 88' lang='lat' dir='ltr'>est:</span> <span class='ocrx_word' id='word_1_90' title='bbox 2226 991 2264 1034; x_wconf 90' lang='lat' dir='ltr'>ne</span> 
     </span>
     <span class='ocr_line' id='line_1_8' title="bbox 262 1052 2262 1139; baseline -0.001 -18"><span class='ocrx_word' id='word_1_91' title='bbox 262 1058 358 1122; x_wconf 93' lang='lat' dir='ltr'>simul</span> <span class='ocrx_word' id='word_1_92' title='bbox 382 1077 455 1122; x_wconf 91' lang='lat' dir='ltr'>meo</span> <span class='ocrx_word' id='word_1_93' title='bbox 473 1057 582 1121; x_wconf 92' lang='lat' dir='ltr'>animo</span> <span class='ocrx_word' id='word_1_94' title='bbox 600 1057 741 1123; x_wconf 86' lang='lat' dir='ltr'>insideat</span> <span class='ocrx_word' id='word_1_95' title='bbox 758 1057 945 1134; x_wconf 88' lang='lat' dir='ltr'>consolatio,</span> <span class='ocrx_word' id='word_1_96' title='bbox 967 1079 1038 1123; x_wconf 91' lang='lat' dir='ltr'>esse</span> <span class='ocrx_word' id='word_1_97' title='bbox 1055 1055 1138 1121; x_wconf 92' lang='lat' dir='ltr'>illud</span> <span class='ocrx_word' id='word_1_98' title='bbox 1156 1055 1238 1120; x_wconf 89' lang='lat' dir='ltr'>mihi</span> <span class='ocrx_word' id='word_1_99' title='bbox 1291 1057 1326 1120; x_wconf 91' lang='lat' dir='ltr'>in</span> <span class='ocrx_word' id='word_1_100' title='bbox 1352 1066 1520 1139; x_wconf 89' lang='lat' dir='ltr'>posterum</span> <span class='ocrx_word' id='word_1_101' title='bbox 1549 1052 1636 1120; x_wconf 93' lang='lat' dir='ltr'>idem</span> <span class='ocrx_word' id='word_1_102' title='bbox 1665 1055 1809 1120; x_wconf 86' lang='lat' dir='ltr'>audeant</span> <span class='ocrx_word' id='word_1_103' title='bbox 1834 1055 1993 1121; x_wconf 87' lang='lat' dir='ltr'>adversus</span> <span class='ocrx_word' id='word_1_104' title='bbox 2021 1061 2095 1136; x_wconf 80' lang='lat' dir='ltr'>[pag.</span> <span class='ocrx_word' id='word_1_105' title='bbox 2115 1060 2147 1136; x_wconf 81' lang='lat' dir='ltr'>a]</span> <span class='ocrx_word' id='word_1_106' title='bbox 2177 1054 2262 1120; x_wconf 86' lang='lat' dir='ltr'>ulios.</span> 
     </span>
     <span class='ocr_line' id='line_1_9' title="bbox 261 1141 2262 1226; baseline -0 -19"><span class='ocrx_word' id='word_1_107' title='bbox 261 1141 346 1225; x_wconf 90' lang='lat' dir='ltr'>apud</span> <span class='ocrx_word' id='word_1_108' title='bbox 370 1142 477 1208; x_wconf 91' lang='lat' dir='ltr'>Deum</span> <span class='ocrx_word' id='word_1_109' title='bbox 507 1151 541 1208; x_wconf 91' lang='lat' dir='ltr'>et</span> <span class='ocrx_word' id='word_1_110' title='bbox 568 1143 637 1208; x_wconf 89' lang='lat' dir='ltr'>eius</span> <span class='ocrx_word' id='word_1_111' title='bbox 665 1142 799 1226; x_wconf 87' lang='lat' dir='ltr'>angelos</span> <span class='ocrx_word' id='word_1_112' title='bbox 826 1142 963 1226; x_wconf 90' lang='lat' dir='ltr'>gloriae,</span> <span class='ocrx_word' id='word_1_113' title='bbox 993 1155 1090 1226; x_wconf 91' lang='lat' dir='ltr'>atque</span> <span class='ocrx_word' id='word_1_114' title='bbox 1111 1143 1238 1208; x_wconf 91' lang='lat' dir='ltr'>honori.</span> <span class='ocrx_word' id='word_1_115' title='bbox 1291 1141 1407 1206; x_wconf 78' lang='lat' dir='ltr'>Solent</span> <span class='ocrx_word' id='word_1_116' title='bbox 1436 1143 1523 1206; x_wconf 90' lang='lat' dir='ltr'>enim</span> <span class='ocrx_word' id='word_1_117' title='bbox 1555 1141 1604 1205; x_wconf 92' lang='lat' dir='ltr'>illi</span> <span class='ocrx_word' id='word_1_118' title='bbox 1633 1151 1745 1206; x_wconf 89' lang='lat' dir='ltr'>nostra</span> <span class='ocrx_word' id='word_1_119' title='bbox 1778 1141 1936 1224; x_wconf 88' lang='lat' dir='ltr'>patientia</span> <span class='ocrx_word' id='word_1_120' title='bbox 1967 1141 2158 1208; x_wconf 85' lang='lat' dir='ltr'>audaciores</span> <span class='ocrx_word' id='word_1_121' title='bbox 2188 1141 2262 1206; x_wconf 89' lang='lat' dir='ltr'>fieri.</span> 
     </span>
     <span class='ocr_line' id='line_1_10' title="bbox 261 1225 2263 1311; baseline -0.001 -17"><span class='ocrx_word' id='word_1_122' title='bbox 261 1229 307 1293; x_wconf 80' lang='lat' dir='ltr'>Et</span> <span class='ocrx_word' id='word_1_123' title='bbox 329 1249 417 1307; x_wconf 90' lang='lat' dir='ltr'>sane,</span> <span class='ocrx_word' id='word_1_124' title='bbox 441 1249 508 1292; x_wconf 90' lang='lat' dir='ltr'>non</span> <span class='ocrx_word' id='word_1_125' title='bbox 530 1230 577 1292; x_wconf 88' lang='lat' dir='ltr'>ita</span> <span class='ocrx_word' id='word_1_126' title='bbox 594 1229 738 1292; x_wconf 89' lang='lat' dir='ltr'>tenuiter</span> <span class='ocrx_word' id='word_1_127' title='bbox 758 1229 794 1293; x_wconf 90' lang='lat' dir='ltr'>in</span> <span class='ocrx_word' id='word_1_128' title='bbox 806 1229 869 1293; x_wconf 91' lang='lat' dir='ltr'>Dei</span> <span class='ocrx_word' id='word_1_129' title='bbox 888 1227 987 1294; x_wconf 89' lang='lat' dir='ltr'>verbo</span> <span class='ocrx_word' id='word_1_130' title='bbox 1005 1229 1135 1311; x_wconf 89' lang='lat' dir='ltr'>profeci,</span> <span class='ocrx_word' id='word_1_131' title='bbox 1159 1228 1238 1310; x_wconf 89' lang='lat' dir='ltr'>quin</span> <span class='ocrx_word' id='word_1_132' title='bbox 1291 1225 1328 1292; x_wconf 79' lang='lat' dir='ltr'>Si</span> <span class='ocrx_word' id='word_1_133' title='bbox 1357 1225 1397 1292; x_wconf 90' lang='lat' dir='ltr'>de</span> <span class='ocrx_word' id='word_1_134' title='bbox 1425 1249 1499 1293; x_wconf 89' lang='lat' dir='ltr'>mea</span> <span class='ocrx_word' id='word_1_135' title='bbox 1526 1248 1561 1292; x_wconf 89' lang='lat' dir='ltr'>re</span> <span class='ocrx_word' id='word_1_136' title='bbox 1586 1235 1717 1292; x_wconf 88' lang='lat' dir='ltr'>tantum</span> <span class='ocrx_word' id='word_1_137' title='bbox 1745 1237 1910 1310; x_wconf 82' lang='lat' dir='ltr'>ageretur:</span> <span class='ocrx_word' id='word_1_138' title='bbox 1941 1227 2034 1294; x_wconf 87' lang='lat' dir='ltr'>facile</span> <span class='ocrx_word' id='word_1_139' title='bbox 2060 1228 2263 1310; x_wconf 90' lang='lat' dir='ltr'>conquiesce-</span> 
     </span>
     <span class='ocr_line' id='line_1_11' title="bbox 260 1313 2263 1396; baseline -0.001 -18"><span class='ocrx_word' id='word_1_140' title='bbox 260 1314 342 1379; x_wconf 90' lang='lat' dir='ltr'>illud</span> <span class='ocrx_word' id='word_1_141' title='bbox 364 1335 442 1380; x_wconf 88' lang='lat' dir='ltr'>vere</span> <span class='ocrx_word' id='word_1_142' title='bbox 464 1315 604 1380; x_wconf 86' lang='lat' dir='ltr'>sentiam</span> <span class='ocrx_word' id='word_1_143' title='bbox 626 1314 705 1396; x_wconf 91' lang='lat' dir='ltr'>quid</span> <span class='ocrx_word' id='word_1_144' title='bbox 727 1315 787 1380; x_wconf 91' lang='lat' dir='ltr'>sibi</span> <span class='ocrx_word' id='word_1_145' title='bbox 810 1314 906 1393; x_wconf 84' lang='lat' dir='ltr'>velit,</span> <span class='ocrx_word' id='word_1_146' title='bbox 957 1326 1159 1396; x_wconf 89' lang='lat' dir='ltr'>uentumque</span> <span class='ocrx_word' id='word_1_147' title='bbox 1181 1335 1238 1379; x_wconf 90' lang='lat' dir='ltr'>va·</span> <span class='ocrx_word' id='word_1_148' title='bbox 1290 1335 1376 1392; x_wconf 90' lang='lat' dir='ltr'>rem,</span> <span class='ocrx_word' id='word_1_149' title='bbox 1412 1325 1445 1378; x_wconf 88' lang='lat' dir='ltr'>et</span> <span class='ocrx_word' id='word_1_150' title='bbox 1470 1313 1594 1378; x_wconf 88' lang='lat' dir='ltr'>malum</span> <span class='ocrx_word' id='word_1_151' title='bbox 1628 1313 1832 1396; x_wconf 74' lang='lat' dir='ltr'>benignitate</span> <span class='ocrx_word' id='word_1_152' title='bbox 1865 1313 1995 1379; x_wconf 89' lang='lat' dir='ltr'>vincere</span> <span class='ocrx_word' id='word_1_153' title='bbox 2023 1324 2263 1396; x_wconf 86' lang='lat' dir='ltr'>praeoptarem:</span> 
     </span>
     <span class='ocr_line' id='line_1_12' title="bbox 259 1397 2262 1484; baseline -0 -20"><span class='ocrx_word' id='word_1_154' title='bbox 259 1400 334 1478; x_wconf 90' lang='lat' dir='ltr'>leat,</span> <span class='ocrx_word' id='word_1_155' title='bbox 357 1401 442 1484; x_wconf 91' lang='lat' dir='ltr'>quod</span> <span class='ocrx_word' id='word_1_156' title='bbox 466 1401 536 1464; x_wconf 90' lang='lat' dir='ltr'>eius</span> <span class='ocrx_word' id='word_1_157' title='bbox 559 1400 648 1465; x_wconf 88' lang='lat' dir='ltr'>filius</span> <span class='ocrx_word' id='word_1_158' title='bbox 670 1400 911 1482; x_wconf 76' lang='lat' dir='ltr'>pronunciavit:</span> <span class='ocrx_word' id='word_1_159' title='bbox 974 1409 1064 1465; x_wconf 86' lang='lat' dir='ltr'>satos</span> <span class='ocrx_word' id='word_1_160' title='bbox 1081 1400 1150 1465; x_wconf 90' lang='lat' dir='ltr'>fore</span> <span class='ocrx_word' id='word_1_161' title='bbox 1168 1421 1237 1477; x_wconf 93' lang='lat' dir='ltr'>nos,</span> <span class='ocrx_word' id='word_1_162' title='bbox 1289 1400 1486 1483; x_wconf 89' lang='lat' dir='ltr'>quinetiam</span> <span class='ocrx_word' id='word_1_163' title='bbox 1509 1399 1658 1483; x_wconf 91' lang='lat' dir='ltr'>exemplo</span> <span class='ocrx_word' id='word_1_164' title='bbox 1681 1397 1821 1476; x_wconf 77' lang='lat' dir='ltr'>Christi,</span> <span class='ocrx_word' id='word_1_165' title='bbox 1851 1398 1937 1481; x_wconf 90' lang='lat' dir='ltr'>quod</span> <span class='ocrx_word' id='word_1_166' title='bbox 1959 1399 2083 1465; x_wconf 88' lang='lat' dir='ltr'>Iesaias</span> <span class='ocrx_word' id='word_1_167' title='bbox 2104 1401 2262 1482; x_wconf 87' lang='lat' dir='ltr'>proponit,</span> 
     </span>
     <span class='ocr_line' id='line_1_13' title="bbox 260 1483 2263 1570; baseline -0 -19"><span class='ocrx_word' id='word_1_168' title='bbox 260 1508 360 1569; x_wconf 89' lang='lat' dir='ltr'>quum</span> <span class='ocrx_word' id='word_1_169' title='bbox 383 1496 516 1569; x_wconf 90' lang='lat' dir='ltr'>propter</span> <span class='ocrx_word' id='word_1_170' title='bbox 546 1507 664 1550; x_wconf 89' lang='lat' dir='ltr'>nomon</span> <span class='ocrx_word' id='word_1_171' title='bbox 694 1507 789 1550; x_wconf 90' lang='lat' dir='ltr'>suum</span> <span class='ocrx_word' id='word_1_172' title='bbox 818 1485 917 1570; x_wconf 87' lang='lat' dir='ltr'>vulgo</span> <span class='ocrx_word' id='word_1_173' title='bbox 946 1486 1030 1550; x_wconf 90' lang='lat' dir='ltr'>male</span> <span class='ocrx_word' id='word_1_174' title='bbox 1057 1485 1236 1551; x_wconf 89' lang='lat' dir='ltr'>audiemus.</span> <span class='ocrx_word' id='word_1_175' title='bbox 1290 1485 1387 1568; x_wconf 89' lang='lat' dir='ltr'>plane</span> <span class='ocrx_word' id='word_1_176' title='bbox 1419 1484 1684 1550; x_wconf 81' lang='lat' dir='ltr'>obmutescerem.</span> <span class='ocrx_word' id='word_1_177' title='bbox 1741 1483 1807 1550; x_wconf 83' lang='lat' dir='ltr'>Sed</span> <span class='ocrx_word' id='word_1_178' title='bbox 1841 1506 1942 1568; x_wconf 92' lang='lat' dir='ltr'>quum</span> <span class='ocrx_word' id='word_1_179' title='bbox 1973 1486 2045 1552; x_wconf 89' lang='lat' dir='ltr'>aliis</span> <span class='ocrx_word' id='word_1_180' title='bbox 2076 1486 2263 1550; x_wconf 86' lang='lat' dir='ltr'>damnosam</span> 
     </span>
     <span class='ocr_line' id='line_1_14' title="bbox 261 1570 2263 1655; baseline 0 -18"><span class='ocrx_word' id='word_1_181' title='bbox 261 1575 374 1655; x_wconf 83' lang='lat' dir='ltr'>Aequo</span> <span class='ocrx_word' id='word_1_182' title='bbox 401 1574 511 1655; x_wconf 88' lang='lat' dir='ltr'>itaque</span> <span class='ocrx_word' id='word_1_183' title='bbox 540 1573 649 1636; x_wconf 91' lang='lat' dir='ltr'>animo</span> <span class='ocrx_word' id='word_1_184' title='bbox 677 1572 779 1636; x_wconf 87' lang='lat' dir='ltr'>feram</span> <span class='ocrx_word' id='word_1_185' title='bbox 807 1571 892 1655; x_wconf 91' lang='lat' dir='ltr'>quod</span> <span class='ocrx_word' id='word_1_186' title='bbox 920 1572 1085 1637; x_wconf 91' lang='lat' dir='ltr'>Dominus</span> <span class='ocrx_word' id='word_1_187' title='bbox 1112 1572 1236 1649; x_wconf 82' lang='lat' dir='ltr'>statuit,</span> <span class='ocrx_word' id='word_1_188' title='bbox 1290 1574 1358 1636; x_wconf 87' lang='lat' dir='ltr'>fore</span> <span class='ocrx_word' id='word_1_189' title='bbox 1381 1570 1475 1636; x_wconf 86' lang='lat' dir='ltr'>video</span> <span class='ocrx_word' id='word_1_190' title='bbox 1497 1591 1604 1635; x_wconf 87' lang='lat' dir='ltr'>meam</span> <span class='ocrx_word' id='word_1_191' title='bbox 1626 1571 1833 1653; x_wconf 86' lang='lat' dir='ltr'>patientiam:</span> <span class='ocrx_word' id='word_1_192' title='bbox 1867 1592 1932 1635; x_wconf 90' lang='lat' dir='ltr'>non</span> <span class='ocrx_word' id='word_1_193' title='bbox 1962 1593 2093 1654; x_wconf 86' lang='lat' dir='ltr'>possum</span> <span class='ocrx_word' id='word_1_194' title='bbox 2117 1594 2183 1636; x_wconf 86' lang='lat' dir='ltr'>noa</span> <span class='ocrx_word' id='word_1_195' title='bbox 2206 1571 2263 1638; x_wconf 90' lang='lat' dir='ltr'>hoo</span> 
     </span>
     <span class='ocr_line' id='line_1_15' title="bbox 260 1657 2262 1741; baseline 0 -19"><span class='ocrx_word' id='word_1_196' title='bbox 260 1679 320 1724; x_wconf 90' lang='lat' dir='ltr'>nee</span> <span class='ocrx_word' id='word_1_197' title='bbox 342 1658 449 1741; x_wconf 89' lang='lat' dir='ltr'>aliquo</span> <span class='ocrx_word' id='word_1_198' title='bbox 471 1658 642 1741; x_wconf 87' lang='lat' dir='ltr'>privilegio</span> <span class='ocrx_word' id='word_1_199' title='bbox 664 1658 763 1722; x_wconf 84' lang='lat' dir='ltr'>eximi</span> <span class='ocrx_word' id='word_1_200' title='bbox 782 1669 856 1740; x_wconf 89' lang='lat' dir='ltr'>peto</span> <span class='ocrx_word' id='word_1_201' title='bbox 878 1662 952 1737; x_wconf 77' lang='lat' dir='ltr'>[pag.</span> <span class='ocrx_word' id='word_1_202' title='bbox 973 1663 1005 1737; x_wconf 82' lang='grc'>7]</span> <span class='ocrx_word' id='word_1_203' title='bbox 1029 1677 1141 1723; x_wconf 91' lang='lat' dir='ltr'>eorum</span> <span class='ocrx_word' id='word_1_204' title='bbox 1160 1679 1236 1724; x_wconf 90' lang='lat' dir='ltr'>con·</span> <span class='ocrx_word' id='word_1_205' title='bbox 1289 1657 1434 1739; x_wconf 91' lang='lat' dir='ltr'>periculo</span> <span class='ocrx_word' id='word_1_206' title='bbox 1456 1657 1590 1736; x_wconf 89' lang='lat' dir='ltr'>moveri,</span> <span class='ocrx_word' id='word_1_207' title='bbox 1620 1668 1665 1732; x_wconf 89' lang='lat' dir='ltr'>ut,</span> <span class='ocrx_word' id='word_1_208' title='bbox 1688 1666 1848 1739; x_wconf 88' lang='lat' dir='ltr'>quantum</span> <span class='ocrx_word' id='word_1_209' title='bbox 1870 1658 2008 1740; x_wconf 90' lang='lat' dir='ltr'>possim,</span> <span class='ocrx_word' id='word_1_210' title='bbox 2036 1659 2066 1722; x_wconf 93' lang='lat' dir='ltr'>ei</span> <span class='ocrx_word' id='word_1_211' title='bbox 2088 1679 2262 1724; x_wconf 89' lang='lat' dir='ltr'>occurram.</span> 
     </span>
     <span class='ocr_line' id='line_1_16' title="bbox 260 1741 2263 1828; baseline -0.001 -20"><span class='ocrx_word' id='word_1_212' title='bbox 260 1744 398 1821; x_wconf 89' lang='lat' dir='ltr'>ditione,</span> <span class='ocrx_word' id='word_1_213' title='bbox 432 1765 572 1826; x_wconf 91' lang='lat' dir='ltr'>qnorum</span> <span class='ocrx_word' id='word_1_214' title='bbox 595 1743 717 1826; x_wconf 87' lang='lat' dir='ltr'>alioqui</span> <span class='ocrx_word' id='word_1_215' title='bbox 738 1743 773 1807; x_wconf 91' lang='lat' dir='ltr'>in</span> <span class='ocrx_word' id='word_1_216' title='bbox 802 1764 939 1808; x_wconf 91' lang='lat' dir='ltr'>numero</span> <span class='ocrx_word' id='word_1_217' title='bbox 968 1745 1110 1822; x_wconf 88' lang='lat' dir='ltr'>censeri,</span> <span class='ocrx_word' id='word_1_218' title='bbox 1139 1743 1237 1828; x_wconf 86' lang='lat' dir='ltr'>longe</span> <span class='ocrx_word' id='word_1_219' title='bbox 1289 1743 1374 1807; x_wconf 89' lang='lat' dir='ltr'>Nam</span> <span class='ocrx_word' id='word_1_220' title='bbox 1404 1741 1465 1809; x_wconf 89' lang='lat' dir='ltr'>hoe</span> <span class='ocrx_word' id='word_1_221' title='bbox 1492 1754 1542 1808; x_wconf 88' lang='lat' dir='ltr'>est</span> <span class='ocrx_word' id='word_1_222' title='bbox 1570 1741 1731 1808; x_wconf 83' lang='lat' dir='ltr'>ruendacii</span> <span class='ocrx_word' id='word_1_223' title='bbox 1760 1743 1941 1825; x_wconf 90' lang='lat' dir='ltr'>proprium,</span> <span class='ocrx_word' id='word_1_224' title='bbox 1976 1751 2015 1808; x_wconf 90' lang='lat' dir='ltr'>ut</span> <span class='ocrx_word' id='word_1_225' title='bbox 2043 1745 2069 1808; x_wconf 94' lang='lat' dir='ltr'>si</span> <span class='ocrx_word' id='word_1_226' title='bbox 2097 1744 2263 1822; x_wconf 87' lang='lat' dir='ltr'>toleretur,</span> 
     </span>
     <span class='ocr_line' id='line_1_17' title="bbox 260 1828 2263 1913; baseline -0 -18"><span class='ocrx_word' id='word_1_227' title='bbox 260 1829 352 1895; x_wconf 91' lang='lat' dir='ltr'>abest</span> <span class='ocrx_word' id='word_1_228' title='bbox 373 1830 452 1913; x_wconf 88' lang='lat' dir='ltr'>quin</span> <span class='ocrx_word' id='word_1_229' title='bbox 475 1828 595 1912; x_wconf 87' lang='lat' dir='ltr'>dignus</span> <span class='ocrx_word' id='word_1_230' title='bbox 616 1830 687 1894; x_wconf 91' lang='lat' dir='ltr'>sim.</span> <span class='ocrx_word' id='word_1_231' title='bbox 1289 1830 1395 1912; x_wconf 87' lang='lat' dir='ltr'>magis</span> <span class='ocrx_word' id='word_1_232' title='bbox 1412 1828 1606 1895; x_wconf 83' lang='lat' dir='ltr'>invalescat:</span> <span class='ocrx_word' id='word_1_233' title='bbox 1630 1829 1658 1894; x_wconf 90' lang='lat' dir='ltr'>si</span> <span class='ocrx_word' id='word_1_234' title='bbox 1675 1828 1853 1904; x_wconf 87' lang='lat' dir='ltr'>refellatur,</span> <span class='ocrx_word' id='word_1_235' title='bbox 1876 1831 1989 1894; x_wconf 90' lang='lat' dir='ltr'>statim</span> <span class='ocrx_word' id='word_1_236' title='bbox 2007 1830 2167 1896; x_wconf 89' lang='lat' dir='ltr'>concidat.</span> <span class='ocrx_word' id='word_1_237' title='bbox 2201 1829 2263 1894; x_wconf 90' lang='lat' dir='ltr'>Ne·</span> 
     </span>
     <span class='ocr_line' id='line_1_18' title="bbox 346 1911 2264 1999; baseline -0.001 -19"><span class='ocrx_word' id='word_1_238' title='bbox 346 1913 412 1980; x_wconf 83' lang='lat' dir='ltr'>Sed</span> <span class='ocrx_word' id='word_1_239' title='bbox 436 1917 463 1980; x_wconf 92' lang='lat' dir='ltr'>si</span> <span class='ocrx_word' id='word_1_240' title='bbox 486 1925 562 1980; x_wconf 89' lang='lat' dir='ltr'>tuae</span> <span class='ocrx_word' id='word_1_241' title='bbox 585 1916 747 1980; x_wconf 89' lang='lat' dir='ltr'>maiestati</span> <span class='ocrx_word' id='word_1_242' title='bbox 770 1914 938 1998; x_wconf 78' lang='lat' dir='ltr'>placuerit,</span> <span class='ocrx_word' id='word_1_243' title='bbox 969 1913 1096 1994; x_wconf 86' lang='lat' dir='ltr'>Caesar,</span> <span class='ocrx_word' id='word_1_244' title='bbox 1126 1915 1237 1998; x_wconf 88' lang='lat' dir='ltr'>aequis</span> <span class='ocrx_word' id='word_1_245' title='bbox 1289 1935 1353 1997; x_wconf 92' lang='lat' dir='ltr'>que</span> <span class='ocrx_word' id='word_1_246' title='bbox 1379 1935 1455 1981; x_wconf 88' lang='lat' dir='ltr'>vero</span> <span class='ocrx_word' id='word_1_247' title='bbox 1477 1915 1534 1979; x_wconf 86' lang='lat' dir='ltr'>tali</span> <span class='ocrx_word' id='word_1_248' title='bbox 1556 1935 1609 1978; x_wconf 91' lang='lat' dir='ltr'>me</span> <span class='ocrx_word' id='word_1_249' title='bbox 1631 1911 1749 1998; x_wconf 85' lang='lat' dir='ltr'>dignor</span> <span class='ocrx_word' id='word_1_250' title='bbox 1775 1914 1914 1992; x_wconf 91' lang='lat' dir='ltr'>honore,</span> <span class='ocrx_word' id='word_1_251' title='bbox 1944 1923 1981 1979; x_wconf 90' lang='lat' dir='ltr'>ut</span> <span class='ocrx_word' id='word_1_252' title='bbox 2007 1915 2188 1999; x_wconf 86' lang='lat' dir='ltr'>gloriosum</span> <span class='ocrx_word' id='word_1_253' title='bbox 2210 1915 2264 1979; x_wconf 92' lang='lat' dir='ltr'>ali·</span> 
     </span>
     <span class='ocr_line' id='line_1_19' title="bbox 260 1999 2263 2084; baseline -0.001 -18"><span class='ocrx_word' id='word_1_254' title='bbox 260 2001 394 2067; x_wconf 89' lang='lat' dir='ltr'>auribus</span> <span class='ocrx_word' id='word_1_255' title='bbox 416 2000 538 2076; x_wconf 89' lang='lat' dir='ltr'>audire,</span> <span class='ocrx_word' id='word_1_256' title='bbox 560 2021 643 2083; x_wconf 91' lang='lat' dir='ltr'>quae</span> <span class='ocrx_word' id='word_1_257' title='bbox 663 2022 717 2065; x_wconf 89' lang='lat' dir='ltr'>me</span> <span class='ocrx_word' id='word_1_258' title='bbox 736 2021 852 2067; x_wconf 86' lang='lat' dir='ltr'>causae</span> <span class='ocrx_word' id='word_1_259' title='bbox 869 2009 997 2084; x_wconf 88' lang='lat' dir='ltr'>cogant,</span> <span class='ocrx_word' id='word_1_260' title='bbox 1020 2002 1115 2080; x_wconf 88' lang='lat' dir='ltr'>hano,</span> <span class='ocrx_word' id='word_1_261' title='bbox 1139 2023 1237 2084; x_wconf 88' lang='lat' dir='ltr'>quam</span> <span class='ocrx_word' id='word_1_262' title='bbox 1289 1999 1375 2084; x_wconf 90' lang='lat' dir='ltr'>quod</span> <span class='ocrx_word' id='word_1_263' title='bbox 1397 2009 1630 2083; x_wconf 85' lang='lat' dir='ltr'>postmortem</span> <span class='ocrx_word' id='word_1_264' title='bbox 1656 2001 1879 2065; x_wconf 89' lang='lat' dir='ltr'>testimonium</span> <span class='ocrx_word' id='word_1_265' title='bbox 1903 2013 2070 2084; x_wconf 89' lang='lat' dir='ltr'>appetam,</span> <span class='ocrx_word' id='word_1_266' title='bbox 2094 2001 2181 2084; x_wconf 90' lang='lat' dir='ltr'>quod</span> <span class='ocrx_word' id='word_1_267' title='bbox 2204 2001 2263 2065; x_wconf 93' lang='lat' dir='ltr'>mei</span> 
     </span>
     <span class='ocr_line' id='line_1_20' title="bbox 259 2086 2262 2170; baseline 0 -19"><span class='ocrx_word' id='word_1_268' title='bbox 259 2109 347 2153; x_wconf 90' lang='lat' dir='ltr'>nuno</span> <span class='ocrx_word' id='word_1_269' title='bbox 366 2087 429 2155; x_wconf 69' lang='lat' dir='ltr'>vtibi</span> <span class='ocrx_word' id='word_1_270' title='bbox 451 2087 598 2164; x_wconf 89' lang='lat' dir='ltr'>exhibeo,</span> <span class='ocrx_word' id='word_1_271' title='bbox 627 2088 868 2152; x_wconf 87' lang='lat' dir='ltr'>excusationem</span> <span class='ocrx_word' id='word_1_272' title='bbox 891 2089 1110 2153; x_wconf 85' lang='lat' dir='ltr'>conscribere:</span> <span class='ocrx_word' id='word_1_273' title='bbox 1143 2109 1237 2170; x_wconf 91' lang='lat' dir='ltr'>spero</span> <span class='ocrx_word' id='word_1_274' title='bbox 1289 2087 1433 2152; x_wconf 91' lang='lat' dir='ltr'>nominis</span> <span class='ocrx_word' id='word_1_275' title='bbox 1455 2087 1548 2168; x_wconf 89' lang='lat' dir='ltr'>quasi</span> <span class='ocrx_word' id='word_1_276' title='bbox 1570 2095 1821 2151; x_wconf 90' lang='lat' dir='ltr'>monumentum</span> <span class='ocrx_word' id='word_1_277' title='bbox 1841 2088 1874 2151; x_wconf 93' lang='lat' dir='ltr'>in</span> <span class='ocrx_word' id='word_1_278' title='bbox 1893 2087 1954 2152; x_wconf 90' lang='lat' dir='ltr'>hoc</span> <span class='ocrx_word' id='word_1_279' title='bbox 1973 2086 2095 2152; x_wconf 91' lang='lat' dir='ltr'>mundo</span> <span class='ocrx_word' id='word_1_280' title='bbox 2114 2089 2262 2170; x_wconf 85' lang='lat' dir='ltr'>supersit</span> 
     </span>
     <span class='ocr_line' id='line_1_21' title="bbox 259 2171 2265 2256; baseline -0 -19"><span class='ocrx_word' id='word_1_281' title='bbox 259 2174 319 2238; x_wconf 87' lang='lat' dir='ltr'>tibi</span> <span class='ocrx_word' id='word_1_282' title='bbox 341 2172 515 2256; x_wconf 89' lang='lat' dir='ltr'>probatum</span> <span class='ocrx_word' id='word_1_283' title='bbox 538 2172 579 2236; x_wconf 91' lang='lat' dir='ltr'>iri</span> <span class='ocrx_word' id='word_1_284' title='bbox 599 2193 709 2237; x_wconf 90' lang='lat' dir='ltr'>meum</span> <span class='ocrx_word' id='word_1_285' title='bbox 739 2173 801 2238; x_wconf 91' lang='lat' dir='ltr'>hoc</span> <span class='ocrx_word' id='word_1_286' title='bbox 829 2173 1070 2255; x_wconf 83' lang='lat' dir='ltr'>patefaciendae</span> <span class='ocrx_word' id='word_1_287' title='bbox 1098 2171 1157 2237; x_wconf 93' lang='lat' dir='ltr'>tibi</span> <span class='ocrx_word' id='word_1_288' title='bbox 1186 2174 1235 2237; x_wconf 91' lang='lat' dir='ltr'>in·</span> <span class='ocrx_word' id='word_1_289' title='bbox 1288 2172 1425 2238; x_wconf 89' lang='lat' dir='ltr'>Utinam</span> <span class='ocrx_word' id='word_1_290' title='bbox 1447 2174 1555 2256; x_wconf 89' lang='lat' dir='ltr'>potius</span> <span class='ocrx_word' id='word_1_291' title='bbox 1577 2172 1664 2256; x_wconf 91' lang='lat' dir='ltr'>apud</span> <span class='ocrx_word' id='word_1_292' title='bbox 1685 2172 1835 2238; x_wconf 90' lang='lat' dir='ltr'>homines</span> <span class='ocrx_word' id='word_1_293' title='bbox 1858 2173 2021 2238; x_wconf 86' lang='lat' dir='ltr'>oblivione</span> <span class='ocrx_word' id='word_1_294' title='bbox 2039 2174 2206 2256; x_wconf 90' lang='lat' dir='ltr'>sepultum</span> <span class='ocrx_word' id='word_1_295' title='bbox 2224 2173 2265 2238; x_wconf 90' lang='lat' dir='ltr'>sit</span> 
     </span>
     <span class='ocr_line' id='line_1_22' title="bbox 259 2257 2264 2343; baseline 0 -20"><span class='ocrx_word' id='word_1_296' title='bbox 259 2261 429 2325; x_wconf 88' lang='lat' dir='ltr'>nocentiae</span> <span class='ocrx_word' id='word_1_297' title='bbox 450 2279 541 2323; x_wconf 90' lang='lat' dir='ltr'>meae</span> <span class='ocrx_word' id='word_1_298' title='bbox 564 2257 717 2323; x_wconf 89' lang='lat' dir='ltr'>studium.</span> <span class='ocrx_word' id='word_1_299' title='bbox 767 2259 916 2324; x_wconf 90' lang='lat' dir='ltr'>Primum</span> <span class='ocrx_word' id='word_1_300' title='bbox 939 2261 1027 2324; x_wconf 92' lang='lat' dir='ltr'>enim</span> <span class='ocrx_word' id='word_1_301' title='bbox 1050 2259 1078 2326; x_wconf 93' lang='lat' dir='ltr'>si</span> <span class='ocrx_word' id='word_1_302' title='bbox 1100 2267 1133 2324; x_wconf 90' lang='lat' dir='ltr'>te</span> <span class='ocrx_word' id='word_1_303' title='bbox 1154 2259 1236 2323; x_wconf 93' lang='lat' dir='ltr'>mihi</span> <span class='ocrx_word' id='word_1_304' title='bbox 1289 2277 1410 2324; x_wconf 90' lang='lat' dir='ltr'>nomen</span> <span class='ocrx_word' id='word_1_305' title='bbox 1431 2278 1557 2324; x_wconf 92' lang='lat' dir='ltr'>meum:</span> <span class='ocrx_word' id='word_1_306' title='bbox 1585 2257 1619 2322; x_wconf 93' lang='lat' dir='ltr'>id</span> <span class='ocrx_word' id='word_1_307' title='bbox 1648 2257 1844 2341; x_wconf 74' lang='lat' dir='ltr'>vero—quod</span> <span class='ocrx_word' id='word_1_308' title='bbox 1872 2280 1976 2323; x_wconf 92' lang='lat' dir='ltr'>unum</span> <span class='ocrx_word' id='word_1_309' title='bbox 2004 2259 2102 2325; x_wconf 88' lang='lat' dir='ltr'>laude</span> <span class='ocrx_word' id='word_1_310' title='bbox 2129 2259 2264 2343; x_wconf 90' lang='lat' dir='ltr'>dignum</span> 
     </span>
     <span class='ocr_line' id='line_1_23' title="bbox 259 2343 2264 2429; baseline 0 -19"><span class='ocrx_word' id='word_1_311' title='bbox 259 2346 420 2411; x_wconf 86' lang='lat' dir='ltr'>offensum</span> <span class='ocrx_word' id='word_1_312' title='bbox 442 2365 513 2410; x_wconf 89' lang='lat' dir='ltr'>esse</span> <span class='ocrx_word' id='word_1_313' title='bbox 534 2344 736 2422; x_wconf 87' lang='lat' dir='ltr'>intellexero,</span> <span class='ocrx_word' id='word_1_314' title='bbox 764 2345 828 2408; x_wconf 93' lang='lat' dir='ltr'>mei</span> <span class='ocrx_word' id='word_1_315' title='bbox 850 2345 947 2411; x_wconf 90' lang='lat' dir='ltr'>officii</span> <span class='ocrx_word' id='word_1_316' title='bbox 970 2357 1028 2422; x_wconf 91' lang='lat' dir='ltr'>est,</span> <span class='ocrx_word' id='word_1_317' title='bbox 1052 2344 1156 2428; x_wconf 89' lang='lat' dir='ltr'>quoad</span> <span class='ocrx_word' id='word_1_318' title='bbox 1179 2365 1236 2428; x_wconf 86' lang='lat' dir='ltr'>po·</span> <span class='ocrx_word' id='word_1_319' title='bbox 1288 2353 1347 2422; x_wconf 88' lang='lat' dir='ltr'>est,</span> <span class='ocrx_word' id='word_1_320' title='bbox 1370 2346 1406 2408; x_wconf 90' lang='lat' dir='ltr'>in</span> <span class='ocrx_word' id='word_1_321' title='bbox 1427 2346 1513 2410; x_wconf 89' lang='lat' dir='ltr'>iusto</span> <span class='ocrx_word' id='word_1_322' title='bbox 1535 2345 1639 2429; x_wconf 90' lang='lat' dir='ltr'>pretio</span> <span class='ocrx_word' id='word_1_323' title='bbox 1662 2343 1831 2409; x_wconf 88' lang='lat' dir='ltr'>habeatur.</span> <span class='ocrx_word' id='word_1_324' title='bbox 1874 2343 1942 2410; x_wconf 82' lang='lat' dir='ltr'>Sed</span> <span class='ocrx_word' id='word_1_325' title='bbox 1964 2345 2046 2410; x_wconf 94' lang='lat' dir='ltr'>illud</span> <span class='ocrx_word' id='word_1_326' title='bbox 2070 2346 2152 2410; x_wconf 92' lang='lat' dir='ltr'>mihi</span> <span class='ocrx_word' id='word_1_327' title='bbox 2171 2365 2264 2412; x_wconf 91' lang='lat' dir='ltr'>curae</span> 
     </span>
     <span class='ocr_line' id='line_1_24' title="bbox 260 2428 2263 2515; baseline 0 -21"><span class='ocrx_word' id='word_1_328' title='bbox 260 2440 346 2509; x_wconf 89' lang='lat' dir='ltr'>tero,</span> <span class='ocrx_word' id='word_1_329' title='bbox 380 2431 541 2495; x_wconf 88' lang='lat' dir='ltr'>rationem</span> <span class='ocrx_word' id='word_1_330' title='bbox 569 2431 627 2496; x_wconf 91' lang='lat' dir='ltr'>tibi</span> <span class='ocrx_word' id='word_1_331' title='bbox 656 2428 792 2495; x_wconf 88' lang='lat' dir='ltr'>reddere</span> <span class='ocrx_word' id='word_1_332' title='bbox 820 2451 933 2495; x_wconf 90' lang='lat' dir='ltr'>eorum</span> <span class='ocrx_word' id='word_1_333' title='bbox 966 2432 1085 2514; x_wconf 89' lang='lat' dir='ltr'>quibus</span> <span class='ocrx_word' id='word_1_334' title='bbox 1118 2451 1237 2496; x_wconf 90' lang='lat' dir='ltr'>oneror</span> <span class='ocrx_word' id='word_1_335' title='bbox 1289 2439 1353 2509; x_wconf 89' lang='lat' dir='ltr'>est,</span> <span class='ocrx_word' id='word_1_336' title='bbox 1388 2452 1430 2496; x_wconf 89' lang='lat' dir='ltr'>ne</span> <span class='ocrx_word' id='word_1_337' title='bbox 1458 2451 1530 2495; x_wconf 88' lang='lat' dir='ltr'>meo</span> <span class='ocrx_word' id='word_1_338' title='bbox 1560 2431 1637 2495; x_wconf 88' lang='lat' dir='ltr'>vitio</span> <span class='ocrx_word' id='word_1_339' title='bbox 1670 2431 1889 2513; x_wconf 88' lang='lat' dir='ltr'>perniciosum</span> <span class='ocrx_word' id='word_1_340' title='bbox 1916 2431 2045 2515; x_wconf 86' lang='lat' dir='ltr'>aliquod</span> <span class='ocrx_word' id='word_1_341' title='bbox 2076 2431 2263 2515; x_wconf 90' lang='lat' dir='ltr'>exemplum</span> 
     </span>
     <span class='ocr_line' id='line_1_25' title="bbox 259 2516 2262 2600; baseline -0 -19"><span class='ocrx_word' id='word_1_342' title='bbox 259 2518 443 2582; x_wconf 91' lang='lat' dir='ltr'>eriminum.</span> <span class='ocrx_word' id='word_1_343' title='bbox 477 2517 561 2580; x_wconf 91' lang='lat' dir='ltr'>Nam</span> <span class='ocrx_word' id='word_1_344' title='bbox 585 2538 686 2599; x_wconf 90' lang='lat' dir='ltr'>quum</span> <span class='ocrx_word' id='word_1_345' title='bbox 708 2524 827 2581; x_wconf 90' lang='lat' dir='ltr'>natura</span> <span class='ocrx_word' id='word_1_346' title='bbox 848 2518 919 2599; x_wconf 90' lang='lat' dir='ltr'>ipsa</span> <span class='ocrx_word' id='word_1_347' title='bbox 943 2539 995 2581; x_wconf 91' lang='lat' dir='ltr'>me</span> <span class='ocrx_word' id='word_1_348' title='bbox 1017 2519 1076 2584; x_wconf 88' lang='lat' dir='ltr'>tibi</span> <span class='ocrx_word' id='word_1_349' title='bbox 1099 2517 1235 2583; x_wconf 89' lang='lat' dir='ltr'>obstric-</span> <span class='ocrx_word' id='word_1_350' title='bbox 1287 2516 1322 2580; x_wconf 89' lang='lat' dir='ltr'>in</span> <span class='ocrx_word' id='word_1_351' title='bbox 1350 2537 1405 2581; x_wconf 91' lang='lat' dir='ltr'>me</span> <span class='ocrx_word' id='word_1_352' title='bbox 1432 2525 1612 2592; x_wconf 88' lang='lat' dir='ltr'>statuatur,</span> <span class='ocrx_word' id='word_1_353' title='bbox 1642 2516 1728 2599; x_wconf 89' lang='lat' dir='ltr'>quod</span> <span class='ocrx_word' id='word_1_354' title='bbox 1756 2518 1850 2582; x_wconf 90' lang='lat' dir='ltr'>bonis</span> <span class='ocrx_word' id='word_1_355' title='bbox 1882 2517 1961 2582; x_wconf 88' lang='lat' dir='ltr'>viris</span> <span class='ocrx_word' id='word_1_356' title='bbox 1990 2518 2141 2600; x_wconf 87' lang='lat' dir='ltr'>deinceps</span> <span class='ocrx_word' id='word_1_357' title='bbox 2172 2517 2262 2596; x_wconf 91' lang='lat' dir='ltr'>obsit,</span> 
     </span>
     <span class='ocr_line' id='line_1_26' title="bbox 260 2601 2262 2686; baseline 0.001 -20"><span class='ocrx_word' id='word_1_358' title='bbox 260 2613 328 2667; x_wconf 87' lang='lat' dir='ltr'>tum</span> <span class='ocrx_word' id='word_1_359' title='bbox 353 2603 517 2686; x_wconf 87' lang='lat' dir='ltr'>genuerit,</span> <span class='ocrx_word' id='word_1_360' title='bbox 551 2612 588 2666; x_wconf 91' lang='lat' dir='ltr'>ut</span> <span class='ocrx_word' id='word_1_361' title='bbox 613 2603 669 2684; x_wconf 90' lang='lat' dir='ltr'>qui</span> <span class='ocrx_word' id='word_1_362' title='bbox 694 2603 753 2667; x_wconf 92' lang='lat' dir='ltr'>sub</span> <span class='ocrx_word' id='word_1_363' title='bbox 783 2612 839 2666; x_wconf 88' lang='lat' dir='ltr'>tua</span> <span class='ocrx_word' id='word_1_364' title='bbox 866 2601 989 2669; x_wconf 89' lang='lat' dir='ltr'>ditione</span> <span class='ocrx_word' id='word_1_365' title='bbox 1018 2613 1116 2670; x_wconf 91' lang='lat' dir='ltr'>natus</span> <span class='ocrx_word' id='word_1_366' title='bbox 1146 2623 1235 2668; x_wconf 92' lang='lat' dir='ltr'>sum:</span> <span class='ocrx_word' id='word_1_367' title='bbox 1310 2603 1406 2667; x_wconf 90' lang='lat' dir='ltr'>uibus</span> <span class='ocrx_word' id='word_1_368' title='bbox 1429 2603 1577 2668; x_wconf 89' lang='lat' dir='ltr'>homines</span> <span class='ocrx_word' id='word_1_369' title='bbox 1599 2601 1752 2668; x_wconf 88' lang='lat' dir='ltr'>malevoli</span> <span class='ocrx_word' id='word_1_370' title='bbox 1774 2603 1956 2674; x_wconf 83' lang='lat' dir='ltr'>calumnias</span> <span class='ocrx_word' id='word_1_371' title='bbox 1983 2612 2109 2669; x_wconf 90' lang='lat' dir='ltr'>struere</span> <span class='ocrx_word' id='word_1_372' title='bbox 2133 2603 2262 2668; x_wconf 88' lang='lat' dir='ltr'>vellent</span> 
     </span>
     <span class='ocr_line' id='line_1_27' title="bbox 258 2625 2264 2773; baseline -0 -20"><span class='ocrx_word' id='word_1_373' title='bbox 258 2697 295 2753; x_wconf 93' lang='lat' dir='ltr'>tu</span> <span class='ocrx_word' id='word_1_374' title='bbox 318 2707 390 2752; x_wconf 85' lang='lat' dir='ltr'>eam</span> <span class='ocrx_word' id='word_1_375' title='bbox 413 2689 644 2773; x_wconf 86' lang='lat' dir='ltr'>obligationem</span> <span class='ocrx_word' id='word_1_376' title='bbox 673 2689 779 2771; x_wconf 89' lang='lat' dir='ltr'>magis</span> <span class='ocrx_word' id='word_1_377' title='bbox 807 2689 906 2754; x_wconf 89' lang='lat' dir='ltr'>etiam</span> <span class='ocrx_word' id='word_1_378' title='bbox 935 2691 1056 2754; x_wconf 85' lang='lat' dir='ltr'>auxisti</span> <span class='ocrx_word' id='word_1_379' title='bbox 1079 2699 1135 2754; x_wconf 88' lang='lat' dir='ltr'>tua</span> <span class='ocrx_word' id='word_1_380' title='bbox 1157 2710 1237 2773; x_wconf 87' lang='lat' dir='ltr'>erga</span> <span class='ocrx_word' id='word_1_381' title='bbox 1288 2625 1392 2769; x_wconf 45' lang='lat' dir='ltr'>Quasi</span> <span class='ocrx_word' id='word_1_382' title='bbox 1421 2689 1556 2770; x_wconf 90' lang='lat' dir='ltr'>impune</span> <span class='ocrx_word' id='word_1_383' title='bbox 1585 2687 1684 2754; x_wconf 89' lang='lat' dir='ltr'>liceat</span> <span class='ocrx_word' id='word_1_384' title='bbox 1712 2708 1767 2754; x_wconf 89' lang='lat' dir='ltr'>eos</span> <span class='ocrx_word' id='word_1_385' title='bbox 1796 2688 1983 2768; x_wconf 87' lang='lat' dir='ltr'>traducere,</span> <span class='ocrx_word' id='word_1_386' title='bbox 2017 2690 2074 2772; x_wconf 90' lang='lat' dir='ltr'>qui</span> <span class='ocrx_word' id='word_1_387' title='bbox 2102 2691 2264 2772; x_wconf 89' lang='lat' dir='ltr'>patienter</span> 
     </span>
     <span class='ocr_line' id='line_1_28' title="bbox 258 2773 2263 2858; baseline 0.001 -20"><span class='ocrx_word' id='word_1_388' title='bbox 258 2796 311 2839; x_wconf 92' lang='lat' dir='ltr'>me</span> <span class='ocrx_word' id='word_1_389' title='bbox 333 2774 575 2852; x_wconf 84' lang='lat' dir='ltr'>benevolentia,</span> <span class='ocrx_word' id='word_1_390' title='bbox 605 2773 661 2857; x_wconf 93' lang='lat' dir='ltr'>qui</span> <span class='ocrx_word' id='word_1_391' title='bbox 683 2795 735 2839; x_wconf 92' lang='lat' dir='ltr'>me</span> <span class='ocrx_word' id='word_1_392' title='bbox 758 2795 777 2838; x_wconf 91' lang='lat' dir='ltr'>a</span> <span class='ocrx_word' id='word_1_393' title='bbox 798 2795 900 2856; x_wconf 92' lang='lat' dir='ltr'>puero</span> <span class='ocrx_word' id='word_1_394' title='bbox 922 2777 957 2840; x_wconf 90' lang='lat' dir='ltr'>in</span> <span class='ocrx_word' id='word_1_395' title='bbox 980 2775 1055 2841; x_wconf 88' lang='lat' dir='ltr'>aula</span> <span class='ocrx_word' id='word_1_396' title='bbox 1077 2787 1135 2840; x_wconf 91' lang='lat' dir='ltr'>tua</span> <span class='ocrx_word' id='word_1_397' title='bbox 1157 2775 1235 2840; x_wconf 90' lang='lat' dir='ltr'>edu·</span> <span class='ocrx_word' id='word_1_398' title='bbox 1288 2774 1588 2840; x_wconf 87' lang='lat' dir='ltr'>iniuriastolerant.</span> <span class='ocrx_word' id='word_1_399' title='bbox 1627 2773 1800 2854; x_wconf 80' lang='lat' dir='ltr'>Quodnisi</span> <span class='ocrx_word' id='word_1_400' title='bbox 1813 2777 2263 2858; x_wconf 83' lang='lat' dir='ltr'>meameconscientiacoge·</span> 
     </span>
     <span class='ocr_line' id='line_1_29' title="bbox 258 2858 2262 2945; baseline -0 -18"><span class='ocrx_word' id='word_1_401' title='bbox 258 2861 347 2927; x_wconf 88' lang='lat' dir='ltr'>casti.</span> <span class='ocrx_word' id='word_1_402' title='bbox 393 2860 504 2924; x_wconf 86' lang='lat' dir='ltr'>Velim</span> <span class='ocrx_word' id='word_1_403' title='bbox 525 2861 635 2942; x_wconf 87' lang='lat' dir='ltr'>itaque</span> <span class='ocrx_word' id='word_1_404' title='bbox 662 2861 721 2924; x_wconf 90' lang='lat' dir='ltr'>tibi</span> <span class='ocrx_word' id='word_1_405' title='bbox 750 2858 961 2942; x_wconf 87' lang='lat' dir='ltr'>persuadeas,</span> <span class='ocrx_word' id='word_1_406' title='bbox 991 2861 1127 2939; x_wconf 79' lang='lat' dir='ltr'>Caesar,</span> <span class='ocrx_word' id='word_1_407' title='bbox 1158 2859 1236 2926; x_wconf 89' lang='lat' dir='ltr'>dare</span> <span class='ocrx_word' id='word_1_408' title='bbox 1288 2869 1340 2924; x_wconf 89' lang='lat' dir='ltr'>ret</span> <span class='ocrx_word' id='word_1_409' title='bbox 1361 2861 1445 2926; x_wconf 88' lang='lat' dir='ltr'>tueri</span> <span class='ocrx_word' id='word_1_410' title='bbox 1467 2860 1593 2926; x_wconf 82' lang='lat' dir='ltr'>Christi</span> <span class='ocrx_word' id='word_1_411' title='bbox 1614 2879 1756 2937; x_wconf 87' lang='lat' dir='ltr'>causam,</span> <span class='ocrx_word' id='word_1_412' title='bbox 1779 2861 1814 2924; x_wconf 93' lang='lat' dir='ltr'>in</span> <span class='ocrx_word' id='word_1_413' title='bbox 1837 2861 2012 2926; x_wconf 87' lang='lat' dir='ltr'>asserenda</span> <span class='ocrx_word' id='word_1_414' title='bbox 2033 2862 2200 2945; x_wconf 85' lang='lat' dir='ltr'>evangelii</span> <span class='ocrx_word' id='word_1_415' title='bbox 2217 2861 2262 2944; x_wconf 89' lang='lat' dir='ltr'>ip·</span> 
     </span>
     <span class='ocr_line' id='line_1_30' title="bbox 258 2945 2265 3031; baseline -0 -20"><span class='ocrx_word' id='word_1_416' title='bbox 258 2968 312 3011; x_wconf 91' lang='lat' dir='ltr'>me</span> <span class='ocrx_word' id='word_1_417' title='bbox 328 2946 413 3013; x_wconf 83' lang='lat' dir='ltr'>velle</span> <span class='ocrx_word' id='word_1_418' title='bbox 431 2966 573 3030; x_wconf 88' lang='lat' dir='ltr'>operam,</span> <span class='ocrx_word' id='word_1_419' title='bbox 597 2953 634 3010; x_wconf 88' lang='lat' dir='ltr'>ut</span> <span class='ocrx_word' id='word_1_420' title='bbox 651 2953 741 3010; x_wconf 88' lang='lat' dir='ltr'>tuam</span> <span class='ocrx_word' id='word_1_421' title='bbox 759 2947 974 3025; x_wconf 90' lang='lat' dir='ltr'>maiestatem,</span> <span class='ocrx_word' id='word_1_422' title='bbox 997 2948 1084 3030; x_wconf 90' lang='lat' dir='ltr'>quod</span> <span class='ocrx_word' id='word_1_423' title='bbox 1104 2945 1236 3030; x_wconf 92' lang='lat' dir='ltr'>quidem</span> <span class='ocrx_word' id='word_1_424' title='bbox 1289 2948 1358 3011; x_wconf 88' lang='lat' dir='ltr'>sius</span> <span class='ocrx_word' id='word_1_425' title='bbox 1380 2945 1532 3011; x_wconf 83' lang='lat' dir='ltr'>veritate:</span> <span class='ocrx_word' id='word_1_426' title='bbox 1555 2967 1628 3011; x_wconf 89' lang='lat' dir='ltr'>meo</span> <span class='ocrx_word' id='word_1_427' title='bbox 1649 2945 1766 3011; x_wconf 90' lang='lat' dir='ltr'>deinde</span> <span class='ocrx_word' id='word_1_428' title='bbox 1789 2967 1868 3031; x_wconf 86' lang='lat' dir='ltr'>erga</span> <span class='ocrx_word' id='word_1_429' title='bbox 1889 2955 1978 3012; x_wconf 88' lang='lat' dir='ltr'>tuam</span> <span class='ocrx_word' id='word_1_430' title='bbox 1996 2948 2203 3014; x_wconf 88' lang='lat' dir='ltr'>maiestatem</span> <span class='ocrx_word' id='word_1_431' title='bbox 2221 2947 2265 3012; x_wconf 91' lang='lat' dir='ltr'>of·</span> 
     </span>
     <span class='ocr_line' id='line_1_31' title="bbox 258 3031 2266 3116; baseline -0 -19"><span class='ocrx_word' id='word_1_432' title='bbox 258 3033 294 3097; x_wconf 94' lang='lat' dir='ltr'>in</span> <span class='ocrx_word' id='word_1_433' title='bbox 315 3053 370 3097; x_wconf 90' lang='lat' dir='ltr'>me</span> <span class='ocrx_word' id='word_1_434' title='bbox 392 3032 506 3110; x_wconf 90' lang='lat' dir='ltr'>fuerit,</span> <span class='ocrx_word' id='word_1_435' title='bbox 536 3032 599 3098; x_wconf 90' lang='lat' dir='ltr'>hac</span> <span class='ocrx_word' id='word_1_436' title='bbox 628 3032 771 3096; x_wconf 90' lang='lat' dir='ltr'>maxime</span> <span class='ocrx_word' id='word_1_437' title='bbox 801 3034 927 3098; x_wconf 86' lang='lat' dir='ltr'>ratione</span> <span class='ocrx_word' id='word_1_438' title='bbox 957 3033 1096 3098; x_wconf 90' lang='lat' dir='ltr'>habeam</span> <span class='ocrx_word' id='word_1_439' title='bbox 1123 3034 1237 3116; x_wconf 90' lang='lat' dir='ltr'>propi·</span> <span class='ocrx_word' id='word_1_440' title='bbox 1288 3033 1361 3098; x_wconf 90' lang='lat' dir='ltr'>ficio</span> <span class='ocrx_word' id='word_1_441' title='bbox 1389 3031 1591 3098; x_wconf 86' lang='lat' dir='ltr'>satisfacere:</span> <span class='ocrx_word' id='word_1_442' title='bbox 1626 3041 1699 3096; x_wconf 91' lang='lat' dir='ltr'>tum</span> <span class='ocrx_word' id='word_1_443' title='bbox 1728 3052 1877 3112; x_wconf 90' lang='lat' dir='ltr'>omnem,</span> <span class='ocrx_word' id='word_1_444' title='bbox 1910 3053 1993 3115; x_wconf 89' lang='lat' dir='ltr'>quae</span> <span class='ocrx_word' id='word_1_445' title='bbox 2021 3056 2061 3100; x_wconf 87' lang='lat' dir='ltr'>ex</span> <span class='ocrx_word' id='word_1_446' title='bbox 2090 3053 2145 3099; x_wconf 93' lang='lat' dir='ltr'>me</span> <span class='ocrx_word' id='word_1_447' title='bbox 2178 3033 2266 3098; x_wconf 86' lang='lat' dir='ltr'>nasci</span> 
     </span>
     <span class='ocr_line' id='line_1_32' title="bbox 258 3117 2265 3202; baseline 0 -20"><span class='ocrx_word' id='word_1_448' title='bbox 258 3121 355 3197; x_wconf 90' lang='lat' dir='ltr'>tiam,</span> <span class='ocrx_word' id='word_1_449' title='bbox 383 3139 425 3183; x_wconf 90' lang='lat' dir='ltr'>ne</span> <span class='ocrx_word' id='word_1_450' title='bbox 452 3117 557 3183; x_wconf 89' lang='lat' dir='ltr'>officio</span> <span class='ocrx_word' id='word_1_451' title='bbox 585 3139 657 3182; x_wconf 90' lang='lat' dir='ltr'>meo</span> <span class='ocrx_word' id='word_1_452' title='bbox 685 3117 798 3183; x_wconf 88' lang='lat' dir='ltr'>desim.</span> <span class='ocrx_word' id='word_1_453' title='bbox 843 3117 1038 3202; x_wconf 79' lang='lat' dir='ltr'>Quanquam</span> <span class='ocrx_word' id='word_1_454' title='bbox 1062 3129 1094 3185; x_wconf 91' lang='lat' dir='ltr'>et</span> <span class='ocrx_word' id='word_1_455' title='bbox 1117 3119 1236 3202; x_wconf 89' lang='lat' dir='ltr'>alioqui</span> <span class='ocrx_word' id='word_1_456' title='bbox 1289 3128 1412 3201; x_wconf 90' lang='lat' dir='ltr'>posset,</span> <span class='ocrx_word' id='word_1_457' title='bbox 1441 3118 1654 3184; x_wconf 83' lang='lat' dir='ltr'>offensionem</span> <span class='ocrx_word' id='word_1_458' title='bbox 1678 3118 1821 3184; x_wconf 91' lang='lat' dir='ltr'>amoliri:</span> <span class='ocrx_word' id='word_1_459' title='bbox 1854 3129 2018 3201; x_wconf 89' lang='lat' dir='ltr'>postremo</span> <span class='ocrx_word' id='word_1_460' title='bbox 2047 3124 2120 3198; x_wconf 75' lang='lat' dir='ltr'>[pag.</span> <span class='ocrx_word' id='word_1_461' title='bbox 2143 3123 2197 3199; x_wconf 89' lang='lat'>10]</span> <span class='ocrx_word' id='word_1_462' title='bbox 2219 3122 2265 3183; x_wconf 91' lang='lat' dir='ltr'>in-</span> 
     </span>
     <span class='ocr_line' id='line_1_33' title="bbox 257 3203 2265 3288; baseline -0 -19"><span class='ocrx_word' id='word_1_463' title='bbox 257 3204 345 3270; x_wconf 87' lang='lat' dir='ltr'>ultro</span> <span class='ocrx_word' id='word_1_464' title='bbox 367 3205 496 3269; x_wconf 89' lang='lat' dir='ltr'>animus</span> <span class='ocrx_word' id='word_1_465' title='bbox 517 3223 610 3268; x_wconf 92' lang='lat' dir='ltr'>meus</span> <span class='ocrx_word' id='word_1_466' title='bbox 632 3225 669 3268; x_wconf 91' lang='lat' dir='ltr'>eo</span> <span class='ocrx_word' id='word_1_467' title='bbox 686 3203 832 3270; x_wconf 90' lang='lat' dir='ltr'>inclinet.</span> <span class='ocrx_word' id='word_1_468' title='bbox 865 3205 951 3270; x_wconf 92' lang='lat' dir='ltr'>Nam</span> <span class='ocrx_word' id='word_1_469' title='bbox 970 3203 1032 3270; x_wconf 90' lang='lat' dir='ltr'>etsi</span> <span class='ocrx_word' id='word_1_470' title='bbox 1050 3204 1133 3270; x_wconf 93' lang='lat' dir='ltr'>mihi</span> <span class='ocrx_word' id='word_1_471' title='bbox 1149 3205 1237 3270; x_wconf 90' lang='lat' dir='ltr'>male</span> <span class='ocrx_word' id='word_1_472' title='bbox 1290 3203 1462 3270; x_wconf 88' lang='lat' dir='ltr'>solentiam</span> <span class='ocrx_word' id='word_1_473' title='bbox 1492 3203 1725 3269; x_wconf 89' lang='lat' dir='ltr'>maledicorum</span> <span class='ocrx_word' id='word_1_474' title='bbox 1758 3205 1950 3288; x_wconf 89' lang='lat' dir='ltr'>reprimere:</span> <span class='ocrx_word' id='word_1_475' title='bbox 1985 3203 2032 3269; x_wconf 91' lang='lat' dir='ltr'>nil</span> <span class='ocrx_word' id='word_1_476' title='bbox 2064 3204 2146 3269; x_wconf 93' lang='lat' dir='ltr'>mihi</span> <span class='ocrx_word' id='word_1_477' title='bbox 2179 3224 2265 3284; x_wconf 86' lang='lat' dir='ltr'>sane,</span> 
     </span>
     <span class='ocr_line' id='line_1_34' title="bbox 258 3289 2265 3374; baseline -0 -18"><span class='ocrx_word' id='word_1_478' title='bbox 258 3290 405 3356; x_wconf 88' lang='lat' dir='ltr'>conscius</span> <span class='ocrx_word' id='word_1_479' title='bbox 427 3311 493 3354; x_wconf 92' lang='lat' dir='ltr'>non</span> <span class='ocrx_word' id='word_1_480' title='bbox 521 3291 597 3367; x_wconf 93' lang='lat' dir='ltr'>sim,</span> <span class='ocrx_word' id='word_1_481' title='bbox 627 3311 728 3374; x_wconf 89' lang='lat' dir='ltr'>grave</span> <span class='ocrx_word' id='word_1_482' title='bbox 756 3297 867 3356; x_wconf 84' lang='lat' dir='ltr'>tamen</span> <span class='ocrx_word' id='word_1_483' title='bbox 895 3290 977 3356; x_wconf 94' lang='lat' dir='ltr'>mihi</span> <span class='ocrx_word' id='word_1_484' title='bbox 1000 3299 1065 3371; x_wconf 89' lang='lat' dir='ltr'>est,</span> <span class='ocrx_word' id='word_1_485' title='bbox 1094 3292 1236 3358; x_wconf 86' lang='lat' dir='ltr'>benevo-</span> <span class='ocrx_word' id='word_1_486' title='bbox 1291 3289 1429 3369; x_wconf 77' lang='lat' dir='ltr'>Caesar,</span> <span class='ocrx_word' id='word_1_487' title='bbox 1458 3290 1624 3373; x_wconf 84' lang='lat' dir='ltr'>antiquius</span> <span class='ocrx_word' id='word_1_488' title='bbox 1652 3297 1753 3369; x_wconf 87' lang='lat' dir='ltr'>esset,</span> <span class='ocrx_word' id='word_1_489' title='bbox 1783 3311 1883 3373; x_wconf 91' lang='lat' dir='ltr'>quam</span> <span class='ocrx_word' id='word_1_490' title='bbox 1909 3292 2129 3356; x_wconf 89' lang='lat' dir='ltr'>innocentiam</span> <span class='ocrx_word' id='word_1_491' title='bbox 2161 3311 2265 3356; x_wconf 88' lang='lat' dir='ltr'>meam</span> 
     </span>
     <span class='ocr_line' id='line_1_35' title="bbox 257 3374 2266 3460; baseline -0 -18"><span class='ocrx_word' id='word_1_492' title='bbox 257 3377 359 3443; x_wconf 84' lang='lat' dir='ltr'>lentie</span> <span class='ocrx_word' id='word_1_493' title='bbox 380 3383 440 3441; x_wconf 90' lang='lat' dir='ltr'>tua</span> <span class='ocrx_word' id='word_1_494' title='bbox 461 3375 629 3442; x_wconf 86' lang='lat' dir='ltr'>excidisse.</span> <span class='ocrx_word' id='word_1_495' title='bbox 680 3375 795 3459; x_wconf 88' lang='lat' dir='ltr'>Neque</span> <span class='ocrx_word' id='word_1_496' title='bbox 824 3397 904 3442; x_wconf 89' lang='lat' dir='ltr'>sane</span> <span class='ocrx_word' id='word_1_497' title='bbox 925 3374 959 3441; x_wconf 90' lang='lat' dir='ltr'>id</span> <span class='ocrx_word' id='word_1_498' title='bbox 981 3377 1044 3443; x_wconf 87' lang='lat' dir='ltr'>alia</span> <span class='ocrx_word' id='word_1_499' title='bbox 1066 3375 1107 3441; x_wconf 89' lang='lat' dir='ltr'>de</span> <span class='ocrx_word' id='word_1_500' title='bbox 1129 3397 1236 3456; x_wconf 85' lang='lat' dir='ltr'>causa,</span> <span class='ocrx_word' id='word_1_501' title='bbox 1288 3377 1441 3454; x_wconf 92' lang='lat' dir='ltr'>Domino,</span> <span class='ocrx_word' id='word_1_502' title='bbox 1464 3376 1520 3459; x_wconf 93' lang='lat' dir='ltr'>qui</span> <span class='ocrx_word' id='word_1_503' title='bbox 1541 3376 1749 3442; x_wconf 89' lang='lat' dir='ltr'>innocentiae</span> <span class='ocrx_word' id='word_1_504' title='bbox 1773 3377 1880 3442; x_wconf 89' lang='lat' dir='ltr'>iustus</span> <span class='ocrx_word' id='word_1_505' title='bbox 1898 3385 1948 3443; x_wconf 89' lang='lat' dir='ltr'>est</span> <span class='ocrx_word' id='word_1_506' title='bbox 1965 3386 2123 3460; x_wconf 86' lang='lat' dir='ltr'>patronus</span> <span class='ocrx_word' id='word_1_507' title='bbox 2146 3385 2182 3441; x_wconf 91' lang='lat' dir='ltr'>et</span> <span class='ocrx_word' id='word_1_508' title='bbox 2198 3377 2266 3444; x_wconf 82' lang='lat' dir='ltr'>vin-</span> 
     </span>
     <span class='ocr_line' id='line_1_36' title="bbox 258 3461 2264 3548; baseline -0.001 -20"><span class='ocrx_word' id='word_1_509' title='bbox 258 3483 357 3546; x_wconf 89' lang='lat' dir='ltr'>quam</span> <span class='ocrx_word' id='word_1_510' title='bbox 380 3461 465 3546; x_wconf 91' lang='lat' dir='ltr'>quod</span> <span class='ocrx_word' id='word_1_511' title='bbox 488 3471 563 3526; x_wconf 90' lang='lat' dir='ltr'>tuae</span> <span class='ocrx_word' id='word_1_512' title='bbox 581 3461 753 3540; x_wconf 88' lang='lat' dir='ltr'>maiestati,</span> <span class='ocrx_word' id='word_1_513' title='bbox 776 3463 988 3544; x_wconf 89' lang='lat' dir='ltr'>quantumin</span> <span class='ocrx_word' id='word_1_514' title='bbox 1009 3485 1062 3529; x_wconf 91' lang='lat' dir='ltr'>me</span> <span class='ocrx_word' id='word_1_515' title='bbox 1080 3473 1138 3541; x_wconf 89' lang='lat' dir='ltr'>est,</span> <span class='ocrx_word' id='word_1_516' title='bbox 1161 3483 1236 3548; x_wconf 85' lang='lat' dir='ltr'>gra-</span> <span class='ocrx_word' id='word_1_517' title='bbox 1290 3462 1362 3541; x_wconf 77' lang='lat' dir='ltr'>des,</span> <span class='ocrx_word' id='word_1_518' title='bbox 1385 3462 1626 3527; x_wconf 87' lang='lat' dir='ltr'>commendare:</span> <span class='ocrx_word' id='word_1_519' title='bbox 1660 3483 1815 3544; x_wconf 89' lang='lat' dir='ltr'>meaeque</span> <span class='ocrx_word' id='word_1_520' title='bbox 1837 3463 2056 3528; x_wconf 89' lang='lat' dir='ltr'>conscientiae</span> <span class='ocrx_word' id='word_1_521' title='bbox 2078 3463 2264 3528; x_wconf 90' lang='lat' dir='ltr'>testimonio</span> 
     </span>
     <span class='ocr_line' id='line_1_37' title="bbox 258 3549 2267 3632; baseline -0 -19"><span class='ocrx_word' id='word_1_522' title='bbox 258 3559 312 3615; x_wconf 90' lang='lat' dir='ltr'>tus</span> <span class='ocrx_word' id='word_1_523' title='bbox 335 3569 406 3614; x_wconf 88' lang='lat' dir='ltr'>esse</span> <span class='ocrx_word' id='word_1_524' title='bbox 428 3549 566 3630; x_wconf 90' lang='lat' dir='ltr'>cupiam.</span> <span class='ocrx_word' id='word_1_525' title='bbox 1288 3556 1477 3615; x_wconf 89' lang='lat' dir='ltr'>contentum</span> <span class='ocrx_word' id='word_1_526' title='bbox 1497 3569 1568 3613; x_wconf 90' lang='lat' dir='ltr'>esse</span> <span class='ocrx_word' id='word_1_527' title='bbox 1586 3549 1704 3631; x_wconf 90' lang='lat' dir='ltr'>potius,</span> <span class='ocrx_word' id='word_1_528' title='bbox 1726 3569 1824 3632; x_wconf 89' lang='lat' dir='ltr'>quam</span> <span class='ocrx_word' id='word_1_529' title='bbox 1843 3557 1934 3613; x_wconf 88' lang='lat' dir='ltr'>tuam</span> <span class='ocrx_word' id='word_1_530' title='bbox 1957 3551 2163 3615; x_wconf 89' lang='lat' dir='ltr'>maiestatem</span> <span class='ocrx_word' id='word_1_531' title='bbox 2181 3567 2267 3614; x_wconf 90' lang='lat' dir='ltr'>nunc</span> 
     </span>
     <span class='ocr_line' id='line_1_38' title="bbox 344 3632 2266 3718; baseline -0.001 -18"><span class='ocrx_word' id='word_1_532' title='bbox 344 3635 406 3700; x_wconf 81' lang='lat' dir='ltr'>Est</span> <span class='ocrx_word' id='word_1_533' title='bbox 428 3643 462 3699; x_wconf 90' lang='lat' dir='ltr'>ot</span> <span class='ocrx_word' id='word_1_534' title='bbox 483 3633 562 3710; x_wconf 88' lang='lat' dir='ltr'>alia,</span> <span class='ocrx_word' id='word_1_535' title='bbox 594 3632 731 3710; x_wconf 82' lang='lat' dir='ltr'>Caesar,</span> <span class='ocrx_word' id='word_1_536' title='bbox 763 3654 846 3716; x_wconf 87' lang='lat' dir='ltr'>quae</span> <span class='ocrx_word' id='word_1_537' title='bbox 868 3655 920 3699; x_wconf 89' lang='lat' dir='ltr'>me</span> <span class='ocrx_word' id='word_1_538' title='bbox 941 3634 1147 3700; x_wconf 87' lang='lat' dir='ltr'>dissimulare</span> <span class='ocrx_word' id='word_1_539' title='bbox 1170 3655 1236 3700; x_wconf 88' lang='lat' dir='ltr'>non</span> <span class='ocrx_word' id='word_1_540' title='bbox 1288 3655 1362 3700; x_wconf 88' lang='lat' dir='ltr'>mea</span> <span class='ocrx_word' id='word_1_541' title='bbox 1384 3634 1572 3700; x_wconf 82' lang='lat' dir='ltr'>defensione</span> <span class='ocrx_word' id='word_1_542' title='bbox 1594 3655 1763 3717; x_wconf 89' lang='lat' dir='ltr'>occupare.</span> <span class='ocrx_word' id='word_1_543' title='bbox 1808 3632 1875 3700; x_wconf 81' lang='lat' dir='ltr'>Sed</span> <span class='ocrx_word' id='word_1_544' title='bbox 1897 3655 1998 3717; x_wconf 91' lang='lat' dir='ltr'>quum</span> <span class='ocrx_word' id='word_1_545' title='bbox 2024 3634 2197 3718; x_wconf 88' lang='lat' dir='ltr'>perspicue</span> <span class='ocrx_word' id='word_1_546' title='bbox 2218 3655 2266 3699; x_wconf 90' lang='lat' dir='ltr'>os·</span> 
     </span>
     <span class='ocr_line' id='line_1_39' title="bbox 259 3718 2265 3804; baseline -0.001 -18"><span class='ocrx_word' id='word_1_547' title='bbox 259 3722 392 3804; x_wconf 90' lang='lat' dir='ltr'>patitur,</span> <span class='ocrx_word' id='word_1_548' title='bbox 416 3721 509 3784; x_wconf 89' lang='lat' dir='ltr'>ratio.</span> <span class='ocrx_word' id='word_1_549' title='bbox 545 3719 647 3784; x_wconf 87' lang='lat' dir='ltr'>Nobis</span> <span class='ocrx_word' id='word_1_550' title='bbox 665 3718 753 3783; x_wconf 89' lang='lat' dir='ltr'>enim</span> <span class='ocrx_word' id='word_1_551' title='bbox 777 3719 951 3785; x_wconf 90' lang='lat' dir='ltr'>aDomino</span> <span class='ocrx_word' id='word_1_552' title='bbox 969 3722 1176 3804; x_wconf 87' lang='lat' dir='ltr'>praecipitur,</span> <span class='ocrx_word' id='word_1_553' title='bbox 1199 3731 1238 3786; x_wconf 90' lang='lat' dir='ltr'>ut</span> <span class='ocrx_word' id='word_1_554' title='bbox 1289 3720 1433 3786; x_wconf 86' lang='lat' dir='ltr'>tendisse</span> <span class='ocrx_word' id='word_1_555' title='bbox 1455 3721 1537 3785; x_wconf 92' lang='lat' dir='ltr'>mihi</span> <span class='ocrx_word' id='word_1_556' title='bbox 1558 3718 1688 3797; x_wconf 79' lang='lat' dir='ltr'>ridear,</span> <span class='ocrx_word' id='word_1_557' title='bbox 1718 3721 1815 3784; x_wconf 91' lang='lat' dir='ltr'>etiam</span> <span class='ocrx_word' id='word_1_558' title='bbox 1844 3721 1872 3785; x_wconf 91' lang='lat' dir='ltr'>si</span> <span class='ocrx_word' id='word_1_559' title='bbox 1896 3721 2007 3799; x_wconf 88' lang='lat' dir='ltr'>velim,</span> <span class='ocrx_word' id='word_1_560' title='bbox 2037 3741 2104 3786; x_wconf 89' lang='lat' dir='ltr'>non</span> <span class='ocrx_word' id='word_1_561' title='bbox 2132 3741 2206 3786; x_wconf 92' lang='lat' dir='ltr'>esse</span> <span class='ocrx_word' id='word_1_562' title='bbox 2233 3718 2265 3784; x_wconf 94' lang='lat' dir='ltr'>id</span> 
     </span>
     <span class='ocr_line' id='line_1_40' title="bbox 258 3805 2266 3890; baseline -0.001 -18"><span class='ocrx_word' id='word_1_563' title='bbox 258 3827 294 3872; x_wconf 92' lang='lat' dir='ltr'>os</span> <span class='ocrx_word' id='word_1_564' title='bbox 316 3807 525 3872; x_wconf 90' lang='lat' dir='ltr'>obstruamus</span> <span class='ocrx_word' id='word_1_565' title='bbox 548 3805 846 3884; x_wconf 88' lang='lat' dir='ltr'>calumniatoribus,</span> <span class='ocrx_word' id='word_1_566' title='bbox 869 3811 942 3886; x_wconf 79' lang='lat' dir='ltr'>[pag.</span> <span class='ocrx_word' id='word_1_567' title='bbox 962 3811 995 3887; x_wconf 80' lang='lat'>8]</span> <span class='ocrx_word' id='word_1_568' title='bbox 1018 3807 1154 3872; x_wconf 80' lang='lat' dir='ltr'>honeste</span> <span class='ocrx_word' id='word_1_569' title='bbox 1176 3827 1237 3874; x_wconf 87' lang='lat' dir='ltr'>nos</span> <span class='ocrx_word' id='word_1_570' title='bbox 1289 3807 1370 3872; x_wconf 91' lang='lat' dir='ltr'>mihi</span> <span class='ocrx_word' id='word_1_571' title='bbox 1392 3807 1575 3890; x_wconf 87' lang='lat' dir='ltr'>integrum:</span> <span class='ocrx_word' id='word_1_572' title='bbox 1599 3827 1693 3889; x_wconf 91' lang='lat' dir='ltr'>spero</span> <span class='ocrx_word' id='word_1_573' title='bbox 1715 3814 1806 3870; x_wconf 88' lang='lat' dir='ltr'>tuam</span> <span class='ocrx_word' id='word_1_574' title='bbox 1829 3807 2033 3872; x_wconf 86' lang='lat' dir='ltr'>maiestatem</span> <span class='ocrx_word' id='word_1_575' title='bbox 2055 3827 2095 3872; x_wconf 86' lang='lat' dir='ltr'>ea</span> <span class='ocrx_word' id='word_1_576' title='bbox 2114 3828 2195 3890; x_wconf 87' lang='lat' dir='ltr'>erga</span> <span class='ocrx_word' id='word_1_577' title='bbox 2216 3825 2266 3870; x_wconf 90' lang='lat' dir='ltr'>me</span> 
     </span>
     <span class='ocr_line' id='line_1_41' title="bbox 258 3889 2264 3976; baseline -0.001 -19"><span class='ocrx_word' id='word_1_578' title='bbox 258 3901 426 3976; x_wconf 88' lang='lat' dir='ltr'>gerentes,</span> <span class='ocrx_word' id='word_1_579' title='bbox 451 3914 516 3957; x_wconf 91' lang='lat' dir='ltr'>non</span> <span class='ocrx_word' id='word_1_580' title='bbox 540 3889 636 3955; x_wconf 94' lang='lat' dir='ltr'>modo</span> <span class='ocrx_word' id='word_1_581' title='bbox 659 3912 768 3956; x_wconf 90' lang='lat' dir='ltr'>coram</span> <span class='ocrx_word' id='word_1_582' title='bbox 790 3890 877 3972; x_wconf 92' lang='lat' dir='ltr'>Deo,</span> <span class='ocrx_word' id='word_1_583' title='bbox 907 3892 964 3958; x_wconf 92' lang='lat' dir='ltr'>scd</span> <span class='ocrx_word' id='word_1_584' title='bbox 992 3903 1025 3956; x_wconf 88' lang='lat' dir='ltr'>et</span> <span class='ocrx_word' id='word_1_585' title='bbox 1046 3913 1156 3958; x_wconf 91' lang='lat' dir='ltr'>coram</span> <span class='ocrx_word' id='word_1_586' title='bbox 1178 3894 1237 3958; x_wconf 91' lang='lat' dir='ltr'>ho·</span> <span class='ocrx_word' id='word_1_587' title='bbox 1289 3895 1358 3959; x_wconf 90' lang='lat' dir='ltr'>fore</span> <span class='ocrx_word' id='word_1_588' title='bbox 1381 3894 1557 3975; x_wconf 88' lang='lat' dir='ltr'>aequitate,</span> <span class='ocrx_word' id='word_1_589' title='bbox 1587 3903 1623 3956; x_wconf 92' lang='lat' dir='ltr'>ut</span> <span class='ocrx_word' id='word_1_590' title='bbox 1650 3900 1684 3957; x_wconf 91' lang='lat' dir='ltr'>et</span> <span class='ocrx_word' id='word_1_591' title='bbox 1711 3891 1853 3974; x_wconf 89' lang='lat' dir='ltr'>aliquam</span> <span class='ocrx_word' id='word_1_592' title='bbox 1882 3893 2081 3958; x_wconf 90' lang='lat' dir='ltr'>audientiam</span> <span class='ocrx_word' id='word_1_593' title='bbox 2103 3891 2187 3956; x_wconf 91' lang='lat' dir='ltr'>mihi</span> <span class='ocrx_word' id='word_1_594' title='bbox 2210 3891 2264 3955; x_wconf 92' lang='lat' dir='ltr'>tri·</span> 
     </span>
     <span class='ocr_line' id='line_1_42' title="bbox 258 3976 2266 4061; baseline -0 -19"><span class='ocrx_word' id='word_1_595' title='bbox 258 3979 412 4043; x_wconf 89' lang='lat' dir='ltr'>minibus.</span> <span class='ocrx_word' id='word_1_596' title='bbox 456 3979 503 4042; x_wconf 86' lang='lat' dir='ltr'>Et</span> <span class='ocrx_word' id='word_1_597' title='bbox 524 3998 709 4060; x_wconf 90' lang='lat' dir='ltr'>quanquam</span> <span class='ocrx_word' id='word_1_598' title='bbox 738 3979 883 4060; x_wconf 87' lang='lat' dir='ltr'>primum</span> <span class='ocrx_word' id='word_1_599' title='bbox 911 3977 994 4044; x_wconf 91' lang='lat' dir='ltr'>illud</span> <span class='ocrx_word' id='word_1_600' title='bbox 1022 3979 1094 4043; x_wconf 86' lang='lat' dir='ltr'>fieri</span> <span class='ocrx_word' id='word_1_601' title='bbox 1122 3977 1239 4045; x_wconf 91' lang='lat' dir='ltr'>debeat</span> <span class='ocrx_word' id='word_1_602' title='bbox 1289 3980 1378 4056; x_wconf 90' lang='lat' dir='ltr'>buat,</span> <span class='ocrx_word' id='word_1_603' title='bbox 1402 3977 1497 4044; x_wconf 88' lang='lat' dir='ltr'>etde</span> <span class='ocrx_word' id='word_1_604' title='bbox 1519 3999 1558 4042; x_wconf 90' lang='lat' dir='ltr'>eo</span> <span class='ocrx_word' id='word_1_605' title='bbox 1580 3976 1810 4061; x_wconf 91' lang='lat' dir='ltr'>quodliquide</span> <span class='ocrx_word' id='word_1_606' title='bbox 1832 3979 2041 4058; x_wconf 86' lang='lat' dir='ltr'>intellexerit,</span> <span class='ocrx_word' id='word_1_607' title='bbox 2073 3979 2266 4045; x_wconf 87' lang='lat' dir='ltr'>sententiam</span> 
     </span>
     <span class='ocr_line' id='line_1_43' title="bbox 258 4061 2266 4148; baseline -0 -20"><span class='ocrx_word' id='word_1_608' title='bbox 258 4065 398 4128; x_wconf 84' lang='lat' dir='ltr'>honeste</span> <span class='ocrx_word' id='word_1_609' title='bbox 421 4073 454 4128; x_wconf 90' lang='lat' dir='ltr'>et</span> <span class='ocrx_word' id='word_1_610' title='bbox 475 4061 757 4146; x_wconf 89' lang='lat' dir='ltr'>irreprehensibili</span> <span class='ocrx_word' id='word_1_611' title='bbox 778 4065 862 4142; x_wconf 86' lang='lat' dir='ltr'>vita,</span> <span class='ocrx_word' id='word_1_612' title='bbox 891 4065 925 4129; x_wconf 91' lang='lat' dir='ltr'>in</span> <span class='ocrx_word' id='word_1_613' title='bbox 948 4085 1013 4148; x_wconf 90' lang='lat' dir='ltr'>qua</span> <span class='ocrx_word' id='word_1_614' title='bbox 1035 4065 1159 4130; x_wconf 90' lang='lat' dir='ltr'>nullam</span> <span class='ocrx_word' id='word_1_615' title='bbox 1186 4067 1238 4130; x_wconf 90' lang='lat' dir='ltr'>in·</span> <span class='ocrx_word' id='word_1_616' title='bbox 1289 4067 1380 4130; x_wconf 88' lang='lat' dir='ltr'>ferat</span> <span class='ocrx_word' id='word_1_617' title='bbox 1427 4065 1538 4146; x_wconf 84' lang='lat' dir='ltr'>Atque</span> <span class='ocrx_word' id='word_1_618' title='bbox 1560 4065 1641 4128; x_wconf 90' lang='lat' dir='ltr'>adeo</span> <span class='ocrx_word' id='word_1_619' title='bbox 1664 4073 1721 4128; x_wconf 91' lang='lat' dir='ltr'>tua</span> <span class='ocrx_word' id='word_1_620' title='bbox 1742 4065 1896 4144; x_wconf 88' lang='lat' dir='ltr'>interest,</span> <span class='ocrx_word' id='word_1_621' title='bbox 1927 4065 2063 4144; x_wconf 79' lang='lat' dir='ltr'>Caesar,</span> <span class='ocrx_word' id='word_1_622' title='bbox 2095 4085 2211 4130; x_wconf 85' lang='lat' dir='ltr'>verum</span> <span class='ocrx_word' id='word_1_623' title='bbox 2233 4063 2266 4127; x_wconf 91' lang='lat' dir='ltr'>in</span> 
     </span>
     <span class='ocr_line' id='line_1_44' title="bbox 262 4148 2267 4236; baseline -0.001 -20"><span class='ocrx_word' id='word_1_624' title='bbox 262 4149 397 4236; x_wconf 77' lang='lat' dir='ltr'>veniant</span> <span class='ocrx_word' id='word_1_625' title='bbox 418 4148 459 4212; x_wconf 91' lang='lat' dir='ltr'>de</span> <span class='ocrx_word' id='word_1_626' title='bbox 480 4150 573 4214; x_wconf 88' lang='lat' dir='ltr'>nobis</span> <span class='ocrx_word' id='word_1_627' title='bbox 595 4148 809 4214; x_wconf 89' lang='lat' dir='ltr'>maledicendi</span> <span class='ocrx_word' id='word_1_628' title='bbox 837 4151 1054 4229; x_wconf 89' lang='lat' dir='ltr'>occasionem,</span> <span class='ocrx_word' id='word_1_629' title='bbox 1084 4151 1139 4233; x_wconf 92' lang='lat' dir='ltr'>qui</span> <span class='ocrx_word' id='word_1_630' title='bbox 1166 4172 1238 4217; x_wconf 89' lang='lat' dir='ltr'>eam</span> <span class='ocrx_word' id='word_1_631' title='bbox 1291 4150 1411 4216; x_wconf 88' lang='lat' dir='ltr'>tahbus</span> <span class='ocrx_word' id='word_1_632' title='bbox 1432 4151 1539 4216; x_wconf 91' lang='lat' dir='ltr'>causis</span> <span class='ocrx_word' id='word_1_633' title='bbox 1561 4151 1619 4214; x_wconf 88' lang='lat' dir='ltr'>tibi</span> <span class='ocrx_word' id='word_1_634' title='bbox 1642 4151 1804 4232; x_wconf 88' lang='lat' dir='ltr'>patefieri,</span> <span class='ocrx_word' id='word_1_635' title='bbox 1829 4171 1871 4215; x_wconf 89' lang='lat' dir='ltr'>ne</span> <span class='ocrx_word' id='word_1_636' title='bbox 1893 4152 2010 4234; x_wconf 90' lang='lat' dir='ltr'>quibus</span> <span class='ocrx_word' id='word_1_637' title='bbox 2032 4157 2124 4235; x_wconf 88' lang='lat' dir='ltr'>patet</span> <span class='ocrx_word' id='word_1_638' title='bbox 2146 4151 2187 4216; x_wconf 91' lang='lat' dir='ltr'>ad</span> <span class='ocrx_word' id='word_1_639' title='bbox 2209 4169 2267 4215; x_wconf 90' lang='lat' dir='ltr'>au-</span> 
     </span>
    </p>
   </div>
   <div class='ocr_carea' id='block_1_3' title="bbox 262 4234 2381 4328">
    <p class='ocr_par' dir='ltr' id='par_1_3' title="bbox 262 4234 2381 4328">
     <span class='ocr_line' id='line_1_45' title="bbox 262 4234 2381 4328; baseline 0 -28"><span class='ocrx_word' id='word_1_640' title='bbox 262 4243 439 4318; x_wconf 89' lang='lat' dir='ltr'>quaerunt:</span> <span class='ocrx_word' id='word_1_641' title='bbox 469 4244 579 4300; x_wconf 88' lang='lat' dir='ltr'>tamen</span> <span class='ocrx_word' id='word_1_642' title='bbox 608 4255 708 4316; x_wconf 91' lang='lat' dir='ltr'>quum</span> <span class='ocrx_word' id='word_1_643' title='bbox 735 4235 768 4299; x_wconf 91' lang='lat' dir='ltr'>id</span> <span class='ocrx_word' id='word_1_644' title='bbox 791 4245 957 4318; x_wconf 89' lang='lat' dir='ltr'>praestare</span> <span class='ocrx_word' id='word_1_645' title='bbox 979 4235 1181 4316; x_wconf 91' lang='lat' dir='ltr'>studuimus,</span> <span class='ocrx_word' id='word_1_646' title='bbox 1211 4242 1239 4304; x_wconf 91' lang='lat' dir='ltr'>si</span> <span class='ocrx_word' id='word_1_647' title='bbox 1291 4259 1344 4302; x_wconf 89' lang='lat' dir='ltr'>res</span> <span class='ocrx_word' id='word_1_648' title='bbox 1365 4245 1439 4301; x_wconf 86' lang='lat' dir='ltr'>tuas</span> <span class='ocrx_word' id='word_1_649' title='bbox 1461 4234 1568 4300; x_wconf 91' lang='lat' dir='ltr'>aditus</span> <span class='ocrx_word' id='word_1_650' title='bbox 1595 4236 1816 4302; x_wconf 87' lang='lat' dir='ltr'>familiaritate</span> <span class='ocrx_word' id='word_1_651' title='bbox 1838 4249 1895 4302; x_wconf 91' lang='lat' dir='ltr'>tua</span> <span class='ocrx_word' id='word_1_652' title='bbox 1922 4237 2071 4320; x_wconf 89' lang='lat' dir='ltr'>impune,</span> <span class='ocrx_word' id='word_1_653' title='bbox 2099 4237 2178 4302; x_wconf 90' lang='lat' dir='ltr'>dum</span> <span class='ocrx_word' id='word_1_654' title='bbox 2200 4257 2267 4302; x_wconf 90' lang='lat' dir='ltr'>om·</span> <span class='ocrx_word' id='word_1_655' title='bbox 2380 4271 2381 4328; x_wconf 66' lang='lat' dir='ltr'>j</span> 
     </span>
    </p>
   </div>
   <div class='ocr_carea' id='block_1_4' title="bbox 263 4319 2267 4664">
    <p class='ocr_par' dir='ltr' id='par_1_4' title="bbox 263 4319 1695 4406">
     <span class='ocr_line' id='line_1_46' title="bbox 263 4319 1695 4406; baseline 0.001 -21"><span class='ocrx_word' id='word_1_656' title='bbox 263 4341 302 4386; x_wconf 89' lang='lat' dir='ltr'>ea</span> <span class='ocrx_word' id='word_1_657' title='bbox 332 4320 547 4385; x_wconf 90' lang='lat' dir='ltr'>nihilominus</span> <span class='ocrx_word' id='word_1_658' title='bbox 580 4320 623 4384; x_wconf 89' lang='lat' dir='ltr'>sit</span> <span class='ocrx_word' id='word_1_659' title='bbox 655 4319 916 4387; x_wconf 86' lang='lat' dir='ltr'>adversariorum</span> <span class='ocrx_word' id='word_1_660' title='bbox 950 4323 1169 4406; x_wconf 88' lang='lat' dir='ltr'>impudentia,</span> <span class='ocrx_word' id='word_1_661' title='bbox 1202 4337 1240 4389; x_wconf 91' lang='lat' dir='ltr'>ut</span> <span class='ocrx_word' id='word_1_662' title='bbox 1291 4345 1349 4388; x_wconf 90' lang='lat' dir='ltr'>nes</span> <span class='ocrx_word' id='word_1_663' title='bbox 1372 4329 1490 4399; x_wconf 87' lang='lat' dir='ltr'>tacent,</span> <span class='ocrx_word' id='word_1_664' title='bbox 1510 4322 1695 4387; x_wconf 86' lang='lat' dir='ltr'>abutantur.</span> 
     </span>
    </p>

    <p class='ocr_par' dir='ltr' id='par_1_5' title="bbox 264 4405 2267 4664">
     <span class='ocr_line' id='line_1_47' title="bbox 264 4405 2266 4492; baseline 0 -21"><span class='ocrx_word' id='word_1_665' title='bbox 264 4427 331 4472; x_wconf 90' lang='lat' dir='ltr'>non</span> <span class='ocrx_word' id='word_1_666' title='bbox 349 4405 542 4471; x_wconf 89' lang='lat' dir='ltr'>erubescant</span> <span class='ocrx_word' id='word_1_667' title='bbox 559 4405 649 4470; x_wconf 85' lang='lat' dir='ltr'>falsis</span> <span class='ocrx_word' id='word_1_668' title='bbox 667 4407 839 4473; x_wconf 88' lang='lat' dir='ltr'>calumniis</span> <span class='ocrx_word' id='word_1_669' title='bbox 856 4429 916 4474; x_wconf 90' lang='lat' dir='ltr'>nos</span> <span class='ocrx_word' id='word_1_670' title='bbox 934 4410 1099 4490; x_wconf 86' lang='lat' dir='ltr'>impetere,</span> <span class='ocrx_word' id='word_1_671' title='bbox 1123 4430 1240 4492; x_wconf 91' lang='lat' dir='ltr'>operae</span> <span class='ocrx_word' id='word_1_672' title='bbox 1378 4408 1553 4474; x_wconf 79' lang='lat' dir='ltr'>(laetarum</span> <span class='ocrx_word' id='word_1_673' title='bbox 1582 4417 1621 4473; x_wconf 90' lang='lat' dir='ltr'>ut</span> <span class='ocrx_word' id='word_1_674' title='bbox 1637 4409 1677 4472; x_wconf 93' lang='lat' dir='ltr'>ad</span> <span class='ocrx_word' id='word_1_675' title='bbox 1698 4410 1802 4492; x_wconf 87' lang='lat' dir='ltr'>ipsam</span> <span class='ocrx_word' id='word_1_676' title='bbox 1821 4428 1950 4474; x_wconf 90' lang='lat' dir='ltr'>causam</span> <span class='ocrx_word' id='word_1_677' title='bbox 1969 4407 2152 4492; x_wconf 83' lang='lat' dir='ltr'>aggrediar,</span> <span class='ocrx_word' id='word_1_678' title='bbox 2171 4427 2266 4492; x_wconf 87' lang='lat' dir='ltr'>quam</span> 
     </span>
     <span class='ocr_line' id='line_1_48' title="bbox 264 4491 2266 4578; baseline 0 -20"><span class='ocrx_word' id='word_1_679' title='bbox 264 4493 407 4578; x_wconf 91' lang='lat' dir='ltr'>pretium</span> <span class='ocrx_word' id='word_1_680' title='bbox 429 4501 480 4556; x_wconf 89' lang='lat' dir='ltr'>est</span> <span class='ocrx_word' id='word_1_681' title='bbox 507 4491 687 4570; x_wconf 88' lang='lat' dir='ltr'>interdum,</span> <span class='ocrx_word' id='word_1_682' title='bbox 717 4493 874 4559; x_wconf 90' lang='lat' dir='ltr'>eiusmodi</span> <span class='ocrx_word' id='word_1_683' title='bbox 896 4494 1063 4560; x_wconf 90' lang='lat' dir='ltr'>libidinem</span> <span class='ocrx_word' id='word_1_684' title='bbox 1085 4495 1239 4576; x_wconf 89' lang='lat' dir='ltr'>cohiberi,</span> <span class='ocrx_word' id='word_1_685' title='bbox 1292 4515 1401 4562; x_wconf 85' lang='lat' dir='ltr'>coram</span> <span class='ocrx_word' id='word_1_686' title='bbox 1424 4505 1457 4559; x_wconf 90' lang='lat' dir='ltr'>te</span> <span class='ocrx_word' id='word_1_687' title='bbox 1479 4513 1586 4578; x_wconf 89' lang='lat' dir='ltr'>agere,</span> <span class='ocrx_word' id='word_1_688' title='bbox 1610 4493 1742 4568; x_wconf 83' lang='lat' dir='ltr'>Caesar,</span> <span class='ocrx_word' id='word_1_689' title='bbox 1764 4495 1910 4574; x_wconf 90' lang='lat' dir='ltr'>instituo,</span> <span class='ocrx_word' id='word_1_690' title='bbox 1938 4494 2119 4560; x_wconf 81' lang='lat' dir='ltr'>adversarii</span> <span class='ocrx_word' id='word_1_691' title='bbox 2141 4515 2195 4558; x_wconf 91' lang='lat' dir='ltr'>me</span> <span class='ocrx_word' id='word_1_692' title='bbox 2217 4511 2266 4558; x_wconf 86' lang='lat' dir='ltr'>ac·</span> 
     </span>
     <span class='ocr_line' id='line_1_49' title="bbox 265 4578 2267 4664; baseline -0.001 -20"><span class='ocrx_word' id='word_1_693' title='bbox 265 4601 308 4644; x_wconf 90' lang='lat' dir='ltr'>ne</span> <span class='ocrx_word' id='word_1_694' title='bbox 330 4579 459 4661; x_wconf 79' lang='lat' dir='ltr'>alioqui,</span> <span class='ocrx_word' id='word_1_695' title='bbox 482 4586 615 4660; x_wconf 92' lang='lat' dir='ltr'>propter</span> <span class='ocrx_word' id='word_1_696' title='bbox 636 4597 705 4654; x_wconf 89' lang='lat' dir='ltr'>nos,</span> <span class='ocrx_word' id='word_1_697' title='bbox 726 4579 813 4642; x_wconf 91' lang='lat' dir='ltr'>male</span> <span class='ocrx_word' id='word_1_698' title='bbox 835 4601 954 4645; x_wconf 90' lang='lat' dir='ltr'>nomen</span> <span class='ocrx_word' id='word_1_699' title='bbox 966 4580 1100 4646; x_wconf 90' lang='lat' dir='ltr'>Domini</span> <span class='ocrx_word' id='word_1_700' title='bbox 1119 4581 1239 4648; x_wconf 89' lang='lat' dir='ltr'>audiat</span> <span class='ocrx_word' id='word_1_701' title='bbox 1293 4591 1409 4648; x_wconf 88' lang='lat' dir='ltr'>cusant</span> <span class='ocrx_word' id='word_1_702' title='bbox 1431 4580 1614 4645; x_wconf 90' lang='lat' dir='ltr'>haereseos:</span> <span class='ocrx_word' id='word_1_703' title='bbox 1649 4601 1732 4663; x_wconf 86' lang='lat' dir='ltr'>quae</span> <span class='ocrx_word' id='word_1_704' title='bbox 1755 4581 1904 4664; x_wconf 88' lang='lat' dir='ltr'>religioni</span> <span class='ocrx_word' id='word_1_705' title='bbox 1931 4580 2130 4646; x_wconf 80' lang='lat' dir='ltr'>christianae</span> <span class='ocrx_word' id='word_1_706' title='bbox 2153 4578 2267 4646; x_wconf 84' lang='lat' dir='ltr'>adver·</span> 
     </span>
    </p>
   </div>
   <div class='ocr_carea' id='block_1_5' title="bbox 266 4661 2381 4751">
    <p class='ocr_par' dir='ltr' id='par_1_6' title="bbox 266 4661 2381 4751">
     <span class='ocr_line' id='line_1_50' title="bbox 266 4661 2381 4751; baseline -0 -21"><span class='ocrx_word' id='word_1_707' title='bbox 266 4666 341 4730; x_wconf 89' lang='lat' dir='ltr'>Non</span> <span class='ocrx_word' id='word_1_708' title='bbox 371 4685 451 4730; x_wconf 88' lang='lat' dir='ltr'>sane</span> <span class='ocrx_word' id='word_1_709' title='bbox 478 4663 564 4746; x_wconf 91' lang='lat' dir='ltr'>qnod</span> <span class='ocrx_word' id='word_1_710' title='bbox 593 4663 734 4728; x_wconf 91' lang='lat' dir='ltr'>nominis</span> <span class='ocrx_word' id='word_1_711' title='bbox 761 4673 892 4730; x_wconf 90' lang='lat' dir='ltr'>tantum</span> <span class='ocrx_word' id='word_1_712' title='bbox 922 4669 1026 4732; x_wconf 89' lang='lat' dir='ltr'>nostri</span> <span class='ocrx_word' id='word_1_713' title='bbox 1053 4675 1086 4732; x_wconf 88' lang='lat' dir='ltr'>ct</span> <span class='ocrx_word' id='word_1_714' title='bbox 1107 4668 1242 4734; x_wconf 90' lang='lat' dir='ltr'>honoris</span> <span class='ocrx_word' id='word_1_715' title='bbox 1294 4675 1400 4745; x_wconf 85' lang='lat' dir='ltr'>setar,</span> <span class='ocrx_word' id='word_1_716' title='bbox 1445 4687 1545 4748; x_wconf 88' lang='lat' dir='ltr'>eoque</span> <span class='ocrx_word' id='word_1_717' title='bbox 1580 4667 1713 4731; x_wconf 90' lang='lat' dir='ltr'>nomine</span> <span class='ocrx_word' id='word_1_718' title='bbox 1748 4668 1882 4732; x_wconf 90' lang='lat' dir='ltr'>cessisse</span> <span class='ocrx_word' id='word_1_719' title='bbox 1914 4669 2022 4751; x_wconf 88' lang='lat' dir='ltr'>patria</span> <span class='ocrx_word' id='word_1_720' title='bbox 2055 4675 2098 4731; x_wconf 89' lang='lat' dir='ltr'>ut</span> <span class='ocrx_word' id='word_1_721' title='bbox 2129 4685 2267 4750; x_wconf 90' lang='lat' dir='ltr'>poenam</span> <span class='ocrx_word' id='word_1_722' title='bbox 2380 4661 2381 4744; x_wconf 66' lang='lat' dir='ltr'>l</span> 
     </span>
    </p>
   </div>
   <div class='ocr_carea' id='block_1_6' title="bbox 267 4747 2266 4837">
    <p class='ocr_par' dir='ltr' id='par_1_7' title="bbox 267 4747 2266 4837">
     <span class='ocr_line' id='line_1_51' title="bbox 267 4747 2266 4837; baseline -0.001 -20"><span class='ocrx_word' id='word_1_723' title='bbox 267 4750 433 4817; x_wconf 89' lang='lat' dir='ltr'>asserendi</span> <span class='ocrx_word' id='word_1_724' title='bbox 452 4758 559 4828; x_wconf 85' lang='lat' dir='ltr'>cansa,</span> <span class='ocrx_word' id='word_1_725' title='bbox 582 4747 621 4814; x_wconf 92' lang='lat' dir='ltr'>de</span> <span class='ocrx_word' id='word_1_726' title='bbox 638 4748 928 4818; x_wconf 88' lang='lat' dir='ltr'>calumniatoribus</span> <span class='ocrx_word' id='word_1_727' title='bbox 946 4752 1161 4837; x_wconf 82' lang='lat' dir='ltr'>reprimendis</span> <span class='ocrx_word' id='word_1_728' title='bbox 1178 4755 1242 4820; x_wconf 89' lang='lat' dir='ltr'>sol·</span> <span class='ocrx_word' id='word_1_729' title='bbox 1295 4773 1393 4836; x_wconf 87' lang='lat' dir='ltr'>quam</span> <span class='ocrx_word' id='word_1_730' title='bbox 1415 4753 1550 4817; x_wconf 88' lang='lat' dir='ltr'>meritus</span> <span class='ocrx_word' id='word_1_731' title='bbox 1573 4773 1693 4832; x_wconf 90' lang='lat' dir='ltr'>essem,</span> <span class='ocrx_word' id='word_1_732' title='bbox 1724 4752 1912 4836; x_wconf 81' lang='lat' dir='ltr'>effugerem.</span> <span class='ocrx_word' id='word_1_733' title='bbox 1962 4750 2029 4818; x_wconf 82' lang='lat' dir='ltr'>Sed</span> <span class='ocrx_word' id='word_1_734' title='bbox 2057 4753 2266 4835; x_wconf 88' lang='lat' dir='ltr'>priusquam</span> 
     </span>
    </p>
   </div>
   <div class='ocr_carea' id='block_1_7' title="bbox 266 4835 2381 4922">
    <p class='ocr_par' dir='ltr' id='par_1_8' title="bbox 266 4835 2381 4922">
     <span class='ocr_line' id='line_1_52' title="bbox 266 4835 2381 4922; baseline 0 -20"><span class='ocrx_word' id='word_1_735' title='bbox 266 4837 347 4902; x_wconf 89' lang='lat' dir='ltr'>liciti</span> <span class='ocrx_word' id='word_1_736' title='bbox 369 4857 441 4902; x_wconf 91' lang='lat' dir='ltr'>esse</span> <span class='ocrx_word' id='word_1_737' title='bbox 463 4835 653 4900; x_wconf 90' lang='lat' dir='ltr'>debeamus:</span> <span class='ocrx_word' id='word_1_738' title='bbox 686 4835 743 4900; x_wconf 91' lang='lat' dir='ltr'>sed</span> <span class='ocrx_word' id='word_1_739' title='bbox 768 4837 826 4901; x_wconf 90' lang='lat' dir='ltr'>ubi</span> <span class='ocrx_word' id='word_1_740' title='bbox 852 4859 935 4922; x_wconf 91' lang='lat' dir='ltr'>quae</span> <span class='ocrx_word' id='word_1_741' title='bbox 964 4839 1058 4906; x_wconf 91' lang='lat' dir='ltr'>nobis</span> <span class='ocrx_word' id='word_1_742' title='bbox 1085 4840 1244 4906; x_wconf 88' lang='lat' dir='ltr'>obiiciunt</span> <span class='ocrx_word' id='word_1_743' title='bbox 1295 4839 1336 4905; x_wconf 90' lang='lat' dir='ltr'>ad</span> <span class='ocrx_word' id='word_1_744' title='bbox 1356 4837 1567 4922; x_wconf 86' lang='lat' dir='ltr'>praecipuum</span> <span class='ocrx_word' id='word_1_745' title='bbox 1595 4859 1712 4905; x_wconf 88' lang='lat' dir='ltr'>causae</span> <span class='ocrx_word' id='word_1_746' title='bbox 1739 4846 1862 4903; x_wconf 88' lang='lat' dir='ltr'>statum</span> <span class='ocrx_word' id='word_1_747' title='bbox 1890 4837 2102 4918; x_wconf 85' lang='lat' dir='ltr'>descendam,</span> <span class='ocrx_word' id='word_1_748' title='bbox 2135 4859 2268 4921; x_wconf 89' lang='lat' dir='ltr'>respon·</span> <span class='ocrx_word' id='word_1_749' title='bbox 2380 4865 2381 4880; x_wconf 39' lang='grc' dir='ltr'>ι</span> 
     </span>
    </p>
   </div>
   <div class='ocr_carea' id='block_1_8' title="bbox 268 4922 2269 5352">
    <p class='ocr_par' dir='ltr' id='par_1_9' title="bbox 268 4922 2269 5352">
     <span class='ocr_line' id='line_1_53' title="bbox 268 4922 2267 5008; baseline -0.001 -20"><span class='ocrx_word' id='word_1_750' title='bbox 268 4923 414 4999; x_wconf 84' lang='lat' dir='ltr'>crimina,</span> <span class='ocrx_word' id='word_1_751' title='bbox 438 4922 501 4987; x_wconf 91' lang='lat' dir='ltr'>Dei</span> <span class='ocrx_word' id='word_1_752' title='bbox 524 4941 642 4985; x_wconf 90' lang='lat' dir='ltr'>nomen</span> <span class='ocrx_word' id='word_1_753' title='bbox 664 4923 843 5006; x_wconf 87' lang='lat' dir='ltr'>attingunt,</span> <span class='ocrx_word' id='word_1_754' title='bbox 868 4931 901 4988; x_wconf 90' lang='lat' dir='ltr'>et</span> <span class='ocrx_word' id='word_1_755' title='bbox 921 4927 955 4988; x_wconf 91' lang='lat' dir='ltr'>in</span> <span class='ocrx_word' id='word_1_756' title='bbox 977 4947 1052 4990; x_wconf 89' lang='lat' dir='ltr'>eum</span> <span class='ocrx_word' id='word_1_757' title='bbox 1072 4926 1174 4991; x_wconf 85' lang='lat' dir='ltr'>veluti</span> <span class='ocrx_word' id='word_1_758' title='bbox 1191 4947 1243 4991; x_wconf 91' lang='lat' dir='ltr'>re-</span> <span class='ocrx_word' id='word_1_759' title='bbox 1296 4923 1438 4990; x_wconf 90' lang='lat' dir='ltr'>dendnm</span> <span class='ocrx_word' id='word_1_760' title='bbox 1461 4925 1543 4989; x_wconf 92' lang='lat' dir='ltr'>mihi</span> <span class='ocrx_word' id='word_1_761' title='bbox 1565 4935 1616 4990; x_wconf 85' lang='lat' dir='ltr'>est</span> <span class='ocrx_word' id='word_1_762' title='bbox 1642 4923 1835 5008; x_wconf 90' lang='lat' dir='ltr'>quibusdam</span> <span class='ocrx_word' id='word_1_763' title='bbox 1868 4925 2041 4991; x_wconf 88' lang='lat' dir='ltr'>calumniis</span> <span class='ocrx_word' id='word_1_764' title='bbox 2066 4947 2148 5008; x_wconf 92' lang='lat' dir='ltr'>quas</span> <span class='ocrx_word' id='word_1_765' title='bbox 2168 4924 2267 4989; x_wconf 90' lang='lat' dir='ltr'>iidem</span> 
     </span>
     <span class='ocr_line' id='line_1_54' title="bbox 268 5005 2267 5092; baseline 0.002 -20"><span class='ocrx_word' id='word_1_766' title='bbox 268 5005 432 5086; x_wconf 90' lang='lat' dir='ltr'>dundant,</span> <span class='ocrx_word' id='word_1_767' title='bbox 462 5027 529 5071; x_wconf 90' lang='lat' dir='ltr'>non</span> <span class='ocrx_word' id='word_1_768' title='bbox 556 5007 651 5072; x_wconf 93' lang='lat' dir='ltr'>modo</span> <span class='ocrx_word' id='word_1_769' title='bbox 672 5029 739 5072; x_wconf 90' lang='lat' dir='ltr'>non</span> <span class='ocrx_word' id='word_1_770' title='bbox 761 5019 868 5090; x_wconf 79' lang='lat' dir='ltr'>tacere</span> <span class='ocrx_word' id='word_1_771' title='bbox 890 5009 1061 5091; x_wconf 89' lang='lat' dir='ltr'>debemus,</span> <span class='ocrx_word' id='word_1_772' title='bbox 1089 5011 1146 5078; x_wconf 92' lang='lat' dir='ltr'>sed</span> <span class='ocrx_word' id='word_1_773' title='bbox 1166 5034 1243 5078; x_wconf 91' lang='lat' dir='ltr'>con·</span> <span class='ocrx_word' id='word_1_774' title='bbox 1295 5011 1360 5089; x_wconf 92' lang='lat' dir='ltr'>illi,</span> <span class='ocrx_word' id='word_1_775' title='bbox 1387 5019 1426 5075; x_wconf 91' lang='lat' dir='ltr'>ut</span> <span class='ocrx_word' id='word_1_776' title='bbox 1452 5009 1536 5074; x_wconf 88' lang='lat' dir='ltr'>mihi</span> <span class='ocrx_word' id='word_1_777' title='bbox 1563 5009 1721 5076; x_wconf 82' lang='lat' dir='ltr'>invidiam</span> <span class='ocrx_word' id='word_1_778' title='bbox 1749 5010 1920 5076; x_wconf 88' lang='lat' dir='ltr'>etodium</span> <span class='ocrx_word' id='word_1_779' title='bbox 1948 5012 2140 5089; x_wconf 88' lang='lat' dir='ltr'>conflarent,</span> <span class='ocrx_word' id='word_1_780' title='bbox 2168 5010 2267 5092; x_wconf 77' lang='lat' dir='ltr'>vulgo</span> 
     </span>
     <span class='ocr_line' id='line_1_55' title="bbox 268 5091 2269 5180; baseline -0 -20"><span class='ocrx_word' id='word_1_781' title='bbox 268 5101 395 5160; x_wconf 89' lang='lat' dir='ltr'>stanter</span> <span class='ocrx_word' id='word_1_782' title='bbox 415 5092 602 5159; x_wconf 87' lang='lat' dir='ltr'>reclamare.</span> <span class='ocrx_word' id='word_1_783' title='bbox 646 5091 732 5158; x_wconf 87' lang='lat' dir='ltr'>Nam</span> <span class='ocrx_word' id='word_1_784' title='bbox 755 5104 789 5158; x_wconf 93' lang='lat' dir='ltr'>et</span> <span class='ocrx_word' id='word_1_785' title='bbox 810 5095 928 5178; x_wconf 89' lang='lat' dir='ltr'>alioqui</span> <span class='ocrx_word' id='word_1_786' title='bbox 950 5117 992 5162; x_wconf 90' lang='lat' dir='ltr'>ex</span> <span class='ocrx_word' id='word_1_787' title='bbox 1013 5105 1127 5163; x_wconf 84' lang='lat' dir='ltr'>nostra</span> <span class='ocrx_word' id='word_1_788' title='bbox 1148 5097 1244 5164; x_wconf 87' lang='lat' dir='ltr'>dissi·</span> <span class='ocrx_word' id='word_1_789' title='bbox 1296 5117 1455 5180; x_wconf 89' lang='lat' dir='ltr'>sparsere.</span> <span class='ocrx_word' id='word_1_790' title='bbox 1499 5096 1574 5161; x_wconf 91' lang='lat' dir='ltr'>Non</span> <span class='ocrx_word' id='word_1_791' title='bbox 1597 5104 1666 5164; x_wconf 90' lang='lat' dir='ltr'>tam</span> <span class='ocrx_word' id='word_1_792' title='bbox 1687 5097 1824 5162; x_wconf 84' lang='lat' dir='ltr'>fortasse</span> <span class='ocrx_word' id='word_1_793' title='bbox 1847 5096 1933 5180; x_wconf 87' lang='lat' dir='ltr'>apud</span> <span class='ocrx_word' id='word_1_794' title='bbox 1953 5105 1995 5176; x_wconf 89' lang='lat' dir='ltr'>te,</span> <span class='ocrx_word' id='word_1_795' title='bbox 2018 5097 2149 5174; x_wconf 81' lang='lat' dir='ltr'>Caesar,</span> <span class='ocrx_word' id='word_1_796' title='bbox 2171 5115 2269 5180; x_wconf 91' lang='lat' dir='ltr'>quem</span> 
     </span>
     <span class='ocr_line' id='line_1_56' title="bbox 268 5179 2268 5268; baseline 0.001 -24"><span class='ocrx_word' id='word_1_797' title='bbox 268 5179 448 5244; x_wconf 89' lang='lat' dir='ltr'>mulations</span> <span class='ocrx_word' id='word_1_798' title='bbox 478 5179 566 5243; x_wconf 90' lang='lat' dir='ltr'>aliud</span> <span class='ocrx_word' id='word_1_799' title='bbox 598 5179 721 5244; x_wconf 90' lang='lat' dir='ltr'>malum</span> <span class='ocrx_word' id='word_1_800' title='bbox 753 5191 953 5264; x_wconf 88' lang='lat' dir='ltr'>sequeretur.</span> <span class='ocrx_word' id='word_1_801' title='bbox 1014 5184 1116 5248; x_wconf 84' lang='lat' dir='ltr'>Multi</span> <span class='ocrx_word' id='word_1_802' title='bbox 1155 5184 1244 5249; x_wconf 89' lang='lat' dir='ltr'>enim</span> <span class='ocrx_word' id='word_1_803' title='bbox 1288 5183 1427 5266; x_wconf 88' lang='lat' dir='ltr'>quidem</span> <span class='ocrx_word' id='word_1_804' title='bbox 1452 5182 1501 5248; x_wconf 85' lang='lat' dir='ltr'>ita</span> <span class='ocrx_word' id='word_1_805' title='bbox 1526 5181 1641 5248; x_wconf 85' lang='lat' dir='ltr'>fallere</span> <span class='ocrx_word' id='word_1_806' title='bbox 1670 5202 1737 5248; x_wconf 91' lang='lat' dir='ltr'>non</span> <span class='ocrx_word' id='word_1_807' title='bbox 1763 5195 1917 5266; x_wconf 88' lang='lat' dir='ltr'>possunt,</span> <span class='ocrx_word' id='word_1_808' title='bbox 1948 5203 2047 5266; x_wconf 90' lang='lat' dir='ltr'>quam</span> <span class='ocrx_word' id='word_1_809' title='bbox 2074 5180 2158 5268; x_wconf 90' lang='lat' dir='ltr'>apud</span> <span class='ocrx_word' id='word_1_810' title='bbox 2189 5181 2268 5247; x_wconf 85' lang='lat' dir='ltr'>ahos</span> 
     </span>
     <span class='ocr_line' id='line_1_57' title="bbox 269 5263 2269 5352; baseline 0 -21"><span class='ocrx_word' id='word_1_811' title='bbox 269 5263 347 5331; x_wconf 90' lang='lat' dir='ltr'>boni</span> <span class='ocrx_word' id='word_1_812' title='bbox 369 5265 441 5344; x_wconf 85' lang='lat' dir='ltr'>viri,</span> <span class='ocrx_word' id='word_1_813' title='bbox 463 5264 526 5330; x_wconf 89' lang='lat' dir='ltr'>hac</span> <span class='ocrx_word' id='word_1_814' title='bbox 547 5266 715 5331; x_wconf 87' lang='lat' dir='ltr'>occasione</span> <span class='ocrx_word' id='word_1_815' title='bbox 737 5265 867 5347; x_wconf 88' lang='lat' dir='ltr'>turbati,</span> <span class='ocrx_word' id='word_1_816' title='bbox 897 5275 1025 5335; x_wconf 86' lang='lat' dir='ltr'>arceto</span> <span class='ocrx_word' id='word_1_817' title='bbox 1046 5269 1165 5335; x_wconf 86' lang='lat' dir='ltr'>itinere</span> <span class='ocrx_word' id='word_1_818' title='bbox 1187 5271 1243 5337; x_wconf 91' lang='lat' dir='ltr'>ab·</span> <span class='ocrx_word' id='word_1_819' title='bbox 1294 5270 1396 5336; x_wconf 90' lang='lat' dir='ltr'>bonos</span> <span class='ocrx_word' id='word_1_820' title='bbox 1417 5268 1516 5347; x_wconf 82' lang='lat' dir='ltr'>viros,</span> <span class='ocrx_word' id='word_1_821' title='bbox 1539 5269 1595 5352; x_wconf 91' lang='lat' dir='ltr'>qui</span> <span class='ocrx_word' id='word_1_822' title='bbox 1616 5289 1723 5352; x_wconf 90' lang='lat' dir='ltr'>neque</span> <span class='ocrx_word' id='word_1_823' title='bbox 1744 5289 1796 5334; x_wconf 93' lang='lat' dir='ltr'>me</span> <span class='ocrx_word' id='word_1_824' title='bbox 1818 5277 1956 5348; x_wconf 91' lang='lat' dir='ltr'>norunt,</span> <span class='ocrx_word' id='word_1_825' title='bbox 1982 5289 2088 5352; x_wconf 89' lang='lat' dir='ltr'>neque</span> <span class='ocrx_word' id='word_1_826' title='bbox 2107 5269 2269 5335; x_wconf 87' lang='lat' dir='ltr'>rationem</span> 
     </span>
    </p>
   </div>
   <div class='ocr_carea' id='block_1_9' title="bbox 0 0 2409 6004">
    <p class='ocr_par' dir='ltr' id='par_1_10' title="bbox 0 0 2409 6004">
     <span class='ocr_line' id='line_1_58' title="bbox 0 0 2409 6004; baseline 0 0"><span class='ocrx_word' id='word_1_827' title='bbox 0 0 2409 6004; x_wconf 95' lang='lat' dir='ltr'> </span> 
     </span>
    </p>
   </div>
  </div>
 </body>
</html>
