4782 6010
273 324 317 388 bb
1069 313 1332 384 EPISTOLAE
1354 319 1481 383 31-32
2227 324 2261 387 tt

273 509 373 594 plura
393 509 542 576 soribam.
576 509 731 575 ¹demtum
751 507 813 574 hoo
830 503 959 586 addam,
981 525 1119 570 uxorem
1141 501 1252 570 valere
1304 509 1375 568 tum
1397 502 1471 568 aliis
1493 502 1681 587 quibusvis,
1709 504 1853 571 muxime
1880 505 1937 589 qui
1964 504 2002 570 in
2023 505 2196 572 Provineia
2215 515 2264 573 ant

274 615 314 662 ao
340 595 470 662 reeulas
496 593 642 660 nondum
675 599 813 660 eveotas.
864 590 950 656 Vale
977 591 1061 657 bene
1089 611 1128 656 ae
1149 609 1252 674 perge
1302 586 1509 673 Delphinatu
1540 597 1714 672 praesunt,
1754 611 1857 674 quum
1887 590 1954 658 illio
1986 591 2103 657 maiori
2138 593 2265 659 saevitia

273 681 389 764 tuique
410 680 570 746 rationem
592 679 686 758 habe,
708 700 751 744 ne
770 688 805 744 te
822 675 974 744 maoilem
991 676 1102 742 labere
1121 672 1250 742 reddas.
1302 695 1401 758 quam
1423 673 1502 740 alibi
1530 675 1601 758 pios
1622 683 1877 762 prqsequantur,
1906 683 1944 742 ut
1970 675 2132 744 abiuratio
2152 678 2265 744 oonles·

274 763 345 833 Sed
366 767 413 832 sie
434 786 495 851 age
516 772 554 832 ut
575 765 699 831 diutius
716 764 841 831 servire
858 782 896 829 ao
917 761 1119 828 eommodius
1135 760 1250 846 possis.
1302 760 1393 826 siove
1414 757 1491 826 lidei
1512 760 1605 826 nulla
1626 760 1691 828 alia
1711 761 1806 828 nobis
1827 769 2063 846 extorqueatur
2079 783 2176 846 quam
2193 784 2266 846 quae

275 849 431 919 Salutate
453 871 574 932 omnes.
619 851 777 920 Genevae
798 853 848 915 22.
871 847 999 932 Aprilis
1026 851 1116 913 1536.
1302 867 1395 912 saoro
1422 844 1489 912 Dei
1517 844 1617 912 verbo
1646 846 1740 914 nobis
1767 846 1889 913 tradita
1915 857 1978 928 est,
2007 869 2115 932 neque
2141 849 2267 934 posthae
2373 863 2374 892 ³

1302 929 1424 998 deiide
1441 931 1537 999 nobie
1554 932 1739 999 molestiam
1756 931 1935 1000 exhibeant
1950 933 2143 1010 oaroeribus,
2162 955 2268 1019 quaes-

1302 1016 1446 1084 tionibus
1468 1025 1502 1082 et
1522 1017 1669 1099 mulotis,
1697 1020 1936 1086 oonlessionem
1963 1041 2061 1104 quam
2088 1019 2182 1086 nobie
2209 1043 2268 1086 nou

1302 1101 1489 1168 extundant
1509 1103 1652 1170 alienum
1669 1124 1689 1170 a
1705 1104 1770 1172 fide
1791 1111 1914 1184 nostra,
1936 1106 2000 1172 nisi
2022 1115 2080 1170 aut
2100 1104 2268 1189 proborum

1301 1189 1451 1256 virorum
1471 1189 1667 1256 testimoniis
1694 1197 1751 1257 aut
1776 1190 1931 1276 ingenuis
1957 1191 2081 1258 nostris
2101 1192 2268 1258 confessio-

846 987 938 1052 Tuus
958 985 1121 1052 Farellns.
1136 985 1164 1071 ⁹)

1302 1272 1401 1340 nibus
1438 1295 1498 1341 nos
1537 1274 1762 1362 eonvinotosl)
1801 1284 1935 1342 teneant
1972 1277 2109 1343 alieuius
2148 1277 2267 1344 errans
2373 1331 2374 1350 ι

1301 1359 1457 1426 Errorem
1480 1368 1608 1441 autem,
1637 1362 1730 1428 euius
1757 1382 1818 1428 nos
1838 1361 2067 1446 postulabant,
2097 1371 2268 1448 signante

1301 1466 1384 1528 puro
1401 1447 1465 1512 Dei
1486 1447 1595 1526 verbo,
1617 1468 1677 1530 per
1698 1447 1900 1532 quodetiam
1921 1449 2015 1514 nobis
2031 1448 2129 1515 lioeat
2148 1457 2268 1516 nostras
2373 1467 2374 1470 ’

549 1551 698 1619 GALLI
720 1549 976 1619 GERMANIS,
1301 1539 1412 1615 partes
1434 1533 1528 1612 tueri,
1551 1531 1639 1617 quod
1661 1531 1821 1600 haetenus
1847 1555 1908 1618 per
1934 1533 2011 1600 illos
2032 1533 2127 1601 nobis
2149 1557 2213 1600 non
2233 1535 2268 1600 li-

1302 1617 1377 1683 ouit.
1421 1615 1519 1699 Quod
1547 1617 1576 1683 si
1604 1638 1671 1684 non
1704 1619 1831 1703 possint
1856 1640 1875 1685 e
1901 1640 1987 1704 pura
2011 1618 2078 1685 Dei
2105 1620 2268 1704 seriptum,

361 1723 433 1789 Res
455 1723 650 1790 mmm
678 1724 813 1790 pamm
835 1722 1048 1806 prmzyavp
1074 1741 1134 1804 quo
1154 1723 1251 1788 omns.
1302 1711 1340 1768 ut
1361 1723 1500 1786 aequum
1522 1711 1588 1782 est,
1617 1725 1660 1770 ne
1703 1704 1786 1770 tium
1816 1705 1912 1771 nobis
1938 1706 2099 1772 faeeseere
2127 1705 2270 1772 desinant
2373 1711 2374 1734 ³

274 1809 333 1875 bus
346 1808 452 1875 Gallis
469 1809 505 1876 ot
522 1809 701 1893 reuyiomm
712 1809 860 1894 owudss
877 1814 933 1874 aut
949 1809 1080 1890 captim
1102 1806 1250 1888 dmm„
1302 1786 1345 1853 ad
1365 1789 1512 1889 loturum
1538 1810 1639 1873 gener
1673 1811 1691 1856 e
1719 1790 1908 1891 eonsilium,
1937 1799 1997 1856 aut
2016 1812 2121 1892 poena
2145 1792 2269 1858 talionis

267 1895 476 1979 prohibitur,
504 1896 561 1962 sed
580 1895 807 1962 conditionibus
828 1895 904 1962 adeo
925 1895 1019 1960 duris
1038 1895 1196 1976 impostis
1215 1899 1252 1960 ut
1301 1881 1490 1957 Pfflssssiuf·
1533 1874 2271 1977 N⁰q1¹⁰⁰¹1l¹13“uihuthprqmussumustut
2373 1899 2374 1904 ’

275 1981 314 2046 de
334 1981 448 2047 iisdem
476 1979 628 2048 leniendis
655 1981 793 2064 fratrum
821 1986 849 2047 ει
872 1980 1059 2064 primm
1082 1979 1252 2046 Germano.
1301 1957 1484 2026 Valdenses
1519 1968 1577 2026 aut
1607 1959 1778 2041 haeretios,
1812 1960 1870 2027 sed
1903 1961 2074 2028 ehrrstuum
2106 1963 2268 2029 duntaxat

272 2087 347 2132 mm
368 2065 541 2150 officiosam
562 2067 808 2133 intercessionem
828 2067 986 2148 requirere
1007 2072 1164 2151 mmm,
1300 2045 1378 2110 Non
1394 2047 1465 2130 regi
1484 2067 1589 2129 neque
1611 2047 1829 2149 potestatibus
1852 2047 1992 2114 rebelles
2010 2069 2135 2150 sumus,
2159 2057 2198 2115 ut
2216 2071 2269 2116 uos

1300 2130 1382 2197 falso
1404 2139 1559 2198 aeuusant
1579 2131 1797 2218 adversam)
1819 2154 1881 2217 quo
1900 2133 1985 2200 male
2002 2134 2176 2201 audiamus
2192 2134 2270 2218 apud

271 2237 398 2305 (seue.
417 2238 506 2292 runs.
529 2267 559 2278 -
576 2235 1251 2307 Regietrntur.Truekl,Band0114.-sinler
1300 2238 1423 2302 regem,
1446 2216 1504 2284 sed
1522 2217 1818 2302 obsequentissimi,
1842 2219 1944 2303 siqui
1967 2219 2032 2298 ulii,
2056 2227 2089 2286 et
2100 2219 2214 2288 fideles
2234 2217 2270 2286 od

700 2307 753 2360 vol.
771 2304 827 2374 41.)
1301 2303 1412 2368 omnia
1433 2325 1515 2388 quae
1536 2303 1609 2370 iure
1631 2303 1801 2370 debentur.
1845 2305 1996 2388 Denique
2018 2313 2190 2386 testamur,
2217 2327 2271 2372 nos

1300 2387 1335 2453 in
1353 2387 1483 2454 nullum
1501 2390 1695 2472 ouiusquam
1716 2389 1858 2458 hominis
1875 2391 2043 2476 singulare
2061 2389 2184 2476 dogma
2200 2413 2268 2458 eon·
2373 2377 2374 2464 s

360 2477 439 2556 Vos,
463 2476 663 2544 Germaniae
684 2478 811 2557 fratres,
834 2477 951 2562 quibus
973 2499 1057 2562 pura
1077 2477 1195 2563 religio
1216 2483 1250 2544 et
1301 2474 1450 2557 spirasse.
1493 2472 1665 2558 Siquidem
1687 2474 1800 2542 deoem
1827 2476 1910 2562 legis
1937 2484 2112 2562 praesepta
2134 2477 2270 2562 amplae·
2373 2485 2374 2492 ’

273 2562 379 2647 pietas
399 2563 489 2630 eordi
512 2571 571 2642 est,
593 2563 651 2647 qui
672 2571 833 2647 quantum
854 2565 891 2628 in
912 2563 1004 2630 vobis
1024 2570 1074 2630 est
1095 2563 1250 2630 laboratis
1300 2559 1418 2639 timur,
1447 2559 1620 2627 duodeeim
1640 2560 1718 2627 lidei
1738 2567 1870 2628 nostrae
1895 2564 2004 2646 oepita
2024 2584 2109 2646 quae
2130 2563 2270 2650 symbolo
2373 2633 2374 2638 ἵ

271 2655 309 2713 ut
338 2647 476 2716 verbum
502 2648 637 2714 Domini
669 2670 729 2732 per
763 2649 954 2716 universum
989 2651 1102 2716 orbem
1129 2657 1248 2728 eurrat,
1299 2646 1502 2730 praeseripta
1522 2653 1609 2722 sunt,
1632 2655 1666 2712 et
1683 2648 1825 2727 omniuo,
1847 2657 1919 2713 tum
1935 2649 1971 2713 in
1993 2669 2124 2734 genere,
2149 2657 2220 2715 tum
2239 2650 2270 2713 iu

272 2733 339 2800 ium
360 2735 482 2801 vestris
526 2733 676 2800 raesidiis
697 2743 731 2800 et
752 2735 935 2815 autoritate,
957 2757 1023 2821 qua
1044 2755 1110 2801 non
1132 2755 1250 2820 parum
1299 2732 1422 2814 speeie,
1451 2730 1609 2816 quidquid
1631 2731 1799 2800 doetrinae
1820 2741 1959 2818 utroque
1980 2740 2181 2801 testamento
2201 2755 2269 2801 eon·
2373 2799 2374 2810 ,

272 2819 404 2904 polletis
426 2843 491 2906 epu
535 2821 715 2905 prinoipes‚
744 2821 866 2888 foetum
895 2827 946 2887 est
973 2830 1012 2888 ut
1038 2843 1099 2888 rex
1122 2821 1248 2888 Gallia·
1300 2815 1439 2898 tinetnr,
1468 2819 1579 2884 Deum
1607 2838 1711 2884 unum
1739 2829 1970 2903 agnosoentes‚
1995 2819 2096 2887 fidem
2123 2842 2225 2886 unam
2242 2826 2272 2885 et

270 2927 348 2972 rum
379 2906 493 2972 literas
506 2907 532 2990 ¹)
572 2907 781 2986 ooneesserit,
820 2907 939 2991 quibus
971 2929 1085 2974 omnes
1117 2907 1249 2974 exsules
1299 2902 1407 2987 legem
1428 2923 1543 2983 unam,
1571 2925 1677 2970 unum
1699 2910 1811 2970 antem
1830 2925 1952 2991 regem.
1996 2907 2047 2973 Ao
2068 2927 2206 2974 rursum
2224 2927 2271 2972 oo-
2373 2919 2374 2940 *

270 2999 405 3078 propter
430 2991 570 3058 verbum
592 2992 729 3058 Domini
755 2993 790 3058 in
818 3014 854 3059 re
902 3015 959 3059 um
986 3015 1083 3061 suum
1105 3003 1247 3074 revooat,
1300 3009 1372 3054 ram
1393 2987 1466 3054 Deo
1492 2997 1668 3068 testamur,
1695 2988 1871 3057 adversum
1899 2992 2117 3058 oonseientiae
2149 3001 2271 3060 nostrae

270 3085 428 3162 quotquot
450 3078 549 3144 etiam
579 3078 615 3143 in
642 3079 732 3144 omni
759 3099 820 3146 sua
869 3080 970 3146 itione
997 3079 1139 3148 vinculis
1165 3079 1248 3146 deti·
1300 3073 1399 3142 fidem
1427 3095 1499 3141 esse
1527 3095 1739 3159 quaeeunque
1763 3075 1859 3142 nobis
1888 3077 2047 3144 oeulossio
2074 3077 2116 3144 ab
2145 3078 2208 3145 hae
2228 3077 2270 3143 di·

271 3171 409 3244 nantur,
438 3185 501 3232 eos·
515 3164 665 3230 libertate
687 3163 803 3247 donat,
832 3165 980 3250 bonaque
1002 3166 1132 3232 sublata
1152 3165 1248 3232 resti·
1301 3181 1397 3226 versa
1424 3161 1588 3228 violenter
1615 3169 1746 3228 extorta
1772 3161 1880 3228 fuerit
1924 3161 2137 3248 Quapropter
2159 3165 2271 3230 iterum
2373 3177 2374 3196 ¹

272 3251 350 3316 tuit:
378 3250 475 3317 modo
504 3250 539 3316 hi
567 3271 681 3316 omnes
708 3271 819 3318 eoram
839 3252 1007 3337 'episeopis
1029 3251 1150 3336 (forma
1171 3271 1249 3318 oon-
1300 3246 1433 3312 avobis
1455 3247 1618 3330 snpplioes
1638 3247 1796 3331 petimus,
1824 3269 1884 3332 per
1905 3249 1969 3314 Dei
1990 3249 2154 3316 virtutem
2175 3263 2209 3317 et
2228 3249 2271 3315 vi·
2373 3295 2374 3314 2

272 3343 367 3402 tenta
383 3338 419 3403 in
438 3335 543 3403 literis
560 3336 664 3421 ipsius
681 3337 769 3422 regis
786 3342 930 3416 servata)
952 3339 1111 3408 abiurant
1144 3336 1248 3419 Quas,
1300 3351 1376 3398 vam
1397 3331 1568 3399 ueritatem
1589 3353 1654 3417 qua
1674 3333 1769 3400 nobis
1785 3333 1942 3400 membris
1961 3335 2079 3402 vestris
2099 3334 2143 3401 sb
2165 3333 2271 3402 eodem
2373 3353 2374 3396 ι

273 3423 304 3489 si
320 3421 422 3504 lubet,
446 3422 621 3508 diligenter
641 3422 868 3507 perpendetis,
891 3445 955 3507 quo
976 3423 1102 3491 faoilius
1124 3424 1247 3507 episoo-
1300 3415 1426 3487 Christi
1446 3437 1591 3517 ioorpore
1618 3418 1743 3486 debetis
1775 3418 1992 3503 praesidium,
2025 3443 2063 3488 ao
2092 3421 2130 3485 in
2166 3431 2272 3488 saneto

269 3529 389 3594 porum
409 3529 587 3593 eorumque
608 3509 665 3592 qui
686 3530 723 3574 re
748 3511 755 3524 '
779 3519 857 3575 sunt
877 3530 898 3576 a
918 3511 1052 3576 seeretis
1069 3509 1249 3577 versutiam
1299 3503 1517 3587 postulnnone
1538 3524 1598 3588 pro
1626 3504 1802 3571 autoritate
1822 3505 2008 3590 pietateque
2030 3513 2162 3586 vestra,
2191 3527 2212 3572 a
2232 3504 2271 3571 ud
2373 3567 2374 3588 q

270 3593 515 3679 deprehendere
537 3594 676 3678 possitis
721 3531 835 3676 &uum
855 3605 965 3662 autem
988 3597 1248 3682 eognoverimus,
1299 3610 1412 3690 regem
1432 3589 1601 3691 suppetiae
1622 3587 1717 3656 nobis
1736 3589 1860 3670 feratis,
1882 3611 1946 3674 quo
1967 3591 2102 3691 tandem
2132 3613 2193 3676 per
2246 3589 2273 3656 ei

270 3680 306 3746 in
328 3681 395 3748 illis
418 3680 592 3765 (siquidem
608 3679 741 3747 illorum
757 3689 885 3748 mentes
902 3681 1135 3766 inspiciantur)
1157 3702 1249 3747 sum·
1299 3675 1557 3742 mrsenoordram
1568 3682 1680 3742 vestra
1696 3696 1796 3760 opera
1813 3685 2032 3760 tyrannorum
2048 3677 2272 3744 inhumanitas

272 3787 362 3832 mam
382 3766 623 3850 blasphemiam
645 3787 732 3846 esse,
762 3765 805 3832 ad
826 3787 885 3835 vos
906 3768 1058 3834 venimus
1078 3774 1117 3833 ut
1137 3775 1248 3834 vestro
1300 3759 1499 3842 oohibeatur‚
1521 3759 1594 3828 nob'
1635 3782 1678 3827 ue
1699 3759 1797 3827 lioeat
1825 3761 1911 3846 quod
1932 3762 2097 3848 reliquum
2119 3775 2174 3831 est
2192 3764 2273 3832 vitae

273 3851 407 3920 oonsilio
429 3854 601 3920 aolavore
623 3874 682 3918 nos
704 3849 875 3932 adiuvetis,
898 3860 998 3937 utque
1022 3852 1248 3937 aliquomodo
1300 3845 1468 3914 vobisoum
1501 3847 1538 3912 in
1570 3868 1588 3912 e
1632 3867 1686 3914 em
1716 3845 1874 3931 religione
1906 3855 1941 3912 et
1971 3869 2056 3932 puro
2087 3849 2156 3916 Dei
2188 3849 2273 3916 uultu

274 3936 368 4004 uobis
389 3936 523 4005 tandem
549 3939 691 4005 liberum
717 3938 763 4004 sit
781 3939 896 4006 vivere
921 3940 956 4006 in
978 3942 1080 4008 verbo
1102 3939 1247 4006 Domini
1300 3933 1410 4017 quiete
1432 3933 1625 4018 transigere.

271 4022 314 4088 Id
335 4031 445 4090 autem
467 4025 561 4090 nobis
579 4023 754 4090 ridebatur
770 4043 831 4108 per
851 4046 910 4091 vos
931 4033 1043 4108 petere
1065 4047 1085 4090 a
1104 4045 1183 4110 rege
1205 4026 1249 4104 (si
1762 4017 1878 4084 Vestri
1910 4018 1948 4084 in
1985 4017 2121 4096 Chr-iste
2163 4021 2274 4086 fratres

273 4108 323 4174 ita
351 4110 443 4176 vobis
472 4119 598 4178 reotum
627 4109 807 4190 videbitur)
842 4117 881 4176 ut
906 4109 1081 4178 interdioto
1108 4109 1250 4177 edieeret
1762 4103 1834 4190 regi
1862 4102 2048 4170 Galliarum
2076 4103 2211 4184 subdlti
2240 4105 2273 4170 iu

274 4193 449 4279 episeopis,
478 4195 656 4278 nobilibus,
684 4195 862 4274 iudioibus,
892 4195 969 4264 fidei
990 4195 1249 4281 inquisitoribus,
1763 4187 2274 4277 Gdhepsrtiminnnmefisper-

455 4277 460 4288 '
1199 4333 1202 4338 ι
1763 4275 2140 4376 sequutionibuspressi,
2156 4277 2274 4362 parlim
2333 4361 2337 4372 Ι

376 4433 406 4501 9)
427 4435 524 4517 Dares
539 4438 612 4491 elme
627 4436 747 4492 eiusdem
763 4435 803 4490 od
817 4435 931 4518 mdqsu
947 4436 1077 4516 epietolqo
1092 4443 1202 4494 munet
1217 4439 1249 4520 ιιι
1280 4401 1283 4408 ¹
1763 4362 2274 4536 fflqgoffiodffigmpdj

274 4503 369 4561 eudem
385 4505 544 4586 beblsotbeeu
566 4521 636 4588 quoq
659 4519 751 4560 omnes
768 4507 979 4588 transumere,
1001 4521 1085 4576 quum
1101 4506 1142 4560 od
1160 4505 1249 4561 Gelot-

274 4575 996 4724 ”dlffiddddehwsemmahmdmia
1015 4641 1089 4726 Ius
1102 4641 1173 4726 roas
1186 4659 1250 4727 pro
1403 4648 1431 4716 a)
1448 4650 1505 4732 stent
1613 4719 1619 4732 ⁸
1751 4720 1788 4733 Η
1920 4721 1926 4735 ·

273 4712 440 4847 elatis
448 4709 613 4844 ‘'df''..tht
627 4710 1042 4836 aestumat
1051 4711 1250 4851 {mhi
1326 4746 1331 4758 ·
1403 4717 1434 4854 t
1454 4717 1787 4857 imt‘ffit‘d
1798 4720 2274 4860 mmmm

275 4851 363 4906 uena
380 4840 530 4918 apeme
546 4849 587 4903 aio
602 4847 644 4904 sbi
658 4849 820 4904 mundatos
830 4854 910 4904 ruat.-
925 4865 1049 4920 pourveu
1066 4849 1139 4919 quilu
1156 4855 1251 4905 serent
1299 4869 1458 4926 ροιιιιηιιιι,
1480 4870 1566 4926 aeque
1582 4857 1655 4910 tien
1671 4853 1875 4980 admotaque
1891 4857 1930 4912 ad
1946 4857 2084 4915 Hrlom'oe
2101 4864 2127 4913 et
2145 4861 2274 4939 Argeata

274 4922 357 4972 teum
374 4919 409 4972 de
425 4919 503 4972 vivre
520 4933 624 4972 somme
640 4918 709 4972 bons
721 4923 750 4972 et
828 4917 993 4972 sOresu'ens
1003 4917 1172 4989 eatholiques
1192 4919 1251 4974 doi·
1300 4930 1424 4980 rotome
1438 4925 1600 4994 peremat
1638 4922 1761 4993 Qun
1956 4927 2052 4982 literas
2143 4934 2275 4984 mm

276 4993 344 5042 rent
359 4986 428 5040 loire
445 4991 475 5040 et
490 5002 520 5041 se
543 4985 660 5068 desister
681 4986 716 5040 de
733 4934 862 5041 leumdite
883 5003 991 5068 erreurs
1008 4987 1081 5056 quilr
1098 4995 1193 5043 serent
1209 4995 1250 5043 te-
1301 5009 1335 5048 ee
1371 4993 1478 5049 lorum
1491 5008 1598 5062 poseat
1614 4993 1659 5048 bie
1674 4925 2027 5066 mutassessdfqauas
2087 4997 2093 5012 ’
2196 4996 2230 5052 L.
2240 4993 2272 5049 Χ

276 5071 330 5110 uus
352 5055 462 5110 abinrer
490 5061 718 5138 unumquemeut
744 5053 847 5109 dedans
868 5057 1004 5138 uxnmeis
1026 5056 1252 5126 proohainement
1307 5061 1337 5116 T.
1349 5009 1394 5117 h.
1409 5077 1438 5131 p.
1449 5059 1483 5116 bl
1501 5061 1542 5116 ed
1555 5060 1686 5131 Dentes.
1706 5059 1774 5116 1786
1790 5062 1857 5119 bueo
1872 5063 1965 5119 babet.-
1982 5063 2114 5136 Tigurini,
2132 5065 2273 5130 aem-tq

275 5139 381 5247 ιιι
396 5139 490 5246 ιι
506 5123 1252 5250 ιιιιιιιιιιιιιιιι
1301 5131 1473 5253 ιιι
1491 5131 1738 5254 Διιιιι·
1756 5130 1907 5253 que
1914 5147 2017 5256 ιι111
2030 5133 2212 5258 ιιιι
2226 5147 2273 5204 ⁹¹⁰

277 5276 331 5316 ena
348 5261 521 5329 linquisiteur
537 5260 573 5314 de
589 5260 616 5314 la
633 5261 680 5332 loy
696 5275 733 5314 ou
749 5275 800 5315 son
816 5260 925 5316 riooira
1301 5203 1630 5325 stitederedr’turptddabund¹
1655 5267 1716 5324 Rex
1727 5216 1792 5324 qrrdd
1809 5217 2039 5327 :wretched
2055 5215 2274 5328 duruudddd·
