4852 6022
170 321 232 385 893
1033 317 1115 380 1639
1135 311 1298 381 ΟΟΤΟΒ.
2100 321 2162 385 394

171 505 272 572 alesia
293 503 418 571 Christi
444 523 526 588 quae
554 505 595 570 ab
630 505 723 570 initio
751 523 852 586 usque
881 501 922 568 ad
944 502 1033 568 huno
1055 501 1140 567 diem
1193 501 1309 585 Itaque
1331 523 1367 567 se
1387 502 1424 567 in
1445 503 1509 568 ists
1529 503 1708 587 quamlibet
1729 505 1825 653 §ravi
1846 504 2090 588 perturbatione
2112 514 2162 572 at-

171 592 243 669 luit,
266 599 300 656 et
318 591 430 656 futura
451 599 502 655 est
530 609 631 672 usque
654 589 695 654 ad
723 589 821 654 finem
842 586 972 666 mundi,
1002 589 1141 653 firmiter
1193 609 1256 670 que
1276 589 1467 654 infirmitate
1490 598 1719 672 superatuma
1764 591 1872 656 omino
1894 611 1973 668 esso,
1995 599 2033 656 ut
2050 613 2162 674 quam·

172 677 344 756 credimus,
366 675 557 758 simpliciter
574 676 767 741 confitemur
785 683 817 738 ct
839 681 1027 740 constanter
1047 693 1140 757 prac-
1193 693 1291 756 quam
1318 673 1403 756 apud
1433 671 1635 740 adversarios
1664 677 1860 742 constitutus
1891 676 2021 740 nullum
2053 687 2162 742 tamen

172 761 328 842 dicamus,
351 781 452 844 eoque
470 769 587 826 cuncta
608 760 706 826 huius
728 757 804 825 fidoi
826 758 974 844 symbola
990 760 1141 825 assuetis
1194 758 1365 824 articulum
1394 759 1471 825 fidei
1498 781 1659 842 sanaeque
1688 760 1854 826 doctrinae
1882 763 2076 826 nominatim
2105 761 2164 828 sed

171 847 320 930 patribus
342 847 520 913 constituta
541 846 716 928 recipimus
737 854 770 911 et
791 847 965 928 sequimur.
1193 844 1228 908 in
1250 845 1402 929 quem⁵⁹)
1424 852 1552 910 tantum
1575 846 1876 932 omnemhacresin
1895 854 1929 912 et
1946 867 2088 912 errorem
2106 849 2163 914 ab·

257 935 434 998 Praeterea
463 932 525 996 hoe
552 931 680 997 saeculo
711 945 840 996 nestrae
872 930 1026 996 eeclesiae
1055 929 1141 995 solae
1192 929 1367 1008 iuraverit,
1399 952 1460 996 nee
1492 951 1629 996 uxerem
1662 951 1755 996 suam
1788 931 2003 1011 abdicaverit,
2035 934 2161 999 nullam

173 1019 349 1084 articulum
370 1018 607 1083 iustificationis
631 1016 792 1099 primique
837 1016 978 1098 raeocpti
1000 1013 1040 1080 do
1062 1036 1142 1080 vera
1192 1015 1273 1079 item
1294 1015 1494 1099 impietatem
1518 1015 1674 1094 docuerit,
1698 1037 1759 1082 nec
1779 1019 1894 1083 missas
1916 1018 2082 1084 habuerit:
2105 1041 2162 1084 ve·

172 1107 207 1170 in
234 1103 344 1170 Deum
371 1103 491 1169 fiducia
519 1123 665 1186 puroque
691 1102 782 1168 cultu
805 1038 885 1178 dei,
915 1101 1142 1166 observatione
1193 1121 1268 1166 rum
1291 1112 1404 1167 eontra
1426 1101 1599 1166 articulum
1626 1103 1863 1168 iustificationis
1893 1125 1932 1168 ea
1959 1104 2108 1170 claritate
2128 1112 2162 1170 et

172 1211 272 1273 quum
305 1191 340 1254 in
372 1189 519 1254 doctriua
551 1197 620 1252 tum
646 1188 682 1252 in
714 1209 777 1252 usu
805 1195 1082 1252 sacramentorum
1110 1194 1143 1251 et
1194 1190 1377 1252 constantia
1396 1187 1551 1269 privatim
1580 1196 1613 1251 et
1640 1188 1768 1272 publice
1789 1190 1981 1268 asseruerit,
2009 1199 2048 1254 ut
2067 1191 2107 1256 ob
2128 1189 2163 1256 id

172 1275 450 1342 caeremoniarum
467 1283 667 1338 caeterarum
686 1281 773 1339 reete
792 1280 905 1336 tenent
922 1279 957 1336 et
973 1273 1143 1337 sinceriter
1193 1271 1332 1336 subinde
1353 1273 1388 1336 in
1405 1293 1491 1337 nora
1509 1271 1698 1337 discrimina
1714 1272 1866 1339 inciderit
1886 1285 2075 1359 mutareque
2093 1276 2163 1343 loca

172 1361 306 1440 doeent;
342 1359 429 1426 solae
451 1367 484 1424 et
505 1361 590 1424 sacri
611 1359 784 1424 ministerii
807 1357 998 1440 dignitatem
1022 1365 1056 1422 et
1077 1356 1142 1421 dis·
1193 1359 1381 1439 oportuerit.
1415 1358 1460 1421 Et
1481 1357 1579 1422 huius
1601 1358 1767 1424 luculenta
1788 1359 1882 1425 nobis
1904 1363 2087 1426 testimonia
2105 1383 2161 1427 ex-

173 1447 327 1530 oiplinanr
355 1465 434 1511 vero
463 1444 571 1510 studio
599 1445 771 1510 restituere
803 1443 969 1521 labomnt,
998 1443 1143 1525 legitima
1193 1441 1310 1522 hibuit,
1330 1443 1418 1508 inter
1440 1451 1567 1508 caetera
1588 1444 1686 1508 etiam
1708 1444 1878 1527 epistelam
1901 1446 1941 1510 ad
1963 1468 1998 1512 se
2015 1446 2161 1512 Sadoleti

172 1531 397 1598 ministrorum
420 1530 574 1596 electione
596 1551 634 1596 ac
655 1528 854 1612 probatione,
877 1537 946 1592 tum
969 1529 1066 1594 ctiam
1088 1549 1142 1612 sy·
1193 1527 1229 1592 in
1251 1548 1315 1610 qus
1336 1529 1531 1592 nominatim
1548 1529 1588 1593 ab
1611 1529 1668 1594 illo
1689 1529 1940 1613 reprehenditur
1960 1531 2045 1613 quod
2064 1532 2162 1598 fidem

173 1617 334 1683 nodorum
355 1637 493 1682 censura
515 1623 680 1690 revocata,
709 1635 809 1698 quum
836 1615 870 1678 ia
893 1615 1037 1680 ecelesiis
1059 1633 1142 1696 quae
1194 1621 1227 1677 et
1249 1614 1502 1679 satisfactionem
1524 1613 1651 1679 Christi
1676 1625 1763 1680 recte
1789 1615 2007 1698 praedicasset
2028 1626 2062 1681 et
2083 1640 2161 1701 pur-

173 1723 276 1786 papae
298 1702 404 1769 adhuc
427 1703 588 1778 serviunt,
618 1709 776 1783 quantum
803 1699 934 1782 quidem
963 1701 1079 1766 attinet
1100 1698 1142 1764 ad
1193 1699 1357 1782 gaterium
1390 1707 1423 1764 et
1456 1699 1620 1765 humanas
1652 1701 1887 1767 satisfactiones
1915 1701 2161 1782 dissimulasset,

172 1789 337 1873 publicam
364 1808 477 1852 earum
505 1785 837 1864 administrationem,
863 1785 1035 1850 videamus
1063 1785 1142 1849 arti·
1194 1786 1261 1848 imo
1288 1793 1322 1849 et
1349 1783 1544 1850 damnasset.
1557 1786 1601 1860 60)
1652 1786 1828 1851 Praeterea
1854 1787 2035 1853 testabatur
2060 1809 2095 1854 se
2122 1789 2162 1856 ob

173 1874 283 1942 culum
301 1872 538 1940 iustificationis
556 1892 689 1954 prorsus
706 1870 913 1936 obliteratum
931 1891 1010 1950 esse,
1031 1878 1142 1953 aperte
1193 1869 1228 1934 id
1249 1869 1360 1952 ipsum
1387 1869 1430 1934 ad
1455 1890 1515 1934 nos
1542 1869 1693 1948 rediisse,
1723 1871 1758 1936 id
1779 1871 1864 1954 quod
1886 1876 1997 1956 utiquo
2018 1895 2084 1939 nen
2104 1896 2162 1958 po-

173 1959 282 2026 doceri
309 1968 343 2023 et
370 1959 440 2043 geri
467 1978 549 2040 quae
576 1955 728 2022 fiduciam
749 1958 785 2021 in
808 1955 915 2034 divos,
948 1957 984 2020 in
1012 1955 1154 2034 illorum,
1195 1957 1294 2019 tuerit
1314 1977 1381 2020 nen
1400 1954 1578 2038 perdurum
1601 1976 1671 2021 esse
1692 1958 1780 2022 carni
1799 1977 1886 2036 suae,
1909 1979 2010 2040 quum
2031 1969 2163 2044 propter

172 2045 336 2129 reliquias,
359 2044 548 2121 memorias,
577 2041 678 2119 idola,
707 2043 743 2106 in
764 2041 1019 2108 sacrificulorum
1041 2041 1142 2107 iacta·
1194 2047 1262 2106 tam
1285 2061 1419 2124 gravem
1442 2061 1526 2124 quae
1554 2041 1583 2104 ei
1604 2042 1771 2108 nobiseum
1803 2044 2039 2109 intercessisset
2060 2045 2162 2110 effen·

172 2139 240 2196 tam
259 2130 412 2213 pietatem
430 2129 499 2194 sine
517 2127 626 2205 verbo,
647 2127 683 2192 in
702 2127 960 2207 sanctimoniam,
982 2127 1016 2190 in
1034 2148 1141 2210 opera,
1194 2125 1328 2204 sionem,
1351 2133 1423 2190 tum
1445 2126 1544 2191 etiam
1566 2135 1700 2210 propter
1716 2128 1834 2192 iactam
1854 2151 1873 2193 a
1894 2129 1988 2195 uobis
2009 2130 2161 2196 secessio·

172 2217 207 2282 in
226 2215 447 2282 caeremonias
469 2221 502 2280 et
522 2213 655 2298 propria
676 2213 774 2278 etiarn
792 2215 886 2288 facta,
908 2213 941 2276 iu
961 2212 1142 2296 purgatorii
1194 2233 1279 2287 nem,
1302 2211 1387 2294 quod
1409 2210 1528 2276 viderit
1549 2221 1607 2296 spe
1628 2233 1688 2278 sua
1709 2213 1795 2296 apud
1817 2213 2019 2280 adversarios
2038 2216 2162 2282 Christi

173 2301 313 2384 denique
335 2298 420 2383 qued
443 2301 611 2364 finxerunt
639 2308 844 2381 pcccatorum
866 2299 1084 2380 expiationem
1107 2299 1141 2362 in
1193 2296 1339 2362 studium
1373 2298 1408 2361 in
1441 2297 1505 2362 illis
1537 2297 1617 2363 locis
1648 2298 1863 2364 resuscitandi
1895 2300 2044 2365 frustrari
2077 2309 2110 2366 et
2141 2323 2167 2366 a·

172 2387 290 2470 populo
311 2388 357 2450 ita
380 2385 585 2450 srrfialserint
606 2393 643 2448 ut
664 2405 703 2450 ea
721 2383 873 2449 fiduciam
894 2385 1003 2448 vivam
1017 2383 1142 2449 Christi
1193 2381 1364 2465 praelatis,
1399 2383 1453 2465 qui
1481 2382 1575 2448 initio
1603 2383 1689 2466 apud
1717 2405 1752 2449 se
1780 2387 1905 2450 animos
1931 2386 2161 2452 instaurationi

172 2473 269 2556 plane
292 2479 456 2538 evertant:
478 2471 705 2535 ministrorum
728 2472 826 2534 etiam
846 2469 995 2534 ordinem
1018 2469 1052 2532 iu
1075 2469 1142 2534 illis
1193 2467 1403 2533 eeclesiarum
1426 2467 1514 2532 haud
1530 2468 1659 2551 iniquos
1676 2490 1754 2551 prae
1772 2491 1807 2536 se
1825 2470 1969 2548 tulerint,
1992 2472 2075 2536 nihil
2091 2473 2160 2538 fers

172 2559 315 2624 ecclesiis
336 2555 629 2639 impudentissimis
651 2554 732 2620 adeo
750 2555 888 2620 simonia
906 2563 940 2620 et
956 2554 1142 2620 foedissima
1192 2553 1375 2635 exspectari
1402 2573 1511 2636 pessa,
1541 2575 1638 2637 quam
1665 2554 1771 2619 indies
1799 2556 1903 2639 magis
1929 2558 2097 2640 magisque
2123 2579 2159 2624 se

172 2664 338 2710 sacrorum
365 2641 599 2706 nundinatione
626 2641 778 2723 vitaeque
804 2647 897 2704 tauta
924 2640 1082 2722 spurcitia
1108 2649 1142 2704 et
1193 2639 1322 2704 munire
1343 2638 1493 2704 laborent
1518 2651 1631 2706 contra
1654 2641 1799 2704 omnium
1827 2641 2036 2708 ecelesiarum
2056 2644 2158 2708 refor-

171 2729 320 2812 nequitia
348 2727 551 2792 defoedatum
579 2735 612 2792 et
637 2726 817 2809 proiectum
845 2746 915 2792 csso
943 2735 1032 2790 totus
1052 2725 1140 2790 orbis
1192 2723 1369 2789 mationem
1393 2725 1549 2808 regnique
1578 2724 1704 2790 Christi
1732 2727 1987 2806 restitutionem,
2019 2749 2084 2810 quo
2116 2750 2158 2794 cx

173 2814 338 2898 deplorat:
371 2821 409 2878 ut
436 2813 530 2877 nulla
552 2833 697 2894 unquam
719 2812 906 2896 superstitio
928 2812 962 2874 in
984 2809 1139 2875 adminis-
1192 2809 1256 2874 ista
1278 2857 1285 2872 .
1310 2860 1316 2873 .
1341 2859 1348 2874 .
1372 2812 1436 2893 .⁶¹)
1458 2810 1666 2876 eeclesiarum
1678 2813 1886 2893 oppressione
1905 2820 1939 2876 et
1960 2812 2160 2896 spoliatione,

172 2901 233 2966 tris
255 2901 324 2966 suis
345 2906 471 2964 tantam
497 2898 748 2981 perversitatem
775 2907 808 2962 et
835 2896 1064 2978 impunitatem
1087 2903 1140 2960 tu·
1193 2915 1291 2976 quam
1319 2915 1408 2960 nune
1434 2893 1598 2975 obtinent,
1627 2895 1838 2961 ambitionem
1865 2897 2043 2982 luxumque
2064 2921 2161 2965 suum

171 2985 256 3050 ierit
301 2984 396 3066 Quae
418 2982 567 3066 quamvis
595 2983 831 3047 immanissima
857 2980 945 3046 mala
971 2989 1141 3064 praeterea
1193 2977 1250 3044 diu
1271 2989 1393 3063 queant
1412 2981 1532 3048 ferere.
1586 2979 1707 3046 Aiebat
1723 3003 1758 3047 se
1775 3003 1840 3048 non
1863 2982 2020 3063 dubitare,
2041 2984 2107 3049 imo
2125 2984 2160 3050 id

172 3069 343 3137 cumulant
369 3069 559 3134 saevissima
586 3076 618 3133 et
646 3067 871 3132 erudelissima
889 3068 1141 3150 persequutione
1192 3073 1366 3148 expertum
1388 3087 1471 3145 esse,
1501 3066 1679 3131 Dominum
1701 3068 1821 3151 ubique
1843 3069 1983 3134 multum
2005 3070 2161 3153 populum

172 3157 319 3222 omnium
344 3176 456 3220 eorum
486 3153 542 3237 qai
569 3174 682 3218 veram
703 3151 828 3217 Christi
855 3152 1052 3231 doctrinam,
1081 3173 1141 3234 pu·
1193 3171 1334 3230 servare,
1357 3157 1390 3216 et
1410 3172 1541 3234 sperare
1562 3173 1597 3216 se
1618 3151 1761 3218 Domino
1781 3155 1879 3218 etiarn
1901 3153 1986 3238 apud
2008 3153 2160 3222 adversa·

172 3264 248 3308 rum
269 3261 434 3308 sacrarum
463 3239 742 3306 caeremoniarum
770 3259 866 3302 usum
892 3245 927 3302 ct
956 3238 1043 3302 vitae
1065 3237 1141 3302 reli·
1192 3235 1258 3301 rios
1281 3257 1345 3300 non
1366 3237 1462 3319 plane
1490 3236 1640 3302 inutilem
1661 3237 1775 3303 luisse:
1798 3239 1846 3303 ita
1869 3243 1990 3306 multos
2012 3242 2078 3307 illio
2098 3262 2159 3324 pu-

173 3347 271 3414 quam
294 3325 515 3410 disciplinam,
544 3325 605 3390 hoe
631 3331 696 3404 est,
724 3323 933 3390 ecclesiarum
960 3323 1142 3389 restitutio·
1193 3343 1265 3386 ram
1287 3321 1412 3387 Christi
1439 3321 1594 3388 fiduciam
1619 3331 1725 3388 metes
1751 3345 1811 3389 sua
1832 3324 2070 3407 praedicatione
2091 3347 2160 3391 am·

172 3434 249 3480 nem
271 3409 424 3478 reducere
446 3411 651 3476 annituntur.
1193 3407 1307 3490 plexos
1328 3429 1406 3473 csse.
1452 3407 1520 3474 Sed
1547 3407 1624 3472 dum
1652 3409 1860 3492 improbitate
1887 3411 2105 3494 praelatorum
2126 3419 2161 3477 et

257 3497 390 3564 Hortati
408 3495 692 3578 itaqueKarolum
709 3494 856 3578 graviter
878 3514 992 3560 sumus
1013 3501 1051 3558 ut
1068 3515 1141 3576 per·
1193 3493 1428 3558 monachorum
1449 3494 1519 3560 loco
1537 3493 1662 3558 Christi
1683 3495 1854 3561 sinceriter
1874 3495 2082 3578 praedicandi
2104 3519 2160 3563 ex·

172 3583 329 3669 penderet
350 3583 427 3666 qnid
450 3584 493 3647 sit
509 3581 550 3646 ad
573 3581 670 3646 hosce
691 3587 758 3645 tam
778 3580 956 3664 flagitiosos
974 3587 1007 3644 ot
1024 3580 1142 3662 impios
1194 3576 1280 3643 eludi
1303 3600 1339 3643 se
1368 3579 1512 3656 videret,
1541 3601 1606 3645 non
1628 3579 1692 3645 alia
1720 3601 1817 3646 causa
1842 3581 1883 3645 ad
1906 3603 1966 3646 nos
1987 3584 2160 3648 revertisse

172 3670 323 3736 homines
345 3691 382 3734 ae
404 3668 505 3732 totius
526 3667 621 3751 regui
643 3666 769 3732 Christi
799 3686 964 3731 evomeres
986 3666 1141 3749 gravissi·
1195 3684 1291 3747 quam
1314 3664 1391 3746 quia
1413 3662 1501 3748 apud
1521 3685 1581 3731 nos
1603 3675 1637 3729 et
1656 3685 1728 3731 esse
1749 3687 1845 3732 seras
1866 3667 2017 3733 ecelesias
2035 3667 2162 3733 Christi

116 3779 121 3790 ·
173 3754 427 3839 mosquehostes
449 3753 580 3818 anobis
598 3750 833 3836 quoquomodo
852 3752 982 3828 reverti,
1006 3772 1043 3816 ac
1066 3770 1143 3833 prae
1195 3757 1229 3813 et
1250 3749 1469 3814 ministerium
1490 3751 1560 3815 eius
1580 3748 1694 3816 haberi
1718 3752 1879 3818 sincerum
1900 3774 1965 3818 non
1988 3752 2160 3832 dubitaret,

175 3863 210 3908 se
227 3841 313 3906 ferre
331 3850 485 3922 tauquam
499 3836 716 3920 soutiatapud
733 3837 806 3902 illos
824 3837 1003 3903 doctrinam
1017 3835 1143 3902 Christi
1195 3843 1405 3918 speraretque
1427 3836 1495 3900 iore
1517 3834 1579 3901 sibi
1600 3835 1636 3900 in
1657 3839 1778 3902 nestris
1803 3837 1947 3903 ccelesiis
1973 3838 2081 3904 locum
2103 3839 2160 3905 ubi

174 3933 208 3992 et
228 3925 543 3992 administrationem
571 3924 726 3989 ecclcsiae
753 3923 823 3988 cius
850 3921 970 3987 habere
991 3921 1142 3987 telerabi·
1195 3921 1288 3984 iuxta
1309 3919 1433 3986 Christi
1462 3920 1642 3985 doctrinam
1670 3921 1782 3986 vivero
1808 3943 1882 3988 cum
1909 3924 2079 4002 iratribus,
2108 3925 2160 3992 his

174 4010 443 4094 liusquamapud
465 4031 535 4084 nos,
556 4009 685 4091 illisque
702 4008 835 4072 titulum
855 4008 1009 4074 ccclesiae
1031 4008 1142 4073 eatho·
1195 4004 1402 4070 facultatibus
1428 4025 1508 4088 quas
1540 4026 1560 4070 a
1589 4004 1733 4071 Domino
1764 4009 1940 4091 accepisset
1971 4010 2161 4091 quantulae·

174 4095 256 4162 licae
277 4096 462 4174 concedere,
482 4093 576 4160 nobis
597 4095 810 4160 schismatum
832 4093 955 4159 crimen
973 4101 1006 4158 et
1028 4093 1143 4158 haere·
1195 4111 1321 4173 cunque
1343 4103 1461 4169 essent,
1488 4099 1521 4156 et
1542 4091 1747 4158 commodare
1769 4092 1891 4176 aliquid
1914 4101 2029 4176 posset
2073 4097 2162 4164 Nam

174 4202 247 4248 sees
267 4182 458 4265 impingere.
1195 4177 1223 4241 si
1248 4177 1294 4242 ita
1321 4175 1383 4241 sibi
1409 4177 1512 4256 iratus
1535 4177 1698 4242 Dominus
1731 4178 1862 4258 fuisset,
1897 4189 1935 4244 ut
1961 4180 2085 4246 traditu
2122 4185 2158 4249 in

260 4267 389 4332 Horum
422 4267 532 4348 itaque
568 4285 669 4348 quum
700 4263 861 4329 Karolum
896 4263 1143 4328 admoneremus
1195 4282 1327 4328 seusam
1349 4262 1523 4344 reprobum
1551 4283 1586 4326 se
1615 4261 1846 4345 cupiditatibus
1878 4265 1985 4331 carnis
2006 4287 2082 4332 suae
2103 4291 2160 4352 po·

175 4353 341 4419 consessus
369 4359 419 4417 est
452 4351 611 4435 ingenue,
644 4357 682 4414 ut
708 4357 741 4413 et
768 4357 865 4413 antea
893 4349 1015 4414 iecerat
1047 4369 1144 4430 qnam
1196 4348 1262 4411 tius
1294 4365 1393 4428 quam
1423 4368 1524 4431 regno
1554 4347 1677 4412 Christi
1706 4349 1819 4414 cedere
1847 4350 2028 4430 maluisset,
2062 4353 2159 4420 fuisse

175 4439 238 4523 ipsi
259 4439 324 4504 ista
345 4437 589 4514 obiecissemus,
617 4455 652 4500 se
679 4435 772 4518 gravi
794 4435 986 4498 infirmitate
1008 4454 1143 4516 magna·
1196 4432 1257 4498 sibi
1280 4431 1404 4498 oblatas
1426 4433 1627 4498 conditiones
1645 4433 1685 4498 ab
1704 4433 1899 4501 adversariis
1918 4438 2006 4501 omni
2029 4437 2068 4502 de
2086 4460 2159 4522 gra·

175 4545 237 4608 quo
259 4521 399 4608 quadam
420 4521 662 4606 perturbatione
684 4519 869 4604 perculsum
892 4539 929 4584 ac
950 4518 1143 4602 praecipita·
1195 4518 1241 4582 tia
1259 4515 1384 4583 Christi
1405 4517 1486 4582 nihil
1509 4519 1644 4585 sollicito
1665 4518 1918 4603 haudquaquam
1939 4523 2157 4605 poenitendos.

175 4615 246 4674 tum
264 4611 373 4674 titisse.
417 4609 613 4673 Testabatur
639 4615 750 4671 tamen
778 4627 813 4669 se
841 4625 1009 4688 nunquam
1034 4605 1143 4669 animo
1279 4602 1333 4668 Ad
1360 4603 1449 4670 hune
1474 4605 1585 4688 itaque
1612 4603 1744 4669 modurn
1776 4605 1915 4672 liarolus
1943 4607 2036 4672 nobis
2063 4629 2158 4672 surim

176 4695 309 4760 anobis
330 4695 511 4771 secessisse,
533 4693 662 4757 tametsi
686 4690 763 4757 dum
782 4689 893 4755 eiiam
913 4689 997 4774 apud
1016 4701 1143 4754 nostros
1195 4709 1305 4754 ereum
1338 4699 1372 4754 et
1408 4690 1445 4754 in
1476 4711 1515 4754 ee
1547 4690 1682 4755 Domini
1715 4689 1969 4757 miscricordiam
1999 4694 2156 4774 exposuit,

175 4779 265 4847 locus
292 4803 359 4846 non
387 4788 473 4845 esset
501 4799 633 4862 corpore
660 4777 701 4841 ad
728 4776 909 4861 pontificios
929 4797 964 4840 se
985 4775 1142 4841 contulis·
1194 4775 1363 4856 oravitque
1389 4795 1448 4857 per
1471 4774 1638 4842 Christum
1665 4777 1794 4842 veniam
1822 4779 1967 4842 omnium
1994 4797 2074 4856 quae
2102 4777 2157 4842 vel

176 4873 234 4932 set
280 4865 325 4931 Se
346 4867 447 4942 euim,
476 4863 552 4928 lieet
577 4861 618 4927 ad
645 4864 820 4946 impiorum
848 4861 1064 4944 praelatorum
1087 4859 1142 4925 do-
1194 4880 1214 4924 a
1239 4860 1362 4924 nostris
1388 4860 1531 4928 ecclesiis
1559 4861 1600 4926 ad
1627 4861 1736 4928 hostes
1758 4859 1882 4930 Christi
1908 4883 1942 4928 se
1964 4861 2157 4928 conferendo

174 4953 336 5018 minatum
355 4947 595 5033 quoquomodo
612 4950 795 5031 recepisset,
817 4968 881 5012 non
902 4959 1011 5012 tamon
1029 4966 1141 5011 corum

175 5037 294 5122 impiae
317 5035 484 5121 tyrannidi
506 5033 562 5100 sod
586 5035 707 5099 sanctis
729 5035 835 5116 petius
858 5031 982 5098 Christi
1004 5031 1058 5114 qui
1080 5032 1142 5097 sub
1295 5079 1363 5142 59).
1420 5097 1433 5133 e
1484 5082 1551 5142 em

174 5123 307 5188 illerum
330 5119 505 5206 tyrannide
526 5118 663 5203 dispersi
685 5129 763 5184 sunt
780 5129 815 5184 et
835 5119 957 5200 captivi
978 5133 1141 5196 tenentur,
1294 5147 1340 5217 30)
1354 5097 1496 5215 'Bsssffl
1517 5149 1588 5206 m
1601 5165 1633 5220 Ρ.
1651 5148 1711 5206 299·

175 5209 394 5276 ministerium
422 5207 546 5274 Christi
584 5205 740 5272 exhibere
772 5212 806 5270 et
843 5201 959 5270 dooere
990 5203 1141 5269 voluisse.
1294 5217 1340 5284 tl)
1357 5232 1413 5274 aaa
1429 5217 1523 5275 tetta„
