4782 6010
276 367 314 428 ιι
1071 355 1334 426 namnetas
1360 361 1402 422 re
1420 357 1478 425 ea.
2240 330 2273 425 ci

274 539 377 636 putet
411 549 451 617 si
466 537 559 616 enim
575 547 749 614 oblectatio
766 547 869 613 animi
889 547 1080 632 requiesque
1097 567 1253 614 curarum
1304 545 1496 612 Videndum
1517 547 1610 613 nobis
1630 552 1676 613 est
1695 546 1922 614 neGhristum
1942 547 2005 614 hoo
2025 547 2095 614 loeo
2116 547 2159 614 ab
2179 567 2275 614 evan·

274 637 454 722 quaeritur,
476 655 559 720 quae
581 639 769 717 spectentct
788 631 967 699 eekoatad
988 633 1071 699 bene
1093 634 1252 718 beateque
1305 631 1382 718 gelii
1422 633 1548 699 ratione
1581 634 1750 700 aberrasse
1782 634 2017 700 existimemus.
2066 634 2153 699 Nam
2186 653 2274 717 prae·

275 722 465 800 vivendum,
488 719 666 786 ehristiana
682 719 890 803 philosophia
909 719 1040 785 abunde
1056 719 1252 802 suppeditat,
1305 719 1408 802 septis
1437 739 1535 804 agere
1566 718 1713 798 videtur,
1747 725 1839 802 utque
1872 729 1910 784 ut
1936 739 2096 802 pauperes
2123 721 2231 785 simus
2252 725 2273 800 *,

275 815 384 874 metus
407 808 509 882 animi
536 806 743 872 turbulentos
770 805 865 890 quasi
892 805 1031 871 habenis
1057 803 1253 888 quibusdam
1303 807 1402 884 mites,
1424 805 1542 871 mundo
1559 804 1664 882 eorde,
1686 806 1823 889 pacifici,
1840 806 2037 889 praecipere.
2070 805 2163 887 Quin
2181 807 2275 872 ctiam

275 903 410 961 ooercet.
455 892 569 974 Quum
589 896 607 931 ⁹
629 899 722 957 tanta
743 892 787 957 sit
808 891 973 975 evangelii
995 890 1067 957 laus
1090 899 1123 956 et
1144 889 1252 976 digni·
1304 890 1488 956 mercedem
1508 887 1603 956 nobis
1620 893 1778 974 proponit,
1800 913 1905 974 quum
1921 892 2076 974 praemiis
2097 913 2186 957 aeneo
2209 892 2275 957 duci

275 991 342 1059 tas,
370 1001 436 1044 non
458 999 576 1061 pamm
601 977 726 1061 gaudeo
755 976 838 1042 mihi
857 977 968 1043 datam
989 977 1193 1044 oceasionem
1211 977 1252 1042 il-
1305 973 1429 1054 debeat,
1452 977 1512 1042 sed
1531 978 1635 1061 gratis
1655 997 1788 1061 operam
1810 978 1889 1043 dare
1910 977 2060 1056 Ohristo,
2090 978 2196 1043 solam
2220 979 2276 1043 Dei

274 1065 340 1132 lius
361 1063 562 1148 explicandi,
589 1085 706 1146 meque
733 1064 769 1128 in
791 1085 829 1128 eo
855 1084 927 1129 esse
955 1064 1168 1148 magistratu,
1196 1064 1252 1147 qui
1304 1061 1443 1212 gloriam
1470 1083 1642 1146 quaerere,
1677 1063 1761 1128 nihil
1787 1061 1961 1129 formidine
1987 1083 2110 1146 poenae
2139 1071 2199 1130 aut
2229 1085 2276 1148 ge·

274 1151 308 1217 id
335 1151 483 1216 muneris
509 1150 704 1216 necessitate
732 1148 873 1232 quadam
895 1154 913 1189 ⁵
930 1151 1083 1232 requirat.
1329 1169 1434 1214 ennae
1462 1169 1568 1232 agere.
1613 1148 1681 1216 Sed
1707 1149 1782 1214 boec
1810 1147 1897 1233 apud
1924 1169 1959 1214 se
1987 1151 2132 1234 cogitant
2152 1150 2213 1233 qui
2235 1148 2276 1214 di·

361 1235 429 1303 Sed
450 1238 486 1300 in
512 1245 581 1300 tam
607 1236 706 1301 ubere
732 1245 865 1318 tamque
886 1236 1047 1302 immensa
1066 1257 1177 1302 rerum
1198 1255 1253 1301 co·
1304 1235 1418 1299 vinam
1446 1233 1691 1319 philosophiam
1716 1255 1776 1318 per
1802 1243 2017 1300 transennam
2043 1241 2164 1301 areum
2194 1236 2276 1321 lege-

274 1324 346 1408 pia,
373 1321 461 1388 unde
490 1321 690 1405 principium
719 1329 778 1386 aut
804 1321 862 1386 ubi
888 1322 990 1387 finem
1011 1329 1124 1387 nestra
1145 1335 1254 1388 sumet
1304 1328 1394 1399 runt,
1416 1321 1471 1403 qui
1492 1321 1650 1402 supremis
1671 1321 1773 1387 labris
1795 1319 1885 1386 illam
1908 1319 2139 1405 degustarunt,
2168 1323 2228 1404 qui
2246 1323 2277 1386 in

275 1407 402 1475 oratio?
433 1407 522 1474 Sane
539 1407 616 1490 quia
629 1406 769 1490 amplior
787 1416 837 1472 est
854 1405 984 1472 dicandi
1001 1426 1136 1491 campus
1154 1427 1253 1490 quam
1305 1405 1475 1491 evangelio
1502 1405 1587 1471 nihil
1612 1415 1866 1489 promoverunt,
1902 1407 1976 1490 qni,
2005 1415 2043 1472 ut
2069 1429 2144 1473 eum
2175 1407 2275 1474 Paule

274 1497 423 1561 eratione
444 1493 616 1576 complecti
637 1493 770 1577 possim,
791 1513 868 1558 eum
885 1493 1049 1577 evangelii
1065 1493 1173 1560 locum
1194 1513 1253 1576 pe-
1305 1491 1421 1570 dicam,
1443 1499 1599 1576 putantes
1620 1513 1656 1558 se
1678 1493 1843 1575 sapientes
1861 1493 1954 1557 stulti
1970 1493 2047 1558 faeti
2066 1500 2154 1559 sunt.
2191 1493 2275 1575 Quin

274 1582 440 1647 ιὶεεὶιιιιιιιι
467 1601 511 1645 ex
533 1578 637 1644 lioabo
665 1579 722 1662 qui
748 1583 766 1618 ⁸
787 1578 944 1644 hodierno
973 1579 1026 1644 die
1055 1580 1091 1644 in
1117 1578 1254 1646 ecelesia
1305 1579 1413 1660 potius
1442 1579 1670 1644 densissimam
1702 1580 1796 1663 fugat
1826 1578 2016 1662 caliginem,
2048 1600 2109 1644 nos
2135 1579 2275 1645 tenebris

260 1667 342 1752 ,legi
363 1667 453 1732 solet.
500 1601 563 1731 eled
584 1666 773 1748 priusquam
801 1686 871 1730 rem
893 1665 1075 1750 aggrediar,
1098 1665 1180 1730 illud
1197 1677 1253 1730 ‘ar-
1304 1663 1430 1742 liberat,
1453 1671 1492 1728 ut
1509 1666 1566 1748 qui
1582 1666 1721 1746 wrporia
1738 1666 1842 1730 caros
1857 1665 2028 1747 amando
2045 1666 2178 1750 aperuit
2194 1685 2275 1730 nune

275 1752 427 1819 dentibus
457 1751 544 1816 votis
571 1771 701 1816 meeum
735 1752 917 1834 impetretis
945 1751 1045 1816 velim
1071 1773 1092 1816 a
1119 1751 1253 1816 christo
1304 1751 1425 1815 mentis
1452 1749 1561 1816 oeulos
1590 1751 1723 1832 aperiat
1773 1751 1859 1815 Nam
1897 1771 1980 1834 quae
2011 1759 2189 1835 praecepta
2219 1772 2276 1816 non

275 1840 399 1922 optimo
421 1839 574 1916 maximo,
597 1838 652 1920 qui
669 1857 770 1902 verus
788 1843 839 1902 est
855 1845 890 1900 et
910 1857 996 1902 unus
1017 1837 1104 1926 apud
1126 1845 1253 1920 patrem
1305 1836 1384 1901 satis
1410 1835 1571 1918 explicate
1599 1836 1688 1902 Mosi
1712 1837 1834 1920 scripta
1857 1841 1948 1902 aaut
1967 1842 1984 1876 '
2006 1837 2204 1920 explicatius
2227 1837 2275 1902 do-

275 1924 481 2002 interoesser,
498 1931 537 1988 ut
557 1919 718 1990 foecundo
739 1923 796 1988 illo
819 1942 879 1988 sue
899 1923 1017 2006 spiritu
1033 1929 1160 1988 mentes
1178 1944 1253 1988 nos·
1305 1929 1365 1987 eet.
1410 1921 1525 2004 Itaque
1547 1922 1609 1988 hoo
1636 1922 1844 2007 evangelium
1871 1921 1955 1987 nihil
1983 1922 2158 2008 praecipit,
2188 1922 2275 1989 sed*

277 2017 348 2076 tras
369 2011 521 2088 illustret,
551 2017 590 2074 ut
611 2007 886 2092 quemadmodum
907 2007 978 2092 ipse
999 2017 1050 2074 est
1070 2009 1176 2093 gloria
1195 2030 1253 2092 pa-
1304 2005 1369 2072 Dei
1390 2008 1585 2087 bonitatem,
1614 2008 1874 2074 misericordiam
1902 2016 1937 2074 et
1957 2008 2116 2074 beneficia
2135 2009 2274 2092 exponit

275 2098 351 2175 tris,
384 2095 524 2160 annium
551 2095 699 2160 bonmm
726 2101 832 2172 auter,
869 2093 916 2159 ita
943 2102 1056 2160 nostra
1083 2095 1186 2160 oratio
1212 2095 1252 2159 il·
1304 2094 1355 2159 Ao
1382 2114 1424 2158 ne
1457 2094 1530 2176 quis
1565 2094 1705 2159 miretur
1734 2094 1820 2177 quod
1847 2092 1908 2182 W)
1940 2095 2088 2177 praemia
2119 2093 2275 2161 mercedis

275 2183 348 2248 lum
368 2180 500 2260 landet,
527 2179 623 2246 illum
646 2181 761 2264 sapiat,
794 2179 889 2245 illum
913 2180 1025 2264 spiret,
1047 2180 1143 2246 illum
1169 2182 1253 2247 refe·
1304 2179 1437 2244 nemine
1455 2178 1726 2262 comprehendat:
1746 2179 1906 2260 Gaudete,
1925 2181 2042 2264 inquit,
2059 2182 2136 2264 quia
2154 2201 2273 2248 merces

275 2277 337 2336 rat
394 2267 598 2350 Regabimus
627 2273 671 2366 Ιιιι
708 2266 748 2366 in·
779 2270 899 2332 nostros
922 2267 1057 2367 'caimos
1088 2265 1252 2366 illabatur,
1305 2273 1415 2365 vestra
1427 2266 1557 2349 eopiosa
1572 2265 1670 2354 estin
1690 2266 1799 2366 coelis,
1822 2267 2096 2349 auriumeperam
2113 2267 2275 2368 paulisper

275 2351 1253 2528 {tlt.t⁸tt..tttttttt.ttt⁰.tttttttttth
1304 2351 2275 2523 ttthttttattattstitttttttttl?

276 2528 388 2611 ginem
410 2524 538 2590 solenni
558 2524 615 2590 ille
646 2525 819 2608 praeconio
840 2528 858 2563 ⁹
879 2524 1147 2591 salutaverimus:
1178 2526 1253 2590 Ave
1305 2524 1445 2608 tingant,
1467 2545 1586 2607 nempe
1604 2523 1675 2590 sela
1692 2524 1757 2590 Dei
1778 2524 1894 2608 gretia,
1916 2545 1985 2590 non
2001 2531 2197 2590 nostrarum
2217 2525 2275 2590 rir-

277 2611 385 2698 gratia
404 2608 436 2698 ⁹]
450 2609 474 2696 ¹)
1305 2617 1415 2674 tutum
1436 2616 1494 2674 aut
1519 2617 1652 2674 nostrae
1679 2609 1849 2694 dignitatis
1876 2630 1985 2690 eausa
2034 2609 2165 2676 Verum
2197 2612 2274 2694 quia,

1306 2693 1386 2759 dum
1406 2704 1520 2761 nostra
1548 2695 1656 2762 officia
1681 2704 1811 2762 nostras
1837 2696 1977 2762 virtutes
2003 2695 2101 2781 lenge
2130 2697 2274 2770 vineunt,

1305 2780 1372 2846 illis
1390 2781 1490 2846 etiam
1502 2781 1714 2860 satisfaciunt,
1733 2779 1892 2848 mercedis
1909 2783 2042 2847 nomina
2059 2782 2274 2848 eontinentm.

1307 2865 1403 2948 Quod
1425 2869 1452 2932 si
1475 2867 1575 2932 simili
1596 2867 1646 2932 uti
1666 2867 1752 2946 lieet,
1774 2889 1845 2933 rem
1862 2875 1965 2933 totam
1984 2867 2088 2952 multo
2110 2867 2275 2934 dilucidio-

324 2991 327 2998 *
363 2953 533 3036 Prineipio
554 2953 628 3037 quis
651 2953 696 3019 sit
723 2953 823 3019 huius
844 2957 862 2992 ⁸
882 2953 1046 3038 evangelii
1068 2975 1194 3040 scopus,
1217 2973 1255 3020 ae
1306 2972 1377 3017 rem
1394 2951 1583 3019 reddemus:
1605 2953 1851 3019 filiusfamilias
1868 2955 1946 3020 totis
1962 2954 2089 3020 viribus
2106 2955 2195 3037 patri
2211 2953 2275 3038 pla·

278 3061 338 3124 quo
359 3041 470 3106 emnia
490 3039 608 3105 referri
628 3037 783 3118 debeant,
813 3037 989 3124 diligenter
1009 3044 1027 3079 ⁹
1048 3048 1098 3106 est
1118 3041 1256 3106 investi·
1307 3059 1380 3106 cera
1401 3039 1532 3118 nititur,
1560 3040 1671 3104 omnia
1693 3059 1754 3105 sua
1774 3040 1881 3106 officia
1900 3042 1937 3106 in
1956 3040 2052 3105 illum
2080 3040 2197 3120 refert,
2224 3037 2276 3106 sed

322 3126 441 3192 ndum:
475 3123 563 3209 quod
593 3146 634 3191 ex
661 3123 825 3210 evangelii
853 3147 892 3191 ae
919 3125 1002 3208 legis
1029 3125 1255 3210 descriptione,
1307 3145 1374 3190 non
1385 3146 1468 3209 quae
1480 3132 1572 3190 tanta
1583 3127 1650 3190 sint
1660 3133 1700 3190 ut
1710 3125 1947 3200 haereditatem
1964 3133 2164 3204 mereantur,
2182 3145 2274 3210 quam

301 3213 398 3278 einde
419 3211 590 3295 utriusque
611 3213 699 3277 inter
724 3232 760 3277 se
782 3210 954 3276 eellatiene
975 3212 1070 3277 facile
1090 3212 1197 3278 intelli
1221 3234 1255 3278 e-
1306 3210 1680 3294 nihilominus.aecipit,
1709 3210 1956 3296 mercedemque
1974 3210 2139 3295 adpellare
2166 3212 2274 3295 possis,

278 3307 344 3365 tnr.
388 3299 480 3383 Ergo
499 3297 708 3380 evangelium
728 3297 839 3362 bouum
861 3305 911 3364 est
932 3299 1091 3364 nuncium
1113 3305 1184 3364 ets
1219 3297 1256 3363 u·'
1307 3295 1471 3380 nonquod
1493 3295 1603 3362 debita
1619 3298 1664 3362 sit
1680 3296 1738 3363 sed
1756 3295 1914 3381 quodfilii
1932 3319 2012 3382 erga
2026 3307 2156 3381 patrem
2173 3298 2275 3362 efficia

278 3385 375 3452 tifera
402 3383 443 3450 de
470 3383 604 3450 Christo
635 3381 852 3466 praedicatio,
887 3382 973 3466 qued
1005 3403 1025 3447 a
1053 3383 1127 3449 Deo
1161 3391 1255 3468 patre
1306 3383 1381 3467 plus
1393 3385 1472 3449 satis
1485 3391 1684 3466 compenset.
1718 3383 1773 3448 lta
1784 3404 1910 3450 meroes
1926 3385 1962 3449 in
1974 3385 2076 3449 saeris
2087 3383 2273 3468 plerumque

276 3473 400 3538 missus
421 3470 474 3548 sit,
497 3476 536 3535 nt
556 3468 708 3534 omnibus
728 3489 824 3552 opem
846 3469 943 3548 ferat,
972 3474 1000 3534 ct
1024 3471 1130 3535 vitam
1150 3478 1254 3535 aeter-
1286 3499 1289 3506 ·
1306 3470 1460 3553 usurpari
1469 3467 1561 3535 solet
1593 3469 1689 3546 Alias
1710 3469 1783 3552 quis
1805 3470 1968 3554 intelligat
1988 3471 2092 3534 vitam
2111 3477 2274 3536 aeternam

278 3578 357 3624 nam
376 3555 537 3623 conciliet
581 3556 656 3620 Lex
677 3555 861 3638 praeceptis
884 3556 1070 3636 eamear,
1097 3557 1253 3636 minatur,
1305 3555 1514 3622 mercedem?
1541 3555 1629 3638 Quis
1640 3563 1708 3620 tam
1719 3557 1840 3622 mentis
1851 3575 1971 3640 expers
1987 3565 2026 3620 ιιι
2046 3557 2150 3623 vitam
2173 3563 2273 3620 aeter·

342 3651 386 3722 et,
404 3641 530 3707 nullam
548 3641 719 3724 pollicetur
729 3640 1001 3706 benevolentiam.
1033 3641 1255 3728 Evangelium
1306 3662 1383 3707 nam
1405 3643 1526 3708 nostris
1547 3641 1725 3708 benefactis
1744 3640 1869 3721 deberi,
1903 3649 1961 3707 aut
1980 3648 2094 3708 nostra
2111 3641 2275 3707 benencas

278 3752 302 3795 ιι
352 3731 379 3794 's
400 3727 500 3794 minis
567 3728 599 3806 ἰ,
622 3747 690 3792 non
711 3726 852 3810 impellit
873 3727 1063 3811 praeceptis,
1091 3749 1254 3794 summam
1307 3725 1414 3814 digna
1429 3749 1501 3793 esse
1530 3729 1605 3794 vita
1626 3734 1761 3793 aeterna
1795 3728 1962 3794 existimet
1989 3735 2086 3811 atque
2115 3724 2272 3794 affirmet?

277 3816 343 3882 Dei
365 3835 446 3899 erga
467 3749 810 3878 noillensvolenuam
829 3811 932 3879 docet.
965 3813 1157 3898 Qui'igitur
1173 3837 1255 3899 pure
1307 3811 1471 3880 Omnibus
1482 3813 1585 3897 igitur
1603 3815 1647 3880 sit
1667 3815 1702 3878 in
1724 3813 1880 3893 confesso,
1903 3813 2076 3879 Christum
2097 3813 2158 3880 boo
2177 3833 2274 3880 evan·

278 3909 312 3967 et
335 3902 461 3967 sineere
484 3899 695 3984 evangelium
716 3899 928 3982 interpretari
948 3899 1054 3979 volet,
1081 3901 1191 3966 omnia
1213 3901 1254 3966 ad
1307 3899 1383 3985 gelii
1407 3899 1486 3978 loeo,
1505 3907 1543 3964 ut
1552 3899 1687 3982 reliquis
1706 3899 1866 3978 omnibus,
1888 3920 1982 3965 snam
1999 3901 2155 3984 gratiam,
2184 3919 2273 3965 suam

272 3987 456 4069 praedictas
477 3987 582 4070 exigat
606 3986 835 4066 demptiones.
879 3983 989 4066 Quam
1015 3987 1179 4053 tractandi
1200 4009 1254 4053 ra-
1307 3983 1557 4052 benefieentiam
1579 3995 1656 4050 ante
1682 3985 1792 4052 oculos
1809 4005 1941 4070 ponere,
1964 3997 2001 4052 ut
2025 3986 2082 4051 lex
2099 3987 2143 4052 sit
2158 3983 2274 4050 intelli·

278 4072 402 4138 tienem
430 4073 486 4156 qui
512 4093 579 4136 non
601 4079 798 4156 sequuntur,
825 4092 993 4154 nunquam
1014 4074 1095 4138 satis
1116 4073 1255 4138 feliciter
1307 4071 1423 4156 ganda,
1446 4071 1562 4137 docere
1584 4073 1711 4137 Mosam
1733 4091 1888 4156 germane
1909 4073 2129 4155 interpretari.

279 4159 316 4223 in
350 4157 470 4225 essct
499 4157 705 4241 philosophia
742 4157 975 4223 versabuntur.
1029 4158 1103 4224 Hoc
1136 4161 1254 4224 vitium
1392 4155 1460 4223 Sed
1480 4157 1688 4223 Matthaeum
1709 4157 1889 4223 audiamus.
1933 4155 2045 4239 Quum
2070 4157 2205 4224 vidisset
2225 4156 2275 4220 Ia·

278 4243 492 4329 perditissimi
519 4243 684 4327 sophistae
711 4244 923 4322 inornarent,
956 4244 1012 4326 qui
1041 4243 1081 4309 de
1103 4244 1179 4309 lana
1200 4267 1253 4312 ca·
1306 4265 1362 4310 sus
1391 4245 1503 4310 turbas
1530 4242 1677 4310 aseendit
1700 4243 1736 4308 in
1765 4254 1925 4322 montem,
1952 4253 1987 4309 et
2014 4265 2116 4326 quum
2142 4242 2276 4309 sedisset

279 4330 376 4414 prina
400 4335 558 4414 perpetuo
586 4329 803 4408 contendunt,
838 4329 1005 4410 rixantur,
1042 4329 1252 4412 altercantur,
1306 4339 1513 4396 accesserunt
1540 4329 1582 4394 ad
1603 4351 1679 4394 eum
1701 4329 1860 4412 diseipuli,
1890 4337 1924 4394 et
1945 4329 2097 4413 aperiens
2119 4349 2154 4396 os
2179 4347 2275 4394 sunm

279 4415 366 4480 nibil
387 4415 427 4480 de
447 4413 520 4493 lide,
543 4415 627 4480 nihil
649 4415 689 4481 de
711 4437 821 4480 amore
840 4414 906 4480 Dei
927 4420 945 4455 ⁵
961 4421 978 4454 ¹
998 4415 1082 4481 nibil
1104 4417 1145 4482 de
1165 4418 1254 4484 veris
1306 4415 1442 4482 docebat
1461 4415 1535 4482 illos
1554 4415 1678 4481 dicens:
1700 4415 1797 4480 Beati
1814 4437 1973 4499 pauperes
1989 4417 2118 4498 spiritu
2159 4415 2275 4479 Atten-

278 4501 1255 4673 tttttttttttitt.⁰t3tt.⁰.²¹¹¹.t¹t¹.t”ttatttt
1306 4501 1911 4656 thritheittlttlt‘latt
1927 4500 2276 4654 {libidirilil

279 4681 439 4742 eoereent
485 4672 553 4738 Vos
575 4694 672 4758 rogo,
700 4681 859 4757 quotquot
886 4674 940 4741 hie
968 4673 1104 4755 adestis,
1133 4683 1171 4741 ut
1192 4677 1253 4742 has
1306 4675 1450 4740 dormire
1471 4695 1536 4739 non
1559 4675 1646 4754 sinit,
1669 4672 1726 4740 sed
1748 4693 1861 4739 somno
1882 4674 2043 4757 profunde
2065 4695 2125 4738 nos
2145 4673 2273 4748 excitat,

279 4761 442 4837 haereses,
464 4759 525 4824 has
546 4761 582 4824 in
600 4759 711 4825 Deum
729 4759 942 4826 contumelias
962 4783 1130 4844 nunquam
1152 4783 1254 4846 aequo
1306 4761 1459 4828 inchoata
1485 4767 1519 4824 et
1546 4761 1643 4825 rudia
1670 4759 1795 4843 expolit
1822 4767 1854 4824 et
1882 4759 2017 4844 perficit
2062 4760 2275 4840 Praeceptum

280 4850 389 4913 animo
409 4845 532 4911 feratis.
1306 4855 1378 4914 erat
1400 4847 1541 4930 antiquis
1561 4869 1604 4911 ne
1626 4845 1703 4910 dees
1725 4845 1885 4912 haberent
1906 4845 2045 4911 alienes:
2068 4842 2275 4929 quodquam

366 4931 434 4999 Sed
456 4929 545 4998 unde
567 4931 713 5016 digressa
740 4940 791 4997 est
812 4953 849 4996 eo
871 4931 984 4998 redeat
1006 4941 1118 4999 nostra
1140 4935 1252 5000 oratio.
1305 4935 1343 4998 in
1364 4952 1493 5000 summa
1513 4940 1725 4998 versarentur
1745 4953 1858 4997 rerum
1880 4933 2101 5016 ignoratione,
2129 4928 2274 5012 spiritus·

1305 5039 1368 5104 que
1395 5025 1546 5104 expertes
1572 5025 1700 5096 essent,
1734 5017 1984 5103 intelligendum
2012 5023 2209 5084 censuerunt
2236 5013 2276 5078 de

442 2815 539 2882 Beati
560 2835 721 2900 pauperes
742 2815 868 2900 spiritu.
908 2815 1029 2882 Matth
1053 2819 1082 2881 5.

1412 5197 1435 5204 ...—
1445 5197 1508 5203 —.-

349 5218 386 5281 19
403 5222 452 5274 bis.
489 5222 518 5288 1)
548 5221 624 5290 Quae
649 5221 729 5274 unck
755 5219 921 5274 includimus
941 5223 973 5276 a'a
989 5224 1080 5281 eodm
1103 5231 1253 5281 momento

281 5287 368 5344 delete
385 5295 458 5345 aaut.
1406 5291 1438 5362 2)
1456 5293 1512 5350 Hie
1530 5295 1653 5350 εαὸιιιιίι
1668 5295 1850 5364 fragmentum
1870 5291 2028 5348 Geaeecma
