4804 6012
258 307 323 370 283
1143 293 1386 362 APOLOGIA
2203 293 2262 355 284

258 489 355 574 Quod
373 491 400 556 si
411 489 493 554 mihi
505 487 614 554 aditus
625 487 793 570 patuisset,
813 484 944 564 Caesar,
963 486 1005 551 ad
1023 485 1238 570 cogitationes
1288 482 1344 548 ille
1366 491 1443 548 tuus
1465 481 1721 559 Machliniensis,
1744 491 1778 546 et
1800 491 1856 546 tuo
1878 481 2010 546 nomine
2032 485 2106 560 [pag.
2127 485 2180 557 2⁷}
2199 501 2264 545 ma·

257 597 349 652 meus
371 576 431 641 tibi
454 571 654 658 aperiendas,
678 571 843 654 praeclare
865 580 954 638 certe
976 593 1105 638 mecum
1128 577 1237 636 actum
1289 590 1369 634 num
1386 568 1498 633 iniecit
1514 569 1596 632 mois
1614 565 1881 650 possessionibus,
1904 577 1938 631 et
1960 587 2054 632 reum
2080 587 2133 631 me
2151 563 2264 631 deinde

257 673 439 748 putassem:
463 681 568 743 neque
589 658 623 722 id
646 669 713 722 tam
736 659 883 740 privatae
904 679 996 724 meae
1018 656 1238 723 excusationis
1289 674 1446 738 peragere
1468 675 1532 718 non
1554 652 1724 718 dubitavit.
1759 654 1830 718 Tua
1850 673 1928 717 vero
1946 652 2100 718 maiestas
2122 651 2264 717 iudicare

257 769 367 826 causa,
386 755 536 831 quamut
553 745 659 810 officio
677 753 800 828 orgeto
822 765 895 808 meo
913 743 1118 828 defungerer.
1154 741 1238 808 Sen-
1289 751 1404 824 potest,
1428 761 1471 804 an
1489 741 1575 804 iusta
1596 740 1638 804 sit
1660 740 1740 806 haee
1763 758 1876 812 causa,
1905 759 1964 804 cur
1986 759 2039 802 me
2061 749 2130 803 tam
2151 739 2264 803 atroci-

258 837 306 900 tio
329 835 427 911 enim,
451 841 518 897 tam
541 831 706 896 communi
729 827 935 894 subditorum
956 829 1037 913 lege,
1060 851 1159 913 quam
1182 849 1237 910 pe-
1290 836 1341 890 ter
1364 837 1611 908 persequantur.
1656 824 1733 892 Scio
1760 824 1909 907 equidem
1931 836 1965 888 et
1987 823 2067 890 alias
2089 824 2171 889 duae
2192 843 2265 889 oau-

259 921 376 988 ouliari
404 917 489 1001 quod
518 918 577 982 tibi
605 915 674 980 dixi
702 923 921 993 sacramento,
957 915 1139 1000 obligatum
1166 934 1237 979 esse
1290 933 1343 978 sus
1364 913 1511 996 congeri,
1540 911 1627 994 quod
1649 911 1786 986 scilicet,
1814 917 1846 974 te
1868 909 2080 986 adventante,
2112 910 2266 976 discesse-

259 1029 321 1085 me,
346 1017 381 1070 ut
403 1005 431 1070 si
452 1003 529 1087 quid
551 1003 634 1068 scire
656 1011 713 1066 tua
734 1001 875 1078 intersit,
898 1023 940 1066 ne
961 1001 995 1066 id
1018 1003 1079 1067 tibi
1100 1023 1158 1084 per
1185 1021 1238 1065 me
1290 999 1352 1062 rim
1387 997 1538 1072 Colonia,
1566 998 1726 1062 adversus
1753 1007 1846 1063 tuum
1875 995 2096 1062 interdictum.
2141 994 2267 1076 Quum·

259 1100 399 1176 tegatur.
433 1089 500 1155 Sed
512 1090 589 1171 quia
607 1109 674 1152 non
692 1087 750 1152 abs
764 1109 800 1150 re
822 1087 969 1162 verebar,
993 1109 1045 1165 ne,
1063 1088 1091 1151 si
1113 1097 1146 1152 tc
1169 1106 1237 1150 mo·
1291 1105 1353 1168 que
1375 1082 1565 1148 mandasses
1583 1087 1839 1168 Argentoratum
1859 1081 2085 1164 relinquerem,
2109 1084 2195 1166 quod
2212 1102 2266 1169 pe-

259 1177 404 1243 nendum
422 1181 493 1254 [pag.
514 1181 565 1251 25]
584 1173 783 1256 susciperem
796 1193 894 1255 quam
908 1175 1021 1238 vitiata
1034 1173 1146 1238 multis
1164 1193 1238 1255 par-
1291 1169 1365 1234 dem
1395 1181 1505 1234 umen
1535 1169 1610 1234 inde
1636 1191 1699 1235 non
1737 1171 1911 1236 moverim:
1945 1179 2184 1252 proptereaque
2217 1188 2266 1235 me

151 1255 155 1266 ’
259 1263 346 1328 tibus
374 1263 413 1326 sit
450 1260 567 1344 religio
598 1279 680 1342 quae
714 1257 808 1322 hodio
842 1258 940 1343 vulgo
973 1259 1124 1336 obtinuit,
1157 1258 1239 1322 mihi
1290 1256 1527 1322 inobedientiae
1547 1259 1741 1324 convictum.
1789 1255 1886 1338 Quod
1909 1255 1951 1322 ad
1976 1257 2118 1336 priorem
2135 1277 2267 1323 causam

259 1349 431 1434 praeclusa
457 1353 543 1412 esset
571 1345 633 1422 ria,
662 1355 828 1427 uteunque
850 1366 907 1426 per
931 1367 1018 1410 eram
1048 1344 1240 1426 obrepsisse,
1290 1344 1417 1422 attinet,
1437 1345 1568 1422 Caesar,
1587 1345 1739 1408 existimo
1755 1342 1857 1408 fuisse
1875 1343 1934 1408 tibi
1953 1342 2035 1407 meis
2052 1341 2157 1408 literis
2175 1345 2268 1408 satis·

260 1435 354 1502 claris
377 1431 580 1518 argumentis
602 1429 816 1507 ostenderem,
835 1367 929 1511 quorl
943 1430 1079 1496 adversa
1101 1433 1167 1494 iam
1189 1451 1239 1494 es·
1291 1431 1428 1508 factum,
1457 1429 1543 1513 quod
1565 1439 1600 1494 et
1621 1430 1818 1512 aequissima
1845 1429 1958 1504 suerit,
1985 1449 2084 1511 quam
2106 1430 2266 1511 proposui,

260 1543 313 1587 ses
353 1519 562 1603 persuasione
601 1524 792 1599 occupatus:
834 1515 1006 1600 amplexus
1038 1539 1120 1594 sirm,
1153 1515 1240 1598 quod
1290 1517 1457 1582 excusatio
1479 1525 1512 1580 et
1534 1516 1704 1582 verissima
1726 1515 1860 1581 iudicari
1881 1515 1992 1597 possit,
2015 1513 2102 1578 sido
2119 1516 2186 1579 mei
2205 1514 2268 1580 dis·

259 1608 429 1691 proprium
452 1613 531 1680 erat,
554 1601 751 1668 subsidium:
775 1608 813 1665 ut
833 1623 907 1666 meu
928 1603 1125 1668 discessione
1148 1603 1256 1670 decer
1291 1622 1401 1668 cessus
1429 1615 1574 1685 tempore
1604 1602 1796 1683 inquiratur.
1857 1601 1957 1666 Certe
1986 1599 2117 1676 medici,
2147 1601 2269 1666 frustra

260 1714 341 1768 rem,
365 1713 463 1774 quam
484 1689 720 1754 alienissimum
744 1710 796 1752 mc
818 1709 887 1753 osse
911 1689 951 1753 ub
973 1689 1013 1752 iis
1039 1689 1239 1770 imposturis,
1292 1690 1426 1752 tentatis
1449 1688 1601 1752 omnibus
1621 1688 1693 1751 aliis
1716 1685 1877 1758 remediis,
1908 1685 1949 1750 ad
1971 1685 2090 1750 balnea
2111 1707 2165 1750 mo
2188 1687 2267 1751 rele-

262 1780 380 1863 quibus
403 1775 551 1859 intelligo
574 1774 658 1838 nihil
681 1795 779 1855 quum
807 1775 890 1837 iram
915 1775 1051 1839 Domini
1072 1775 1240 1857 provocari
1291 1785 1417 1858 garant,
1441 1795 1606 1856 quumque
1627 1774 1835 1838 intuerentur
1857 1773 1947 1836 illam
1970 1793 2075 1836 meum
2097 1771 2267 1838 imbecilli·

261 1865 420 1930 adversus
442 1883 557 1926 omnes
578 1861 635 1942 qui
655 1859 721 1924 illis
744 1860 997 1926 communicant.
1043 1859 1240 1942 Quanquam
1291 1871 1401 1938 tetcnr,
1425 1860 1459 1924 in
1481 1881 1580 1942 quam
1602 1859 1699 1942 longo
1726 1862 1841 1924 morbo
1869 1858 2057 1924 debilitatus
2079 1855 2266 1936 incideram,

262 1951 383 2033 itaque,
407 1947 538 2022 Caesar,
561 1946 724 2012 discessus
741 1953 774 2010 te
796 1967 898 2023 meus,
921 1945 1005 2028 quod
1024 1945 1147 2010 nullam
1170 1947 1240 2010 eius
1291 1945 1532 2029 properandum
1555 1955 1714 2028 quantum
1731 1965 1860 2028 possem
1883 1944 2126 2010 consuluerant:
2158 1943 2267 2008 habita

262 2039 421 2101 rationem
449 2033 539 2116 prius
567 2030 774 2110 reddiderim,
803 2031 983 2106 offenderit,
1014 2053 1107 2114 spero
1130 2041 1239 2096 tamen
1291 2053 1417 2115 quoque
1440 2033 1563 2096 rationo
1585 2031 1694 2096 affecti
1716 2043 1749 2096 et
1775 2031 2010 2115 propemodum
2038 2030 2133 2095 fracti
2155 2050 2266 2112 eorpo-

262 2119 438 2204 aliquendo
461 2120 536 2183 boni
558 2131 590 2182 te
612 2119 857 2195 consulturum,
884 2118 971 2200 quod
1001 2139 1094 2182 ame
1117 2118 1238 2182 facturn
1291 2119 1346 2195 ris,
1371 2129 1406 2182 ut
1428 2118 1493 2182 iter
1514 2117 1667 2201 eligerem
1698 2118 1806 2181 minus
1829 2137 1994 2199 asperum,
2025 2125 2266 2199 praeceperant

263 2217 321 2274 est
371 2205 512 2270 Interim
540 2225 594 2268 me
624 2204 686 2270 hoe
715 2201 803 2287 apud
825 2202 935 2268 Deum
964 2205 1166 2280 consolatur,
1199 2225 1240 2267 ex
1291 2205 1337 2268 Et
1357 2224 1435 2268 sane
1456 2225 1556 2286 quum
1578 2203 1661 2267 mihi
1683 2204 1757 2286 equi
1775 2212 1833 2287 aut
1854 2223 1969 2268 oureus
1983 2206 2008 2286 ι)
2031 2200 2179 2266 decussio
2202 2222 2267 2266 non

262 2303 321 2358 tua
342 2292 511 2357 nobilitate
532 2291 673 2372 primum
696 2290 795 2354 fuisse
817 2310 879 2367 mo,
908 2291 963 2373 qui
985 2310 1022 2354 re
1043 2290 1115 2373 ipsu
1136 2290 1240 2372 magis
1291 2301 1378 2355 esset
1400 2289 1585 2367 tolerabilis,
1610 2289 1765 2353 Rhenum
1788 2288 1974 2355 conscendi:
2003 2289 2080 2370 quia
2102 2289 2266 2372 navigatio

263 2400 362 2462 quam
383 2376 482 2444 verbo
504 2376 668 2459 professus
688 2376 765 2451 sim,
794 2375 939 2440 alienum
968 2376 1114 2440 animum
1137 2375 1177 2440 ab
1200 2376 1241 2440 iis
1291 2376 1420 2440 mollior
1451 2377 1562 2440 lutura
1594 2383 1673 2439 orat.
1733 2374 1827 2440 Solvi
1859 2376 1960 2458 igitur
1992 2373 2145 2451 Oolonia,
2178 2373 2267 2438 nullo

263 2464 400 2544 habere,
429 2483 513 2546 quae
535 2483 635 2545 quum
658 2461 721 2526 Dei
745 2461 900 2526 honorem
927 2461 1076 2546 graviter
1097 2459 1239 2538 laedant,
1291 2479 1379 2528 certe
1408 2461 1543 2528 consilio
1573 2459 1740 2538 vitandae,
1770 2460 1908 2538 Caesar,
1944 2469 2021 2524 tuae
2048 2460 2265 2543 praescntiae:

264 2571 331 2616 non
349 2557 488 2634 possunt
505 2557 581 2612 tuae
598 2547 762 2612 maiestati
781 2567 847 2611 non
864 2568 934 2612 esse
952 2546 1142 2629 perniciosa.
1172 2545 1239 2610 De·
1292 2547 1349 2613 sed
1382 2556 1509 2613 coactus
1536 2546 1745 2631 gravissima,
1780 2559 1819 2611 ut
1847 2548 1913 2611 iam
1946 2545 2032 2622 dixi,
2066 2547 2265 2611 necessitate.

264 2638 362 2719 nique
395 2634 608 2711 conscientia,
642 2653 739 2715 quam
771 2632 806 2696 in
831 2632 920 2699 hisce
951 2631 1048 2698 rebus
1082 2639 1240 2715 sequutus
1292 2635 1405 2716 Neque
1427 2653 1506 2698 vero
1529 2639 1602 2712 {pag
1623 2639 1674 2710 28]
1698 2643 1768 2696 tum
1790 2643 1867 2697 nota
1889 2633 1970 2696 mihi
1988 2640 2061 2697 erat
2077 2641 2135 2696 tua
2153 2631 2266 2696 volun·

263 2743 348 2802 sum,
367 2743 420 2786 me
443 2719 484 2784 ab
506 2719 596 2784 omni
618 2718 714 2801 culpa
731 2718 886 2784 vindicat.
931 2717 976 2783 Et
997 2741 1050 2783 res
1067 2720 1148 2803 ipsa,
1171 2723 1240 2802 opi·
1292 2729 1352 2785 tas.
1398 2718 1510 2800 Quum
1532 2719 1628 2802 longe
1650 2737 1842 2802 progressus
1864 2739 1978 2795 essem,
2000 2727 2034 2782 et
2049 2719 2267 2802 Argentorato

263 2810 360 2873 nione
383 2828 465 2886 mea,
489 2807 568 2870 vitio
589 2804 672 2868 mihi
692 2802 762 2868 dari
784 2825 851 2869 non
873 2803 978 2869 dehet.
1292 2805 1359 2871 iarn
1392 2807 1703 2888 appropinquarem,
1738 2813 1818 2870 tune
1848 2805 1991 2888 primum
2019 2805 2132 2870 literas
2164 2825 2184 2867 a
2213 2811 2267 2867 tua

350 2891 510 2976 Superest
540 2900 578 2955 ut
599 2889 639 2956 de
666 2910 721 2967 eo,
750 2891 783 2954 in
814 2911 911 2973 quem
939 2912 991 2956 me
1019 2892 1141 2969 recepi,
1171 2891 1241 2956 loeo
1292 2891 1462 2956 maiestate
1485 2892 1622 2974 accipio:
1645 2890 1763 2973 quibus
1785 2889 1920 2956 iubebas
1937 2911 1990 2955 me
2000 2890 2158 2957 Coloniae
2175 2899 2267 2953 tuum

264 2980 366 3046 verba
392 2979 525 3044 faciam:
559 2987 593 3040 et
624 2975 753 3058 qualem
783 2976 886 3042 vitam
919 2977 1071 3042 omnibus
1098 2978 1134 3042 iu
1163 2977 1242 3043 locis
1293 2976 1471 3042 adventum
1505 2977 1703 3060 praestolari.
1749 2975 1925 3043 Caeterum
1964 2983 2002 3040 ut
2040 2996 2078 3041 eo
2117 2975 2267 3053 redirem,

264 3065 398 3151 egerim.
443 3062 482 3130 si
504 3084 557 3127 me
586 3061 621 3126 in
657 3061 807 3126 hostilem
838 3061 995 3127 ditionem
1022 3063 1241 3142 contulissem,
1293 3063 1385 3127 nullo
1406 3061 1501 3127 modo
1522 3063 1628 3129 facere
1656 3063 1753 3145 potui.
1805 3061 1862 3130 Sic
1884 3064 1972 3128 enim
2002 3062 2042 3128 de
2070 3061 2125 3128 vin
2154 3061 2266 3136 lesem,

264 3149 457 3217 nonnullius
480 3156 567 3214 esset
583 3147 829 3214 maledicentiae
850 3148 949 3214 locus.
983 3149 1056 3234 Ego
1078 3170 1157 3214 vero
1177 3150 1241 3231 pri-
1294 3149 1398 3232 deque
1426 3148 1525 3232 longo
1552 3150 1668 3214 itinere
1692 3149 1815 3215 hactus
1837 3169 1945 3226 eram,
1974 3159 2011 3212 ut
2037 3149 2092 3213 hic
2112 3147 2200 3214 lecte
2222 3145 2266 3212 al·

264 3260 356 3304 mum
373 3235 493 3301 diverti
509 3236 545 3299 in
562 3235 727 3300 civitatem
745 3243 837 3299 tuam
850 3233 1087 3314 Coloniensem,
1100 3239 1174 3314 [pag.
1187 3241 1240 3312 aul
1293 3235 1381 3300 fixus
1407 3235 1512 3300 multo
1545 3243 1691 3317 tempore
1717 3235 1852 3314 luerim,
1888 3235 1959 3301 sine
1993 3233 2061 3300 ulla
2095 3235 2163 3299 iere
2199 3233 2266 3297 lon·
2377 3255 2378 3284 ι

264 3324 321 3390 ubi
332 3325 523 3388 innocenter
534 3328 567 3385 et
577 3320 660 3386 citra
671 3320 863 3404 cuiusquam
875 3321 1088 3386 offensionem
1102 3321 1150 3386 ita
1161 3321 1240 3398 rixi,
1293 3321 1394 3405 gioris
1416 3322 1504 3386 vitae
1526 3341 1592 3403 spe.
1646 3319 1782 3386 Certum
1811 3328 1860 3386 est
1881 3322 2008 3403 itaque,
2037 3341 2090 3385 me
2119 3339 2187 3386 non
2214 3337 2268 3402 po-

264 3417 302 3476 ut
323 3410 394 3474 iure
417 3427 513 3472 nemo
535 3405 575 3471 de
597 3427 650 3470 me
672 3407 764 3490 queri
783 3406 894 3490 possit.
939 3405 1096 3487 Quinimo
1115 3407 1241 3472 archie-
1294 3409 1395 3487 tuisse
1416 3408 1480 3472 iter
1500 3405 1592 3472 bidui
1613 3408 1787 3485 conficere,
1816 3407 1894 3492 quin
1917 3407 2001 3472 mihi
2022 3405 2171 3490 capitalis
2192 3407 2270 3471 luis·

264 3497 416 3579 piscopus
434 3494 649 3576 princepsque
661 3491 865 3557 Coloniensie
884 3492 1013 3570 elector,
1035 3514 1135 3575 quum
1154 3493 1242 3558 vitae
1294 3503 1345 3558 set
1365 3493 1446 3559 haec
1468 3493 1531 3558 loci
1551 3494 1698 3558 mutatio.
1744 3491 1801 3559 Sic
1822 3493 1942 3577 itaque,
1965 3492 2104 3570 Caesar,
2134 3491 2270 3557 iudicari

265 3601 303 3647 ao
326 3601 453 3646 morum
476 3599 623 3643 meorum
646 3579 765 3658 certior
792 3587 878 3643 esset
900 3579 1018 3657 faetus,
1047 3579 1162 3644 maiori
1190 3600 1243 3643 me
1295 3601 1362 3643 non
1384 3600 1527 3662 possum,
1551 3589 1607 3643 tuo
1629 3579 1782 3644 mandatu
1803 3600 1868 3644 non
1891 3579 2053 3662 paruisse,
2084 3600 2187 3662 quum
2209 3577 2269 3644 Oo-
2377 3585 2378 3588 ’

265 3668 471 3733 humanitate
493 3671 527 3729 et
546 3665 656 3728 favore
678 3662 913 3747 dignatusest,
936 3666 1243 3747 quamaboopos-
1295 3665 1384 3730 lonia
1414 3663 1623 3730 discederem.
1684 3665 1798 3748 Neque
1831 3667 1919 3730 enim
1951 3664 2035 3730 illud
2067 3685 2267 3747 acceperam:

266 3754 372 3818 tulere
394 3772 493 3816 ausus
515 3771 635 3816 essem:
664 3747 840 3834 eodemque
870 3771 889 3814 a
917 3770 952 3815 se
984 3752 1243 3834 proficiscentem
1296 3771 1365 3830 neo,
1388 3752 1452 3816 nisi
1474 3771 1510 3814 re
1533 3751 1687 3828 confecta,
1711 3751 1788 3834 quid
1810 3751 1911 3816 velles
1933 3752 2097 3817 intellexi:
2120 3750 2208 3834 quod
2224 3751 2269 3815 fa·

266 3849 317 3906 est
346 3846 572 3923 prosequutus.
629 3834 705 3914 Qua
736 3857 777 3900 ex
808 3858 843 3900 re
877 3838 1047 3918 perspicue
1078 3837 1244 3920 intelliges
1296 3837 1365 3914 cilo,
1389 3837 1445 3902 ubi
1466 3839 1664 3919 permiseris,
1687 3838 1824 3920 probare
1846 3839 1928 3902 mihi
1949 3847 2138 3922 promptum
2161 3837 2232 3900 erit

265 3926 426 3990 rationem
449 3921 581 3988 vivendi
603 3931 748 3986 nostram
768 3921 833 3988 illic
852 3922 1116 3988 honestissimam
1134 3923 1243 3999 fuisse,
1381 3923 1429 3988 Ut
1450 3922 1490 3986 ad
1513 3919 1692 3988 secundum
1715 3932 1814 4006 caput
1835 3925 1976 4001 venium,
2005 3924 2125 3988 misisti
2147 3923 2190 3987 ad
2210 3943 2269 3998 me,

266 4019 301 4075 et
321 4009 362 4074 ab
384 4011 472 4073 omni
495 4009 630 4072 sinistra
656 4015 735 4073 nota
762 4017 929 4072 remotam.
981 4007 1086 4092 Spero
1114 4009 1244 4072 enims
1297 4008 1435 4086 ansar,
1465 4009 1606 4073 nobilem
1627 4008 1789 4092 quendam
1812 4011 1918 4074 virum
1948 4017 2023 4075 tuae
2044 4010 2171 4084 cumae,
2198 4027 2270 4072 eum

266 4105 309 4174 te,
333 4094 462 4170 Caesar,
485 4113 552 4158 non
573 4094 793 4176 improbatum
811 4094 852 4157 iri
874 4095 943 4159 eius
965 4094 998 4158 in
1018 4116 1070 4160 me
1088 4095 1244 4176 principis
1296 4095 1415 4160 litteris
1436 4102 1471 4158 et
1499 4093 1666 4159 fiduciario
1695 4093 1858 4161 mandato.
1909 4095 1944 4161 Is
1973 4117 1992 4160 a
2021 4103 2079 4161 tua
2100 4095 2269 4160 maiestate

266 4201 468 4266 propensum
479 4180 636 4255 favorem,
660 4183 752 4262 quasi
764 4188 879 4244 testem
893 4189 1059 4263 spectatae
1071 4180 1112 4245 ab
1134 4201 1172 4245 eo
1192 4181 1243 4244 in·
1295 4179 1487 4246 mandatum
1517 4202 1552 4245 se
1580 4181 1700 4247 habere
1728 4181 1827 4260 dixit,
1863 4195 1899 4247 ut
1930 4181 2130 4266 intelligeret
2158 4177 2270 4263 ecquid

267 4265 431 4352 tegritatis
453 4285 553 4328 meae.
607 4261 645 4330 Si
673 4265 713 4330 de
741 4267 935 4350 magistratu
958 4265 1147 4332 Coloniensi
1169 4287 1244 4349 aga-
1299 4266 1449 4339 valerem,
1472 4287 1533 4331 our
1554 4266 1619 4332 huo
1641 4269 1812 4344 venissem,
1836 4278 1870 4332 et
1892 4265 1970 4350 quid
1992 4267 2145 4351 deinceps
2168 4268 2269 4332 faeere
2377 4275 2378 4334 1

267 4363 339 4418 tur:
362 4371 456 4433 spero
478 4349 565 4415 idem
587 4351 667 4428 loro,
698 4361 735 4415 ut
756 4351 1034 4417 existimationem
1057 4371 1163 4417 meam
1185 4373 1244 4416 suo
1295 4353 1516 4418 instituerem:
1546 4353 1644 4418 simul
1667 4354 1765 4418 etiam
1787 4374 1840 4418 me
1862 4363 2010 4418 moneret
2031 4353 2181 4436 obliquae
2201 4373 2269 4418 sus·

267 4437 454 4503 testimonio
477 4456 543 4500 non
566 4435 682 4501 laedat.
715 4437 797 4502 Inde
819 4438 932 4504 morbo
950 4445 1091 4517 coactus,
1114 4439 1244 4522 Argen·
1296 4439 1440 4522 pieionis,
1464 4457 1529 4520 qua
1550 4439 1689 4504 notabor
1710 4440 1879 4524 religionis
1903 4441 2051 4516 nomine,
2080 4459 2145 4522 quo
2173 4439 2212 4504 de
2233 4456 2269 4502 ea
2377 4429 2378 4448 ³

267 4533 410 4590 toratum
433 4522 595 4605 profectus
613 4543 696 4600 sum,
719 4523 883 4588 civitatem
902 4523 992 4588 illam
1011 4524 1059 4588 tui
1078 4535 1165 4589 certe
1182 4525 1244 4588 im·
1296 4537 1371 4589 tuae
1392 4525 1554 4588 maiestati
1576 4546 1628 4589 me
1655 4545 1840 4610 purgarem.
1892 4526 2018 4590 Verum
2042 4525 2130 4590 idem
2158 4524 2267 4608 potuit,
2377 4571 2378 4578 ι

267 4611 353 4695 perii
381 4629 446 4672 non
475 4616 687 4690 postremam:
718 4620 756 4674 ut
784 4611 888 4675 vereri
909 4629 976 4674 non
996 4608 1172 4688 debuerim,
1201 4631 1244 4674 ne
1297 4609 1434 4688 ansar,
1463 4621 1589 4674 eertum
1617 4612 1703 4676 ferre
1733 4612 1957 4677 testimonium
1983 4609 2024 4676 de
2051 4631 2125 4677 mea
2146 4611 2268 4676 valetu-

267 4705 327 4762 aut
354 4715 490 4771 ιιοιιιιιι,
519 4703 575 4758 aut
601 4695 771 4778 ingratum
798 4695 832 4759 id
859 4697 917 4762 tibi
946 4716 1017 4762 esse
1045 4705 1162 4780 posset
1207 4693 1246 4760 Si
1297 4695 1384 4770 dine,
1405 4717 1470 4778 qua
1491 4717 1543 4761 me
1566 4706 1637 4762 tum
1658 4696 1861 4762 laborantem
1884 4697 1975 4776 vidit,
2003 4699 2095 4780 isque
2118 4719 2203 4762 unus
2223 4696 2268 4760 lo-

268 4792 327 4847 aut
345 4780 483 4846 Parisiis
506 4801 646 4864 agerem,
670 4789 729 4845 eut
750 4779 914 4846 Venetiis:
949 4803 1016 4847 non
1038 4783 1246 4847 existimarer
1297 4781 1410 4865 cuplee
1438 4780 1502 4846 erit
1529 4786 1603 4862 [pag.
1623 4791 1676 4862 29]
1705 4783 1816 4861 testis,
1849 4782 1934 4866 quod
1962 4783 2061 4866 paulo
2084 4791 2163 4848 ante
2193 4781 2267 4857 dixi,

268 4889 307 4932 eo
330 4867 464 4932 nomine
486 4864 665 4948 quidquam
683 4867 818 4950 gruarius
836 4866 994 4933 adversus
1013 4877 1105 4932 tuum
1127 4870 1245 4933 maies-
1297 4888 1368 4933 esse
1390 4867 1609 4938 verissimum.
1654 4867 1692 4934 Si
1714 4871 1803 4934 enim
1825 4879 1897 4934 tum
1919 4889 2055 4952 quoque,
2083 4889 2186 4952 quum
2206 4869 2268 4932 iam

270 4960 372 5017 tatem
394 4952 603 5018 commisisse.
648 4950 781 5033 Quanto
803 4953 912 5034 itaque
940 4954 1045 5038 magis
1067 4954 1148 5018 mihi
1171 4973 1245 5038 per-
1296 4953 1522 5020 oonvalesccre
1543 4955 1735 5039 inciperem,
1764 4975 1866 5038 usque
1888 4953 1968 5020 adeo
1990 4967 2102 5020 tamen
2123 4956 2268 5020 infirmus

269 5040 406 5104 missum
434 5038 511 5114 erit,
540 5038 574 5101 in
603 5058 642 5102 ea
670 5037 803 5102 civitate
829 5037 991 5116 habitere,
1020 5061 1103 5122 quae
1132 5043 1179 5104 tui
1203 5040 1246 5106 sit
1296 5039 1402 5105 adhuc
1431 5061 1538 5118 eram,
1571 5041 1664 5105 facile
1699 5053 1850 5124 certoque
1878 5040 1953 5107 inde
1982 5041 2141 5108 eoniieere
2169 5039 2267 5116 licuit,

268 5123 399 5207 imperii
420 5131 453 5187 et
474 5121 627 5188 ditionis?

359 5209 473 5290 Atqui,
504 5207 641 5286 Caesar,
668 5208 730 5274 hac
758 5209 931 5291 praecipue
959 5211 1083 5276 ratione
1111 5217 1246 5277 seusun
1368 5229 1395 5294 ι)
1413 5230 1526 5284 meros?
