4852 6022
162 347 223 412 325
1040 345 1120 408 1539
1143 341 1284 410 ΜΔΒΤ.
2104 344 2169 409 326

162 531 301 608 ιίιιοιιιι,
333 529 395 594 erit
416 537 455 593 ut
483 530 519 592 in
541 527 638 594 rebus
660 528 740 594 adeo
769 525 933 611 dissipatis
955 525 1136 594 tolerabilis
1187 526 1255 592 ulla
1277 527 1449 594 autoritate
1471 535 1609 592 teneam.
1655 527 1744 608 Quid
1761 532 1849 596 enim
1870 531 2052 599 faciemus?
2075 531 2168 598 unde

162 613 313 682 conditio.
363 614 484 698 Aliqua
511 621 545 680 et
572 615 706 697 quidem
734 616 797 679 iam
827 635 947 696 magna
971 633 1046 697 spes
1075 622 1135 690 est,
1187 633 1355 678 sumemus
1388 611 1575 690 exordium,
1610 613 1639 678 si
1668 634 1720 680 res
1748 617 1906 700 collapsae
1940 618 2077 684 velimus
2108 617 2164 684 in·

163 700 248 786 quod
259 701 431 784 Principes
442 710 617 783 coeperunt
630 702 777 766 animum
794 700 962 776 inclinare,
986 700 1136 766 civitates
1187 697 1358 764 staurare?
1391 697 1429 764 Si
1452 698 1590 764 verbnm
1612 699 1717 764 fecero
1739 703 1825 784 quod
1848 703 2061 786 displicuerit,
2084 724 2165 769 mox

163 797 272 854 autem
303 807 372 852 rem
399 783 488 853 cordi
518 785 655 865 babent,
682 807 766 869 quae
794 786 908 851 vident
927 785 1136 851 ecclesiarum
1188 783 1357 850 silentium
1383 784 1603 866 imperabunt.
1653 783 1721 851 Sed
1749 787 1823 853 nolo
1850 790 1936 871 apud
1965 798 1998 853 te
2028 790 2109 854 haee
2130 796 2166 854 et

163 893 298 939 suarum
326 873 411 938 bona
437 880 504 937 tam
539 872 658 936 misere
688 871 869 954 dilapidari.
925 873 977 936 De
1010 871 1137 935 Basilio
1189 869 1308 935 similia
1335 869 1422 952 stylo
1456 870 1624 953 prosequi,
1658 891 1740 953 quae
1773 874 1891 939 melius
1923 877 1995 958 ipse
2028 883 2164 958 reputas

164 960 294 1042 scripsit
315 956 357 1022 ad
378 977 432 1022 me
457 958 649 1040 Tolcarir,⁸)
672 957 765 1022 illum
787 959 919 1040 petiisse
941 977 1047 1040 nuper
1069 955 1136 1022 Ge-
1189 976 1287 1039 quam
1310 953 1375 1020 diei
1397 965 1525 1037 queant.
1570 957 1718 1021 Rursum
1741 959 1769 1024 si
1790 958 1825 1023 id
1841 959 1997 1042 procedit,
2023 961 2165 1026 fratrum

163 1067 267 1111 nevae
289 1043 452 1128 publicam
475 1043 737 1127 disputationem,
757 1043 814 1108 sed
827 1043 990 1126 repulsam
1004 1063 1136 1125 passum
1188 1042 1296 1124 iurgia
1324 1043 1380 1106 vix
1416 1052 1530 1124 potero
1566 1043 1742 1108 sustinere:
1778 1067 1941 1110 summam
1974 1047 2062 1111 enim
2095 1045 2164 1111 solo

164 1149 250 1198 esse:
283 1129 368 1213 quod
400 1127 549 1212 equidem
583 1130 722 1194 libenter
753 1129 863 1206 audio,
895 1151 936 1193 ne
971 1130 1005 1191 in
1039 1137 1137 1210 gente
1189 1125 1380 1192 macreditu
1397 1128 1575 1192 confectam
1593 1129 1835 1194 existimabunt.
1868 1131 2011 1197 Proinde
2022 1131 2165 1215 optarim

164 1218 239 1302 plns
268 1217 348 1281 satis
385 1215 503 1298 alioqui
534 1217 690 1281 novitatis
722 1214 840 1298 cupida
870 1215 953 1279 falsa
986 1213 1139 1297 dogmata
1189 1224 1228 1277 ut
1254 1210 1344 1276 aliud
1365 1213 1475 1295 potius
1505 1213 1633 1296 quidvis
1660 1225 1760 1297 agant
1788 1217 1811 1280 ii
1833 1217 1890 1298 qui
1911 1217 2000 1282 hunc
2020 1218 2166 1302 lapidem

165 1303 373 1386 evulgentnr,
395 1301 512 1384 quibus
534 1299 714 1366 refutandis
735 1322 831 1366 nemo
853 1321 925 1364 sese
947 1307 1097 1382 opponat.
1189 1298 1379 1363 moliuntur.
1429 1298 1522 1362 Nihil
1551 1299 1638 1362 enim
1667 1321 1766 1382 quam
1799 1323 1953 1387 magnam
1980 1303 2166 1370 molestiam

251 1388 348 1454 Nunc
371 1385 412 1452 ad
433 1384 610 1452 secundam
632 1387 849 1469 epistolam,⁷)
871 1405 970 1468 quam
988 1387 1029 1450 ab
1048 1384 1137 1449 aeni·
1162 1404 1164 1445 ι
1190 1385 1273 1448 mibi
1292 1395 1472 1459 accersunt,
1495 1383 1592 1467 idque
1614 1387 1744 1450 frustra.

166 1475 332 1560 gmatibus
353 1473 522 1537 exordiris.
566 1470 634 1553 Qui
655 1473 723 1537 sint
743 1473 832 1537 enim
853 1471 902 1535 illi
922 1471 1137 1548 excubitores,
1275 1470 1323 1536 Ut
1349 1470 1499 1552 promisi,
1528 1471 1674 1536 breviter
1696 1471 1754 1536 tibi
1777 1474 1985 1556 perscribam.
2032 1472 2168 1540 Statum

165 1561 297 1636 ebriosi,
325 1560 426 1636 fures,
458 1559 592 1622 minime
614 1578 785 1640 assequor,
815 1557 880 1622 nisi
908 1557 1053 1640 apertius
1081 1577 1138 1620 ex·
1190 1575 1301 1620 rerum
1328 1555 1562 1622 Frauefordiee
1590 1557 1678 1623 hunc
1707 1560 1933 1640 comperimus.
1956 1590 1957 1594 ¹
1977 1558 2168 1624 Aderaute

165 1645 323 1731 posueris.
374 1643 516 1708 Proinde
553 1665 671 1726 quaeso
704 1655 742 1708 ut
774 1643 858 1708 mihi
889 1643 1004 1726 primis
1036 1642 1140 1706 literis
1191 1641 1286 1706 domo
1320 1640 1484 1706 Saxoniae
1512 1641 1646 1718 Elector,
1679 1645 1750 1709 eius
1781 1646 1897 1723 frater,
1926 1656 1960 1710 et
1991 1665 2091 1729 nepos
2124 1666 2168 1710 ex

165 1733 335 1797 edisseras.
385 1728 437 1794 De
464 1729 522 1792 illa
552 1729 681 1794 Comitis
716 1740 749 1794 et
783 1729 908 1795 Generi
933 1728 1140 1813 ftegauonefl)
1192 1727 1336 1804 Henrico,
1359 1749 1453 1810 quem
1478 1727 1673 1793 Mamilium
1697 1737 1825 1796 vocant.
1878 1732 1923 1796 Hi
1946 1743 2013 1796 tres
2040 1733 2077 1796 in
2104 1751 2165 1796 suo

166 1817 250 1884 nihil
278 1813 368 1880 alind
396 1816 502 1898 potuit
531 1817 722 1898 exspectari,
745 1835 844 1896 quam
865 1822 901 1879 ut
922 1815 1008 1878 irriti
1030 1835 1139 1880 rever·
1192 1813 1349 1880 comitatu
1371 1813 1537 1878 habebant
1552 1835 1652 1897 equos
1666 1815 1930 1900 quadringentos,
1950 1818 2167 1900 Laerpravtac

166 1911 323 1970 terantur.
357 1901 476 1966 Nescio
498 1921 540 1964 an
561 1901 597 1965 in
618 1901 772 1966 fratribus
792 1909 923 1965 tantum
940 1903 983 1964 sit
1004 1899 1140 1977 consilii,
1192 1919 1300 1965 seeum
1342 1899 1478 1964 totidem
1516 1901 1640 1981 equites
1679 1900 1876 1967 adduxerat:
1917 1903 2170 1985 Lansburpensie

167 1999 326 2074 quantum
355 1987 455 2051 animi
481 2007 552 2052 esse
579 2007 644 2051 non
669 1986 789 2051 dubito.
835 1983 1141 2052 simulamine
1193 1985 1320 2048 minore
1350 2005 1476 2068 pompa
1526 1985 1654 2051 Aderat
1682 1995 1715 2052 et
1743 1987 2036 2072 Brcndeburpcnst's
2059 1988 2169 2054 iunior

166 2075 308 2141 formula
329 2081 418 2137 certa
436 2071 639 2151 dimiserunt,
660 2072 743 2136 mibi
753 2073 875 2136 factum
887 2093 999 2136 eorum
1010 2071 1140 2154 penitus
1193 2071 1296 2135 frater
1323 2071 1501 2150 Electorie,
1527 2070 1773 2138 ansvtoeasa
1797 2073 1922 2151 iunior,
1952 2074 2071 2156 aliique
2099 2083 2168 2142 tres

166 2160 386 2243 improbatur:
408 2159 471 2223 scis
493 2159 580 2222 enim
598 2157 677 2240 quid
695 2179 810 2240 parere
826 2157 953 2222 noverit
965 2157 1023 2222 illa
1035 2158 1142 2222 inanis
1193 2177 1332 2239 quorum
1359 2157 1494 2222 nomina
1521 2177 1589 2220 non
1616 2165 1720 2222 teneo.
1774 2159 1821 2222 Hi
1849 2179 1961 2224 omnes
1994 2157 2167 2226 foederati:

169 2245 341 2333 gravitatis
369 2244 540 2309 affectatio.
591 2243 752 2309 Feramus
786 2243 897 2308 omnia
926 2243 1061 2320 tentari,
1098 2261 1141 2306 ne
1194 2242 1313 2308 caeteri
1336 2242 1448 2324 quiin
1470 2242 1599 2307 foedere
1621 2243 1977 2328 eontinenturlcgetos
1999 2245 2169 2326 miserant,

210 2351 310 2396 rnos
330 2330 462 2395 stetisse
485 2329 636 2394 videatur
656 2331 831 2412 quominus
853 2329 1006 2396 eeclesiae
1023 2327 1142 2394 melius
1194 2335 1232 2392 ut
1259 2329 1334 2392 Rex
1361 2325 1503 2405 Daciae,
1532 2327 1613 2392 Dux
1645 2329 1813 2408 Prusaiae,
1850 2331 1969 2413 aliique
2006 2330 2168 2397 nonnulli.

194 2419 338 2483 aberent.
383 2416 453 2480 Abs
475 2423 507 2479 te
529 2415 591 2480 boe
612 2416 684 2480 iure
704 2415 870 2497 postulare
897 2424 1078 2498 nequeunt,
1107 2421 1144 2477 ut
1194 2412 1247 2478 De
1275 2415 1315 2477 iis
1345 2413 1429 2477 nihil
1456 2414 1578 2478 mirum
1605 2412 1779 2479 videbatur
1807 2415 1894 2497 quod
1922 2415 2010 2480 domi
2038 2437 2168 2482 reman-

170 2504 390 2569 ministerium
429 2521 542 2566 eorum
581 2500 755 2583 approbes,
795 2521 876 2583 quos
906 2499 1143 2566 ecclesiasticae
1167 2532 1171 2572 ι
1195 2507 1314 2577 serant,
1337 2500 1413 2582 quia
1434 2499 1532 2565 rebus
1553 2507 1621 2564 tam
1649 2501 1754 2565 dubiis
1782 2521 1820 2566 ae
1844 2501 2034 2584 periculosis
2054 2502 2171 2584 procul

171 2609 328 2656 censurae
349 2586 579 2670 relinquendos
602 2607 696 2652 neme
718 2607 784 2650 non
806 2586 905 2652 videt.
951 2584 1018 2652 Sed
1039 2585 1144 2650 veris·
1170 2583 1172 2601 '
1195 2585 1307 2650 abesse
1327 2593 1437 2650 tutum
1455 2585 1520 2650 illis
1542 2605 1608 2650 non
1630 2596 1709 2650 erut.
1754 2585 1881 2652 Verum
1903 2609 1999 2652 nemo
2021 2598 2092 2652 erat
2113 2589 2172 2672 qui

171 2676 292 2742 simum
316 2682 372 2738 est
398 2671 484 2756 quod
506 2673 568 2750 ais,
599 2693 712 2738 omnes
740 2673 796 2755 qui
822 2673 884 2737 eibi
912 2672 998 2737 male
1024 2673 1143 2736 conscii
1195 2691 1262 2735 non
1289 2669 1424 2754 indigne
1451 2672 1620 2754 acciperet,
1655 2671 1964 2756 Wirtembcrpeneem'
1987 2674 2085 2738 malle
2111 2695 2171 2740 ve-

171 2759 356 2828 suntnihil
378 2759 484 2842 magis
502 2765 663 2842 expetere,
681 2759 1143 2841 quamutomniainobsouro
1195 2757 1328 2821 natione
1351 2765 1466 2822 suaet
1490 2758 1599 2823 nescio
1625 2757 1743 2840 quibus
1772 2758 1903 2824 lusoriis
1920 2759 2171 2826 oblectamentis

171 2847 322 2912 demersa
342 2843 480 2922 lateant,
511 2865 552 2909 ne
574 2865 634 2909 sua
655 2865 781 2927 quoque
803 2843 940 2909 foeditas
963 2843 1142 2926 detegatur.
1195 2841 1270 2920 frui,
1293 2863 1393 2925 quam
1415 2842 1645 2907 consultationi
1667 2845 1839 2922 interesse,
1865 2845 1901 2909 in
1922 2865 1987 2928 qua
2008 2854 2043 2910 et
2061 2846 2171 2929 patria

171 2933 214 2997 In
230 2932 332 2997 tantis
342 2930 521 2997 involucris
533 2927 710 2996 videndum
721 2929 800 3013 quid
817 2930 995 3012 possimus:
1016 2939 1145 2994 caetera
1195 2930 1281 3006 eius,
1310 2937 1343 2992 et
1364 2936 1462 3012 caput
1483 2929 1620 2993 fortasse
1642 2939 1773 3012 agatur,
1796 2951 1897 3013 quum
1919 2930 2018 2996 biduo
2040 2938 2172 2998 tautum

170 3018 316 3083 Domino
341 3015 569 3100 permittenda
619 3016 784 3098 (luperam
812 3037 891 3081 sane
917 3022 954 3080 ut
982 3015 1144 3080 malorum
1195 3015 1330 3080 abesset.
1389 3013 1454 3094 Qui
1489 3013 1644 3081 volebant
1677 3023 1883 3095 excusatum,
1918 3015 2068 3082 dicebant
2100 3039 2170 3082 non

172 3104 322 3169 omnium
350 3101 479 3186 sepulta
505 3109 591 3167 esset
618 3101 785 3178 memoria,
815 3121 897 3184 quae
919 3102 1000 3166 eitra
1021 3121 1144 3166 noxam
1195 3099 1361 3164 dubitasse
1382 3119 1496 3165 curam
1511 3100 1546 3163 in
1557 3099 1698 3182 reliquos
1710 3101 1852 3181 reiicere,
1871 3103 1987 3186 quibus
1998 3103 2172 3186 negotium
2224 3153 2228 3162 .

171 3189 342 3256 retractari
375 3209 441 3253 nou
473 3195 617 3271 possunt.
669 3185 737 3252 Sed
770 3187 850 3270 quid
879 3187 1026 3270 prodest,
1059 3186 1142 3265 odia,
1195 3185 1285 3251 cordi
1306 3205 1377 3252 esse
1398 3193 1545 3250 noverat.
1578 3187 1809 3253 Acivitatibus
1830 3188 1978 3270 primarii
1995 3189 2059 3254 viri
2076 3189 2171 3254 missi

171 3274 306 3341 dissidia
322 3282 394 3339 tum
410 3272 659 3340 doetrinaetum
670 3273 862 3350 animorum,
881 3272 1143 3360 obtrectationes,
1195 3271 1332 3336 fuerant
1381 3271 1505 3336 Primis
1538 3269 1826 3339 deliberationibus
1858 3273 1981 3339 bellum
2019 3275 2170 3339 omnium

169 3371 362 3456 caeteraque
394 3358 476 3424 haee
502 3359 589 3424 mala
616 3360 651 3422 in
679 3357 832 3424 eeclesiae
859 3359 1038 3424 visceribus
1067 3379 1144 3423 con·
1195 3357 1360 3441 suffragiis
1389 3356 1639 3436 decernebatur,
1673 3357 1776 3424 donec
1802 3359 2053 3425 intervenerunt
2073 3359 2172 3426 Elec-

170 3447 263 3516 clusa
292 3445 445 3522 retineri,
483 3465 566 3527 quae
602 3443 736 3509 tandem
773 3445 809 3508 in
842 3444 1021 3528 pessimum
1052 3443 1145 3508 uleus
1196 3451 1283 3508 tores
1303 3441 1376 3521 duo,
1402 3442 1520 3509 (lomes
1544 3442 1728 3520 Palatinus,
1756 3451 1789 3509 et
1811 3445 1993 3510 Ioactimas
2019 3443 2171 3510 Brande-

171 3531 370 3616 erumpant?
422 3529 614 3614 Optandum
648 3531 756 3612 potius
789 3539 829 3594 ut
860 3549 936 3596 cum
969 3529 1145 3595 acerbitate
1196 3527 1383 3612 burgensis,
1411 3550 1488 3595 eum
1518 3527 1668 3594 (laeseris
1695 3529 1809 3608 literis,
1832 3539 1867 3594 et
1887 3530 1994 3614 legato
2018 3532 2169 3614 episeopo

171 3619 282 3702 aliqua
304 3617 535 3694 discutiantur,
565 3617 593 3680 si
615 3615 712 3680 aliter
732 3617 803 3680 fieri
826 3635 893 3680 non
918 3623 1032 3698 potest.
1077 3612 1146 3680 Sed
1196 3613 1362 3697 Hispano,
1407 3635 1504 3696 quem
1540 3615 1732 3680 Londenm
1770 3615 1946 3698 appellant.
2001 3615 2170 3699 Principio

170 3703 250 3788 quid
272 3712 363 3768 vetat
384 3701 526 3768 medium
548 3699 679 3783 aliquod
700 3709 827 3781 tenere,
857 3713 895 3765 ut
922 3699 1026 3765 bonor
1047 3700 1145 3764 mini·
1196 3699 1388 3764 mandatum
1412 3698 1561 3765 (besaria
1579 3710 1810 3782 exposuerunt,
1833 3721 1897 3784 quo
1914 3701 1981 3766 illis
2002 3703 2172 3784 permitte-

171 3791 271 3856 sterio
298 3797 411 3853 nostro
439 3809 518 3853 suus
546 3789 755 3865 restituatur,
784 3786 965 3852 remedium
992 3786 1146 3851 eeclesiae
1198 3785 1294 3850 batur
1320 3785 1374 3848 vel
1400 3805 1515 3867 pacem
1543 3785 1597 3851 vel
1622 3787 1770 3852 inducias
1798 3807 1873 3853 eum
1901 3788 2021 3852 nostris
2043 3788 2171 3869 pacisci,

171 3875 223 3940 illi
244 3876 381 3940 miserae
398 3893 436 3937 ae
451 3872 599 3956 perditae
610 3871 813 3950 adhibeatur,
831 3894 912 3955 quae
930 3873 1018 3936 inter
1028 3872 1146 3937 fratres
1196 3871 1313 3954 quibus
1342 3870 1521 3935 rationibus
1548 3891 1586 3935 ae
1613 3871 1739 3955 legibus
1768 3873 1927 3954 optimum
1956 3873 2026 3936 fore
2055 3873 2171 3938 existi·

172 3969 253 4026 suut
273 3959 469 4026 offendicula
486 3959 653 4038 tollantur,
676 3957 889 4024 dissimulatis
906 3977 944 4022 ae
962 3958 1146 4041 suppressis
1197 3965 1335 4022 merent.
1384 3956 1513 4021 Deinde
1540 3955 1639 4039 longa
1671 3959 1818 4022 oratione
1851 3977 1888 4022 ac
1920 3957 2038 4022 validis
2071 3979 2170 4042 argu·

170 4046 284 4124 malis,
316 4065 398 4129 quae
432 4044 517 4110 nihil
546 4065 627 4127 opus
653 4053 702 4108 est
731 4044 771 4108 de
800 4045 929 4129 integro
960 4043 1144 4128 exagitari?
1197 4043 1319 4108 mentis
1351 4043 1458 4108 eonati
1493 4051 1571 4107 sunt
1607 4043 1733 4108 animos
1767 4041 1808 4107 ad
1841 4064 1953 4126 pacem
1986 4044 2168 4112 inflectere:

170 4131 262 4199 Sunt
287 4135 375 4197 enim
403 4130 563 4214 quaedam
591 4129 739 4207 vulnera,
773 4149 855 4212 quae
884 4139 1007 4194 attactu
1039 4129 1145 4214 magis
1196 4128 1370 4211 praecipue
1399 4138 1509 4192 tamen
1531 4141 1628 4210 caput
1650 4127 1711 4192 hoc
1732 4130 1932 4211 premebant,
1955 4128 2040 4211 quod
2063 4131 2172 4196 'furca

170 4217 415 4283 recrudescunt:
444 4216 551 4299 quiete
578 4214 694 4279 melius
720 4223 754 4280 et
782 4215 944 4280 oblivione
976 4223 1145 4280 sanantur,
1197 4235 1262 4278 non
1289 4214 1458 4296 quieturus
1486 4213 1544 4290 sit,
1573 4215 1602 4278 si
1631 4214 1741 4278 videat
1769 4214 1982 4279 Germaniam
2003 4215 2169 4282 intestinis

170 4303 263 4385 Quid
284 4303 346 4368 sibi
367 4302 500 4367 obsecro
518 4301 632 4365 volunt
649 4301 728 4366 boni
747 4300 821 4378 viri,
844 4302 962 4383 quibus
981 4301 1044 4364 hoc
1056 4301 1147 4364 venit
1196 4299 1290 4364 bellis
1307 4299 1515 4381 implicatam.
1549 4299 1677 4364 Etiam
1695 4299 1821 4364 aditum
1844 4300 1943 4364 habet
1962 4302 2169 4382 patefactum,

169 4391 206 4456 in
227 4397 381 4464 mentem,
404 4395 523 4472 utego
546 4387 671 4452 sinete
692 4385 833 4465 redeam,
857 4387 913 4469 qui
940 4393 1050 4451 tecum
1072 4407 1145 4450 sum
1197 4407 1272 4450 eum
1300 4383 1491 4450 Walachias
1520 4395 1645 4463 teneat,
1671 4385 1830 4450 transitus
1857 4385 1907 4448 illi
1935 4405 1955 4449 a
1985 4385 2103 4452 Polono
2126 4407 2169 4451 ex

169 4473 316 4542 eiectus?
365 4473 414 4539 Ut
445 4473 480 4538 in
511 4472 617 4555 operis
649 4472 977 4537 communicationem
1009 4493 1145 4536 manum
1197 4470 1326 4536 foedere
1353 4469 1519 4536 debeatur.
1570 4471 1623 4534 Ita
1648 4491 1727 4554 ergo
1754 4471 1821 4534 iarn
1851 4491 1938 4536 nunc
1968 4470 2169 4536 Germaniae

170 4561 346 4645 praebeam
366 4559 416 4638 iis,
439 4559 594 4642 aquibus
612 4558 686 4623 volo
703 4577 774 4622 esse
792 4557 1021 4634 alienissimus,
1045 4556 1146 4622 donee
1197 4557 1356 4620 imminet
1406 4557 1503 4622 Pacis
1531 4555 1732 4622 conditiones
1754 4563 1792 4620 ut
1812 4557 1916 4620 nestri
1937 4559 2168 4640 excogitarent,

170 4648 326 4712 ecelesiae
347 4643 584 4710 satisfecerint?
630 4641 687 4709 Sic
709 4643 797 4708 enim
818 4665 889 4708 rem
907 4643 1089 4707 instituunt
1109 4650 1146 4708 ut
1198 4643 1382 4707 voluerunt
1427 4640 1466 4708 si
1486 4663 1552 4724 pax
1574 4643 1688 4707 confici
1710 4661 1778 4706 non
1799 4650 1923 4724 posset,
1950 4647 2109 4726 rogarunt
2130 4647 2171 4706 nt

169 4753 214 4798 ex
233 4741 372 4816 quatuor
393 4729 457 4795 duo
477 4728 648 4794 nobiscum
665 4739 863 4808 remaneant,
887 4739 925 4794 ut
942 4728 1145 4794 nulloecale·
1197 4727 1239 4793 ad
1266 4727 1414 4793 inducias
1441 4727 1677 4793 decurreretur.
1728 4727 1906 4811 Utriusque
1935 4726 2014 4792 fides
2041 4745 2078 4790 ac
2101 4726 2169 4790 sin-

170 4818 240 4884 eiae
261 4817 380 4883 iudicio
402 4816 495 4900 quasi
516 4835 576 4898 per
597 4815 728 4879 veniam
743 4814 925 4894 restitutus,
948 4815 1056 4879 locum
1074 4815 1145 4880 sine
1197 4814 1314 4880 ceritas
1343 4813 1464 4878 nostris
1491 4819 1542 4878 est
1571 4813 1748 4896 explorata
1798 4811 1885 4878 Nem
1918 4812 2097 4878 locabimus
2131 4811 2169 4876 in

1197 4919 1329 4964 causam
1351 4897 1514 4982 evangelii
1543 4900 1675 4962 omnino
1701 4917 1883 4982 propensus
1910 4907 1967 4976 est,
1999 4895 2172 4962 Palatinus

1198 5005 1264 5050 non
1306 4985 1448 5068 iniquus.
1515 4985 1640 5049 Verum
1684 4986 1760 5068 quia
1804 4984 1960 5050 mandata
2001 5001 2083 5064 quae
2126 4983 2169 5048 ab

276 5055 307 5192 ii}
323 5051 513 5191 {affixi
535 5054 574 5108 16.
1197 5070 1361 5152 Hispania
1386 5071 1526 5134 veniunt
1554 5071 1663 5135 minus
1695 5069 1771 5136 fidei
1805 5071 1940 5146 babent,
1972 5066 2179 5133 maluissent.

276 5191 304 5261 3)
325 5191 460 5246 pm„
474 5197 553 5260 pm,
570 5190 864 5246 mmmm,
897 5188 1147 5257 mmmm
1197 5175 1269 5222 rem
1301 5155 1341 5220 ab
1373 5153 1577 5254 Electoribus
1611 5156 1774 5256 univer-es
1809 5153 2033 5250 compositam,
2067 5175 2169 5254 penes

170 5263 280 5330 eriam,
297 5266 323 5316 er
338 5261 400 5330 quir
420 5259 560 5329 Genuam,
576 5261 719 5317 mactmus.
1197 5261 1278 5324 quos
1300 5260 1428 5306 summa
1448 5263 1483 5305 m
1502 5241 1645 5326 lmperro
1662 5251 1712 5308 est
1728 5247 1880 5326 potestas.
1912 5235 1953 5302 Id
1973 5239 2173 5322 impeditum

1913 5338 1963 5393 21·
