4782 6010
276 377 440 448 XXVIII
570 419 573 424 -
853 477 856 492 .
1172 371 1446 442 EPISTOLAE.

279 567 479 634 exstiterint.
511 565 586 633 Hoo
606 585 687 632 vero
708 585 774 630 non
797 563 884 632 eadit
906 564 941 628 in
962 581 1083 647 paneas
1105 561 1229 646 aliquot
1249 559 1386 629 sehedas
1403 581 1482 645 quas
1500 559 1569 627 sola
1578 561 1685 628 Beuae
1703 559 1803 626 editio
1819 559 1914 627 nobis
1931 560 2077 627 servarit
2093 579 2136 624 ex
2153 557 2271 644 gallinis

279 677 401 746 latinas
422 679 541 757 faetus,
570 696 773 761 quarumque
800 675 981 761 arehetypa
1007 673 1132 740 dudum
1161 672 1330 757 deperdita
1357 677 1444 738 sunt
1496 671 1689 756 Ubicunque
1719 693 1796 740 vero
1823 672 1944 738 horum
1969 671 2063 738 nobis
2090 671 2184 756 eopia
2209 670 2272 751 fuit,

279 789 419 856 latinam
441 790 636 869 versionem,
658 788 808 873 quamvis
830 787 934 854 tribus
957 785 1095 852 saeeulis
1114 785 1211 851 uniee
1232 784 1413 870 eognitam,
1443 783 1564 850 futuris
1586 804 1712 868 quoque
1739 784 1916 851 leetoribus
1938 781 2144 848 oommodare
2166 803 2272 867 super·

281 921 464 968 vaoaneum
487 898 651 980 duximus,
674 900 807 984 eiusque
828 899 990 966 haetenus
1010 903 1141 963 tautum
1162 897 1324 963 rationem
1346 893 1532 975 habuimus,
1554 901 1593 960 ut
1614 895 1816 962 sieubiBena
1836 894 1973 962 liberius
1995 895 2141 975 verterit,
2161 913 2273 962 eesuve

281 1018 340 1078 aut
361 1011 401 1078 de
419 1011 583 1078 industria
602 1031 735 1077 sensnm
756 1009 901 1090 mnmnt,
924 1015 1102 1093 utrumque
1123 1014 1253 1074 textum
1271 1006 1391 1073 harum
1411 1027 1523 1073 rerum
1545 1007 1684 1074 onriosis
1703 1026 1967 1090 proponeremus

435 1121 613 1189 anternm
632 1123 668 1187 in
687 1121 800 1187 latinis
822 1118 1044 1188 deseribendis
1060 1140 1164 1204 usque
1182 1139 1237 1186 eas
1259 1118 1349 1204 leges
1366 1117 1612 1185 observavimus
1630 1137 1710 1203 quas
1727 1119 1768 1185 ab
1785 1119 1880 1184 initio
1897 1118 1990 1202 sequi
2006 1117 2275 1185 eonstitueramus

280 1253 383 1318 quum
405 1254 487 1318 opus
507 1241 658 1299 nostrum
678 1232 823 1316 primum
844 1230 1107 1316 aggrederemur,
1129 1249 1331 1314 quarumque
1352 1231 1387 1296 in
1408 1229 1656 1314 Prolegomenis
1677 1230 1758 1295 tomi
1779 1229 1806 1296 I
1828 1250 1902 1314 pag.
1927 1229 2151 1294 serationem
2174 1225 2275 1293 reddi·

282 1342 400 1411 dimus.
443 1345 485 1411 In
507 1344 634 1430 galileis
655 1365 743 1424 vero,
765 1362 848 1426 quae
869 1341 999 1408 saeoulo
1020 1340 1116 1408 XVI.
1138 1341 1274 1406 minime
1296 1340 1419 1426 regulis
1446 1342 1544 1408 oertis
1565 1361 1762 1426 normaeque
1788 1340 1920 1425 publieo
1942 1339 2091 1407 virorum
2112 1338 2276 1407 dootornm

279 1473 441 1523 eonsensu
462 1455 626 1523 stabilitae
647 1453 805 1521 adstrieta
825 1459 930 1533 erant,
960 1473 1058 1538 quam
1080 1453 1324 1520 aeeuratissime
1346 1451 1552 1538 singulorum
1580 1459 1745 1533 autorum,
1775 1454 1841 1519 imo
1871 1451 2077 1538 singulorum
2104 1449 2275 1518 dooumen-

278 1573 390 1632 torum
410 1565 545 1633 modum
567 1567 782 1645 servavimus,
804 1565 954 1649 quamvis
976 1562 1115 1631 subinde
1136 1565 1267 1631 varium
1287 1572 1322 1630 et
1342 1564 1532 1646 saepissime
1552 1563 1723 1630 evidenter
1743 1564 1872 1644 lalsnm,
1895 1571 1993 1647 atque
2015 1583 2057 1629 ex
2078 1561 2276 1648 negligentia

278 1679 378 1745 etiam
400 1681 575 1746 obseurum
597 1677 803 1762 dubiumque.
846 1675 913 1743 Ubi
933 1675 1029 1760 plura
1050 1674 1195 1742 eiusdem
1221 1675 1376 1759 epistolae
1399 1674 1599 1759 exemplaria
1620 1675 1662 1741 ad
1684 1695 1801 1742 manus
1822 1681 1926 1756 eraut,
1953 1693 2054 1758 eaque
2076 1673 2186 1757 quoad
2206 1672 2275 1738 lite·

278 1796 429 1856 naturam
451 1791 522 1857 sive
543 1767 746 1876 tptqpnptev
767 1787 980 1854 multifariam
1002 1787 1143 1852 alterum
1163 1786 1204 1852 ab
1226 1787 1328 1854 altero
1351 1786 1577 1871 diserepautia,
1606 1807 1736 1870 semper
1761 1786 2026 1872 antiquissimum
2047 1785 2274 1878 expressimus,

276 1899 479 1985 reliquorum
509 1902 670 1985 seriptura
697 1900 734 1965 in
761 1899 802 1966 iis
833 1905 962 1965 tantum
987 1897 1067 1965 loeis
1092 1896 1134 1962 ad
1160 1899 1343 1983 marginem
1371 1897 1489 1966 eollata
1517 1898 1573 1964 ubi
1600 1895 1750 1965 leetionis
1775 1899 1917 1965 variems
1943 1897 2049 1982 ipsam
2078 1895 2275 1963 sententiam

278 2012 450 2092 affieiebat,
469 2011 555 2096 quod
576 2021 687 2078 tamen
708 2011 817 2077 rarius
838 2011 961 2076 fautum
984 2007 1142 2075 videmus.

434 2124 487 2190 De
509 2123 642 2204 ordine,
671 2142 768 2206 quem
789 2121 884 2187 nobis
910 2121 947 2186 in
975 2119 1185 2206 disponendis
1215 2119 1359 2204 epistolis
1388 2118 1567 2185 tenendum
1595 2119 1880 2204 praeseripsimus,
1903 2121 2015 2205 pausis
2041 2125 2076 2186 te
2103 2120 2275 2186 oertiorem

278 2234 386 2301 faeere
407 2256 595 2319 possumus,
622 2234 676 2301 vel
697 2233 805 2317 potius
834 2231 968 2298 omnino
994 2239 1113 2298 taoere.
1157 2231 1332 2298 Neminem
1360 2233 1449 2298 enim
1474 2239 1628 2315 putamus
1655 2251 1726 2298 esse
1753 2231 1809 2315 qui
1838 2231 1938 2298 aliam
1965 2251 2063 2315 quam
2090 2239 2274 2314 temporum

278 2347 441 2412 radonem
467 2345 653 2413 habendam
679 2346 795 2424 fuisse,
831 2351 888 2409 ant
914 2342 1028 2410 haberi
1057 2362 1151 2426 posse
1177 2341 1407 2426 praetenderit
1451 2341 1545 2426 Quae
1573 2351 1607 2408 et
1637 2343 1790 2409 Bonneto
1815 2343 1940 2427 placuit
1965 2351 1999 2409 et
2025 2341 2275 2427 Herminjardo:

281 2477 381 2542 quam
403 2457 503 2523 etiam
522 2455 771 2524 Lausannensis
800 2453 906 2520 editor
930 2473 989 2520 sno
1016 2453 1167 2538 exemplo
1196 2475 1318 2538 suaque
1344 2453 1509 2520 industria
1535 2454 1792 2535 oommendavit,
1821 2455 1970 2538 quumvis
1994 2475 2061 2519 non
2088 2453 2278 2537 peremnia

278 2567 367 2634 Ielioi
389 2567 464 2634 stilo
485 2589 575 2648 usus,
597 2568 741 2652 adeoque
761 2566 833 2650 ipse
854 2565 944 2632 Besa
964 2566 1115 2650 princeps
1133 2573 1330 2650 sequuturus
1347 2573 1428 2645 erat,
1449 2565 1515 2632 nisi
1532 2565 1740 2632 festinantius
1758 2564 1800 2630 ad
1816 2565 1945 2649 prelum
1963 2565 2165 2644 aoeeesisset,
2190 2572 2277 2629 ante·

279 2699 379 2764 quam
401 2679 511 2763 eopias
540 2699 616 2744 suas
643 2679 794 2745 omnibus
824 2677 970 2743 numeris
997 2676 1163 2743 absolutas
1190 2675 1230 2742 ad
1264 2697 1381 2743 manus
1410 2675 1570 2758 habuerit,
1598 2697 1679 2760 quas
1702 2675 1819 2742 deinde
1846 2677 2079 2745 convenienter
2105 2695 2145 2742 ae
2178 2677 2277 2742 libere

278 2791 498 2858 distribueret.
542 2789 632 2857 Sunt
651 2797 762 2858 tamen
789 2809 856 2855 non
882 2808 1004 2872 pauoae
1031 2787 1169 2854 sehedae
1196 2789 1232 2853 in
1261 2789 1378 2872 quibus
1397 2795 1548 2854 autorum
1575 2787 1696 2872 raptim
1725 2789 1936 2855 seribentium
1957 2796 1992 2855 et
2012 2787 2052 2854 de
2072 2801 2276 2872 posterorum

279 2903 448 2969 dommodo
470 2902 605 2967 minIme
626 2901 840 2986 eogitantium
863 2899 1065 2985 negligentia
1087 2899 1264 2967 editoribus
1286 2921 1353 2966 non
1379 2900 1452 2967 leve
1472 2900 1641 2985 negotium
1662 2899 1802 2979 laemsit,
1824 2900 1945 2966 omissa
1966 2899 2089 2965 soilieet
2109 2899 2169 2965 vel
2190 2898 2274 2965 omni

278 3014 436 3097 temporis
457 3013 512 3080 rel
533 3013 650 3080 saltem
671 3012 749 3078 anni
770 3011 947 3077 mentione.
990 3009 1033 3076 In
1054 3010 1107 3077 his
1129 3032 1188 3078 suo
1207 3011 1277 3078 loeo
1298 3010 1510 3079 restituendis
1532 3017 1565 3077 et
1582 3009 1788 3078 vindieandis
1807 3012 1875 3076 iam
1897 3011 1953 3077 alii
1974 3011 2050 3095 plus
2072 3011 2187 3078 minue
2208 3011 2275 3077 feli-

277 3125 360 3193 oiter
381 3124 591 3192 desudarunt
623 3123 719 3190 Inter
740 3129 886 3189 eaeteros
907 3121 1173 3190 commendamus
1194 3121 1390 3188 industriam
1411 3129 1445 3188 et
1465 3122 1677 3207 sagaoitatem
1699 3121 1765 3188 viri
1786 3122 1955 3189 euiesdam
1976 3123 2157 3190 doetissimi
2169 3103 2276 3190 Gene-

277 3237 392 3304 veusis
414 3237 470 3321 qui
492 3237 642 3320 plurimis
662 3235 763 3301 huius
790 3233 920 3319 generis
941 3234 1086 3320 epistolis
1105 3240 1200 3300 notas
1222 3253 1297 3300 suas
1319 3233 1492 3318 adseripsit
1511 3233 1628 3317 quibus
1655 3233 1770 3301 sedulo
1795 3235 1940 3301 exoussis
1968 3236 2175 3320 argumentis
2196 3243 2275 3300 tem·

277 3369 375 3433 pora,
404 3355 564 3432 quantum
585 3348 656 3414 fieri
681 3353 825 3432 poterat,
853 3345 1036 3412 aeeuratius
1064 3345 1200 3412 definire
1227 3344 1463 3429 praesumebat
1507 3345 1651 3412 Exstant
1673 3345 1796 3412 soiliest
1816 3345 1903 3412 iuter
1924 3345 2127 3413 oalviniauos
2151 3346 2274 3412 oodioes

277 3461 436 3528 Genevae
453 3465 646 3539 meervatos,
666 3464 870 3542 praetereas
887 3457 1006 3540 quibus
1023 3456 1228 3542 autognapha
1244 3457 1462 3534 eontinentur,
1485 3457 1586 3523 etiam
1602 3457 1823 3523 reeentiorum
1840 3457 2076 3542 exemplarium
2096 3457 2275 3536 volumina,

274 3571 412 3638 fortasse
430 3571 466 3635 in
484 3591 597 3636 eorum
613 3591 710 3636 usum
728 3568 944 3652 transsoripta
963 3567 1020 3652 qui
1036 3569 1142 3633 veteri
1158 3567 1347 3634 literaturae
1366 3569 1476 3635 minus
1494 3568 1618 3635 assueti
1635 3577 1748 3634 tamen
1760 3567 1892 3636 Caluini
1910 3569 2055 3653 reliquiis
2071 3569 2139 3634 frui
2158 3571 2274 3654 gestIe-

275 3683 365 3750 bant.
416 3683 527 3766 Atque
556 3681 637 3748 haee
665 3680 854 3764 apographa
880 3700 918 3745 eo
945 3701 1009 3764 quo
1037 3679 1181 3745 diximus
1209 3678 1304 3746 modo
1332 3679 1454 3763 passim
1482 3679 1649 3746 illustrata
1675 3688 1762 3746 sunt
1807 3679 1861 3747 De
1883 3681 2010 3765 origine
2036 3689 2071 3746 et
2099 3681 2275 3746 autoritate

274 3793 407 3860 illorum
426 3792 678 3858 annotationum
700 3790 928 3876 quaerentibus
947 3811 1068 3857 nomen
1085 3790 1252 3858 Turretini
1272 3791 1438 3874 seripturis
1456 3811 1498 3857 ex
1520 3789 1696 3857 traditione
1719 3789 2049 3870 bibliotheoariorum,
2072 3799 2112 3856 ut
2133 3791 2274 3870 videtur,

276 3903 482 3989 designatum
504 3911 570 3985 est;
593 3901 650 3970 aed
672 3925 715 3969 an
744 3903 935 3968 alterutrius
965 3901 1216 3968 duumviromm
1239 3901 1525 3969 eeleberrimorum
1550 3921 1650 3986 opera
1672 3903 1719 3970 sie
1741 3904 1836 3969 nobis
1858 3903 1909 3968 uti
1930 3901 2146 3988 oontingeret,
2170 3903 2276 3969 Fran·

275 4015 353 4083 eiaei
376 4015 480 4100 patris
507 4037 551 4082 an
577 4015 713 4081 Ioannis
734 4014 897 4098 Alphonsi
921 4013 996 4092 filii,
1025 4012 1204 4098 dequibus
1231 4013 1437 4096 potissimum
1465 4015 1708 4099 eogitabamus,
1740 4013 1775 4079 id
1797 4014 1953 4082 Genavae
1980 4022 2188 4099 compertum
2211 4035 2276 4079 non

274 4124 458 4193 habuimus.
502 4127 575 4192 Iarn
596 4147 674 4192 vero
694 4147 736 4191 ex
757 4125 840 4193 libro
861 4125 948 4190 infra
968 4122 1149 4204 laudando,
1172 4123 1354 4191 Senebisrii
1381 4125 1528 4211 eatalogo
1554 4124 1655 4192 MSS.
1682 4125 1928 4192 Genevensium
1950 4147 1981 4210 p.
2006 4129 2069 4191 290
2092 4125 2274 4200 didioimus‚

274 4239 384 4302 neutri
404 4237 544 4302 istorum
564 4237 656 4303 illam
677 4243 845 4320 aoeeptam
870 4236 995 4315 referri,
1018 4235 1076 4304 sed
1098 4235 1245 4302 Samueli
1268 4237 1442 4303 Turretino
1466 4237 1640 4304 Miohaelis
1660 4237 1728 4303 filio
1751 4239 1806 4322 qui
1828 4236 1957 4302 saeeulo
1979 4235 2092 4303 XVII.
2116 4245 2277 4323 vergente

273 4347 458 4415 aeademioo
485 4370 621 4414 munere
652 4348 858 4433 fungebatur.
908 4347 1021 4413 Etiam
1048 4347 1221 4415 Bonnetus
1248 4355 1281 4414 et
1307 4347 1563 4432 Hermiujardus
1599 4349 1660 4415 hoo
1693 4350 1824 4415 nomine
1851 4348 2019 4428 laudandi,
2048 4350 2103 4432 qui
2130 4350 2276 4416 multum

274 4480 373 4526 ourae
393 4459 514 4525 talibus
536 4458 652 4525 studIis
672 4459 917 4543 impenderunt:
947 4479 1064 4524 verum
1090 4481 1191 4543 quum
1213 4459 1275 4539 illi,
1300 4460 1515 4526 Turretinum
1543 4459 1682 4528 dieimus
1705 4469 1739 4526 et
1757 4461 1962 4538 Bonnetum,
1991 4459 2059 4526 fere
2080 4462 2216 4528 nonnisi
2237 4461 2276 4526 de

272 4571 378 4656 ipsius
400 4569 531 4637 Caluini
552 4571 697 4654 epistolis
718 4569 820 4636 verba
841 4569 972 4650 faeiem,
994 4569 1049 4637 hio
1070 4591 1150 4637 vero
1172 4571 1418 4638 resentissimus
1439 4571 1545 4637 editor
1566 4571 1691 4656 grande
1713 4592 1810 4638 suum
1831 4577 1865 4636 et
1885 4570 2093 4656 splendidum
2114 4593 2198 4656 opus
2221 4572 2275 4640 vix

274 4682 495 4760 inehoaverit,
523 4689 684 4765 quantum
706 4679 837 4764 quidem
864 4682 906 4748 ad
935 4689 1085 4765 tempora
1107 4682 1292 4749 ealviniana
1312 4683 1471 4766 pertinet,
1501 4683 1607 4749 multa
1628 4682 1726 4748 nobie
1747 4683 1847 4748 etiam
1867 4681 2122 4767 pervestiganda
2142 4685 2275 4749 restite-

271 4803 360 4876 runt,
382 4793 487 4860 multa
507 4792 606 4858 dubia
627 4791 791 4870 solvenda,
814 4793 951 4859 obseura
972 4801 1006 4860 et
1026 4794 1152 4860 ineerta
1173 4793 1373 4861 elucidanda.
1407 4793 1451 4859 In
1469 4793 1597 4878 qulbus,
1621 4795 1774 4878 quamvis
1794 4792 1917 4860 assidui
1935 4801 1969 4858 et
1985 4794 2139 4861 indefessi
2162 4795 2275 4878 explo-

271 4889 407 4986 ratores,
426 4926 522 4971 omne
544 4925 603 4970 nos
624 4911 785 4988 punctum
806 4903 919 4970 tulisse
942 4905 1078 4971 minime
1100 4905 1234 4990 gloriari
1256 4927 1439 4990 possumus,
1467 4915 1500 4972 et
1521 4905 1602 4972 satis
1624 4925 1784 4991 magnam
1805 4906 1932 4989 sopiam
1954 4904 2160 4984 schedarum,
2185 4905 2274 4973 omni

273 5017 355 5082 artis
376 5017 507 5084 eritioae
528 5015 679 5082 aeumine
697 5035 756 5098 pro
777 5012 910 5081 modulo
931 5025 1042 5084 nostro
1067 5017 1191 5083 trustra
1212 5015 1374 5096 adhibite,
1396 5037 1553 5102 seponere
1576 5015 1758 5097 debuimus,
1782 5037 1863 5100 quas
1886 5037 1950 5101 quo
1971 5017 2181 5102 potissimum
2204 5019 2274 5086 loeo
2377 5105 2378 5108 Ἴ

271 5126 503 5196 eolloearemus
524 5127 622 5194 sertis
643 5127 846 5210 argumentis
862 5145 929 5191 non
949 5129 1115 5210 potuimus
1136 5126 1322 5196 diiudieare.
1367 5127 1440 5194 Iam
1467 5149 1530 5212 quo
1560 5127 1656 5194 modo
1684 5127 1745 5194 has
1775 5127 1871 5194 nobis
1899 5127 2061 5213 plaeuerit
2088 5127 2273 5212 disponere,
2377 5169 2378 5190 r

271 5239 392 5321 aeeipe,
414 5236 707 5305 benevoleLeotor.
739 5234 776 5302 Si
798 5237 906 5322 aliqua
927 5238 1088 5322 probabili
1108 5241 1296 5307 eomeotura
1316 5259 1422 5306 annus
1444 5237 1573 5306 definiri
1595 5259 1690 5325 posse
1712 5239 1881 5307 videretur
1906 5261 1970 5324 quo
1992 5241 2129 5325 epistola
2150 5243 2273 5328 seripta
