4782 6010
942 311 1281 430 inserena-oon.

127 374 161 436 61
2071 367 2114 430 62

125 579 195 642 rege
214 553 483 622 obristimiseimo
511 551 742 638 dignissimum
769 549 963 618 beneficium
984 548 1087 634 digna
1137 548 1374 614 confessionem
1417 547 1581 632 scriptura
1619 547 1733 614 divim
1743 545 1768 633 1)
1807 549 2113 632 approbatissimam

124 643 211 710 laude
231 663 288 726 pro
308 640 399 707 virili
416 649 529 706 nostra
548 637 794 715 celebrabimus,
815 644 850 702 et
866 635 975 720 dignis
992 635 1086 702 nobis
1137 633 1463 716 fundatissimemque
1473 631 1645 699 nobiscum
1656 641 1799 711 teneant,
1813 635 2009 720 unicamque
2022 639 2113 705 viam

124 729 228 796 offitiis
248 748 326 810 erga
342 726 388 792 Μ.
408 725 450 790 V.
473 725 708 810 gratitudinem
728 729 874 790 nostram
896 721 1011 788 testari
1029 720 1087 786 da·
1138 719 1269 797 salutis,
1303 739 1421 802 nempe
1451 741 1513 786 nos
1545 740 1605 804 per
1630 718 1743 786 Iesum
1771 719 1942 786 Christum
1975 724 2112 790 unicum

123 815 221 880 bimus
246 833 394 896 operam,
424 831 524 894 quam
551 811 643 876 Deus
670 809 747 892 Opt.
775 807 866 874 Max.
895 829 955 892 pro
983 806 1088 892 gloria
1137 807 1202 871 Dei
1222 805 1326 870 filium
1349 824 1408 888 pro
1429 805 1524 872 nobis
1541 807 1576 870 in
1597 825 1694 872 cruce
1715 805 1818 872 semel
1838 805 1982 874 oblatum
2004 810 2112 876 salva·

124 900 255 966 nominis
279 899 331 964 sui
359 918 492 964 servare
526 896 718 979 felicemque
753 891 891 960 reddere
922 893 1085 978 dignetur.
1138 900 1198 970 tos,
1221 899 1254 955 at
1275 893 1363 975 patri
1383 893 1618 975 cunctipotenti
1639 891 1794 974 placawe,
1817 899 2013 978 pennataque
2033 916 2112 962 nes·

124 983 477 1070 remuneranti
502 987 593 1048 1536.
1138 984 1190 1042 tra
1218 997 1277 1060 per
1307 985 1447 1044 mortem
1480 978 1550 1042 eius
1584 977 1774 1078 condonata·
1797 997 1869 1078 esse
1901 1001 1983 1080 pure
2015 984 2113 1066 profi-

294 1081 299 1090 ’
441 1117 680 1186 serenissime
700 1117 883 1184 neten.
905 1115 1043 1182 ver...
1137 1063 1602 1228 ttritt·..tttt⁰lt.l
1625 1062 2113 1232 iidtdd'ililbibf‘d}

642 1237 780 1304 studiosi
1138 1235 1281 1318 timeque
1303 1233 1409 1302 cordis
1431 1235 1551 1301 affectu
1581 1237 1722 1318 petimus
1744 1241 1779 1299 et
1799 1255 1944 1316 oramus,
1974 1247 2013 1304 ut
2034 1241 2113 1323 quia

420 1356 543 1425 consul
566 1365 600 1424 et
616 1365 748 1424 matus
770 1357 820 1422 Ar
862 1356 1058 1422 mmsis
1138 1327 1232 1385 unta
1253 1321 1359 1406 gratia
1380 1341 1456 1387 sues
1474 1331 1673 1406 prosequuta
1695 1321 1802 1400 fuerit,
1826 1322 1975 1406 ampliori
1998 1323 2111 1410 benig·

821 1377 861 1442 ⁸⁰
1059 1407 1067 1422 ⁰
1137 1406 1242 1471 nitate
1263 1427 1318 1472 eos
1339 1407 1449 1473 fovere
1471 1428 1538 1473 nen
1560 1407 1766 1490 dedignetur:
1785 1407 1852 1472 imo
1862 1407 1927 1474 Dei
1947 1410 2111 1492 publicae-

1138 1511 1201 1575 que
1223 1493 1367 1558 iustitiae
1395 1501 1429 1558 et
1455 1495 1559 1560 nostri
1587 1495 1727 1570 intuitu,
1758 1514 1860 1576 quum
1879 1494 1957 1559 boni
1978 1495 2027 1561 illi
2048 1499 2111 1564 viri

1137 1579 1200 1644 eibi
1228 1579 1348 1644 erroris
1376 1580 1497 1644 conscii
1526 1599 1593 1644 non
1621 1579 1704 1658 sint,
1737 1577 1796 1643 sed
1820 1599 1969 1646 errorum
2000 1582 2111 1650 hostes

1136 1663 1321 1742 christiani,
1352 1685 1420 1729 non
1441 1665 1595 1731 haeretici
1617 1665 1675 1730 sed
1697 1665 1881 1730 haeresium
1902 1667 2111 1752 impugnato-

1136 1769 1204 1828 res,
1233 1770 1295 1815 neo
1323 1749 1467 1816 seditiosi
1498 1750 1556 1817 sed
1583 1751 1625 1815 R.
1654 1751 1701 1817 Μ.
1730 1751 1782 1815 V:
1798 1757 1832 1815 et
1864 1753 2111 1836 magistratibus

1135 1835 1225 1900 illius
1246 1835 1542 1918 obsequentissimi,
1570 1836 1666 1903 solita
1695 1857 1756 1901 sua
1785 1836 1959 1904 clementia
1980 1839 2111 1906 abiura-

1136 1922 1259 1986 tionem
1280 1921 1316 1985 in
1338 1921 1442 1988 literis
1471 1924 1538 1988 suis
1565 1923 1750 2007 vulgatam,
1780 1943 1958 2006 quaecum
1985 1927 2111 1992 ocules-

1136 2007 1227 2072 sione
1249 2007 1416 2090 praedicta
1442 2029 1590 2093 pugnare
1612 2009 1758 2087 videtur,
1785 2009 1901 2074 tollere
1928 2013 2113 2078 remittere·

1135 2113 1212 2176 que,
1245 2091 1414 2176 praeterea
1440 2095 1538 2159 etiam
1566 2095 1602 2159 in
1629 2115 1732 2180 regno
1761 2115 1821 2160 suo
1842 2095 2001 2161 mandare
2021 2098 2110 2178 velit,

1135 2188 1173 2244 ut
1192 2180 1220 2244 ei
1242 2181 1299 2262 qui
1319 2180 1457 2262 posthae
1475 2180 1515 2245 de
1532 2179 1597 2245 fide
1615 2180 1766 2258 accusati,
1790 2187 1848 2245 aut
1870 2181 2042 2248 haereseos
2059 2185 2111 2248 in-

1135 2265 1279 2330 simulati
1301 2265 1439 2344 fuerint,
1465 2287 1525 2350 per
1547 2266 1592 2330 M.
1616 2267 1659 2332 V.
1686 2267 1786 2332 liceat
1811 2287 1894 2349 puro
1916 2265 1980 2333 Dei
2009 2268 2111 2335 verbo

119 2383 167 2451 ‘³¹
189 2385 274 2440 r...
298 2385 472 2508 ffl't‘lt
494 2387 524 2439 ³¹²
537 2385 780 2521 trister
804 2385 875 2439 nn
894 2385 917 2439 ¹·
941 2383 1017 2452 ¹¹⁰²
1035 2385 1082 2440 ‘⁰¹·
1134 2351 1731 2519 32,lt⁰5.tltltlt⁰ttt.⁰.⁰..¹tt
1751 2353 2112 2522 libidini&

459 2485 518 2508 .-
556 2473 565 2510 l
620 2473 635 2508 1’
760 2497 766 2510 .
1739 2489 1746 2516 r

1115 2519 1313 2606 'scripturas
1331 2524 1378 2588 eis
1399 2523 1502 2590 libere
1520 2525 1664 2592 audeant
1680 2525 1890 2608 patrocinari,
1912 2545 2019 2608 neque
2037 2547 2111 2609 per-

117 2603 327 2678 Sereniseimo
342 2609 633 2693 potentissimoque
650 2631 688 2676 sc
705 2609 1084 2676 christianissimoPrin·
1134 2609 1295 2687 mittatur,
1323 2617 1363 2675 ut
1383 2609 1523 2675 inauditi
1545 2609 1778 2696 quovismodo
1800 2608 2013 2690 damnentur,
2042 2620 2111 2677 tor·

117 2694 173 2777 cipi
192 2704 225 2760 et
244 2696 399 2772 Domino,
428 2693 573 2762 Domino
594 2695 771 2761 Franciseo
796 2695 883 2779 Regi
910 2695 1082 2774 Franciae,
1134 2703 1298 2778 queantur
1325 2701 1383 2760 aut
1409 2695 1522 2778 poenis
1555 2697 1718 2782 aliquibus
1750 2697 1957 2782 affligantur,
1994 2719 2111 2764 verum

290 2783 436 2849 Domino
457 2791 569 2848 nosue
590 2780 894 2848 observandissime.
1134 2780 1301 2863 responsio
1323 2789 1357 2880 et
1373 2781 1561 2884 innocentia
1578 2803 1702 2882 eorum,
1725 2781 1893 2882 pientius
1911 2791 1945 2848 et
1962 2783 2110 2866 aequitas

116 2913 323 2986 Serenissime
344 2919 631 3002 potentissimeque
649 2940 687 2984 ac
705 2917 974 2985 christianissime
991 2917 1081 2983 Rexl
1134 2865 1888 3040 ῗξέἒὲξζῶξᾛῑῖξῇθξξἲὲῃξωιὲἶῃξὴῖζῖζῖῑ
1909 2877 1956 3018 οὲ
1969 2869 2111 3021 bfflffig

190 3039 266 3106 Non
288 3041 361 3106 sine
383 3037 563 3123 OptMea
581 3039 647 3106 Dei
668 3040 775 3104 nostri
795 3037 919 3121 filiique
940 3039 991 3104 sui
1008 3039 1084 3104 uni·
1135 3037 1170 3103 S.
1191 3037 1233 3102 V.
1256 3038 1364 3121 quiete
1386 3040 1498 3106 vivere
1525 3039 1647 3126 absque
1673 3039 1824 3106 molestia
1851 3048 1885 3106 et
1905 3041 2109 3108 abiuretione

115 3123 208 3207 geniti
229 3125 405 3192 elementia
431 3147 470 3192 ao
491 3123 627 3208 spiritus
654 3125 760 3191 saneti
781 3125 940 3190 instinctu
962 3131 995 3190 et
1016 3125 1083 3208 spi·
1133 3123 1308 3206 praedicta.
1360 3121 1457 3205 Quod
1484 3127 1512 3192 si
1539 3123 1575 3192 S.
1604 3125 1646 3190 V.
1672 3127 1737 3192 Dei
1769 3126 1893 3191 intuitu
1926 3126 2108 3207 indulserit,

114 3211 232 3276 umine
259 3212 385 3278 fantum
412 3221 477 3290 eet,
505 3219 544 3276 ut
564 3211 605 3276 R.
629 3209 670 3276 V.
692 3211 739 3276 M.
770 3229 876 3293 nuper
896 3209 1027 3276 exsules
1048 3217 1083 3276 et
1134 3230 1231 3274 nemo
1252 3209 1389 3294 negabit
1409 3211 1472 3276 hoo
1493 3231 1565 3278 esse
1589 3233 1671 3296 opus
1692 3212 1892 3294 piissimum,
1918 3219 2011 3278 tanto
2031 3233 2110 3295 rege

114 3297 258 3381 profugos
280 3305 417 3382 propter
436 3297 536 3364 fidem
562 3295 667 3362 edicto
695 3316 754 3363 suo
774 3299 864 3380 regio
885 3297 920 3362 in
941 3316 1082 3380 regnum
1134 3294 1270 3379 dignum
1292 3295 1450 3380 nobisque
1476 3298 1713 3382 gratissimum,
1744 3297 1830 3381 quod
1857 3296 1994 3364 candido
2024 3319 2110 3365 sem·

117 3389 147 3446 et
167 3380 317 3463 ditiones,
347 3383 472 3466 aliquot
493 3381 627 3450 adiectis
654 3381 875 3461 libertatibus,
903 3381 1082 3448 clementer
1156 3401 1193 3445 er
1224 3403 1262 3448 ac
1297 3381 1505 3466 paratissimo
1538 3384 1719 3467 rependere
1751 3383 1955 3450 studebimus
1989 3385 2108 3464 animo,

114 3470 279 3536 avocarit
324 3466 401 3550 Qua
422 3467 554 3552 quidem
576 3467 751 3536 clementia
770 3467 875 3550 ipsius
891 3466 958 3533 Dei
978 3469 1082 3532 omni·
1133 3401 1243 3532 baum
1265 3465 1342 3550 Opt.
1361 3468 1451 3534 Max.
1481 3467 1693 3554 deprecantes
1719 3479 1758 3534 nt
1787 3467 1822 3536 S.
1845 3469 1886 3533 V.
1910 3470 1957 3534 Μ.
1986 3478 2109 3535 totum-

111 3555 263 3636 potentis,
293 3556 331 3620 in
352 3555 445 3621 euius
465 3575 568 3620 manu
590 3553 688 3620 corda
708 3575 825 3639 regum
850 3561 944 3632 sunt,
971 3560 1007 3618 et
1026 3554 1082 3636 qni
1133 3573 1195 3635 que
1218 3553 1403 3619 Galliarum
1426 3561 1548 3622 statum
1567 3557 1602 3621 in
1624 3577 1684 3621 sua
1705 3556 1812 3640 gratie
1832 3563 1867 3621 et
1887 3555 2109 3622 misericordia

112 3659 183 3705 vere
203 3642 239 3705 in
267 3663 345 3708 eum
367 3639 536 3707 eredentes
557 3659 727 3722 nunquam
753 3640 888 3719 deserit,
917 3659 1082 3704 summam
1133 3638 1234 3703 tutari
1256 3645 1290 3703 et
1310 3640 1448 3707 feliciter
1468 3663 1661 3708 conservare
1681 3639 1844 3726 dignetur.

111 3722 285 3796 bonitatem
307 3725 566 3804 considerantes,
596 3725 645 3790 illi
668 3729 708 3790 de
735 3727 836 3790 tanus
854 3725 969 3809 gratiis
990 3745 1083 3790 mera
1133 3776 1163 3842 E
1208 3776 1246 3840 Τ.
1349 3775 1440 3842 xm
1467 3777 1544 3842 Iffi
1655 3777 1681 3844 S
1763 3778 1771 3792 .
1809 3778 1816 3791 .
1913 3779 1950 3844 Μ
1979 3777 2013 3842 V

111 3811 331 3879 misericordia
351 3812 424 3878 eius
445 3813 480 3876 in
502 3811 543 3876 R.
563 3812 609 3876 Μ.
632 3810 674 3875 V.
698 3811 832 3890 collatis,
852 3811 909 3894 qui
930 3809 1083 3876 videlicet
1148 3799 1188 3876 ,Χ
1237 3796 1333 3860 '3³¹⁰
1441 3827 1449 3842 ·
1486 3799 1508 3842 ¹¹
1682 3797 1892 3844 mmmm
1952 3828 1959 3842 ·
2013 3827 2021 3842 ·

110 3899 231 3980 regium
259 3899 408 3963 animum
435 3903 581 3964 vostrum
607 3903 738 3962 tantum
763 3897 916 3981 mitigare
943 3915 981 3962 ae
1007 3916 1082 3961 rore
1176 3862 1223 3928 Μ·
1242 3863 1285 3928 D·
1304 3861 1513 3938 XXXVN)
1774 3897 1912 3964 studiosi

110 3982 347 4050 misericordiae
369 4003 448 4050 suaa
469 3981 666 4049 foecundare
694 3982 847 4066 dignatus
876 3989 941 4060 est,
974 3983 1081 4046 maxi·

495 1617 698 1626 ——-—-—.-—---

566 1797 620 1871 88.

129 1955 331 2028 SENA'VUS
354 1955 631 2025 ‘emanuele
653 1955 918 2024 FRANOISOO
940 1955 1066 2022 REGI.

196 2127 336 2298 Sqqrples
356 2129 528 2195 extrem&
543 2129 649 2208 melem
670 2149 708 2196 oc
718 2128 912 2210 praecem
927 2127 1085 2194 eccam

119 2233 226 2280 unane
259 2235 289 2280 o.

109 4087 175 4134 mee
192 4077 434 4154 perpetuasque
456 4069 584 4153 agimus
601 4069 739 4152 gratias:
763 4081 932 4152 sperantes
949 4067 1018 4133 lore
1035 4077 1081 4147 ut,

109 4153 224 4220 nedum
246 4155 345 4240 regni
366 4155 420 4220 sui
440 4154 674 4232 florentissimi,
697 4153 756 4220 sed
776 4161 811 4218 et
832 4153 960 4220 animae
979 4153 1082 4220 lelici-

108 4245 271 4325 utcmque
311 4241 514 4325 gloriamque
544 4239 622 4305 inde
653 4246 873 4323 consequatur
904 4247 1080 4304 aeternam.

109 4321 214 4406 Quum
233 4333 358 4405 autem,
380 4326 651 4393 christianissime
670 4325 754 4405 Rex,
776 4325 919 4390 veridico
941 4325 1080 4390 fratrum

108 4419 138 4475 et
157 4411 341 4480 amicorum
362 4420 550 4478 nostrorum
577 4412 613 4476 in
634 4409 700 4478 fide
721 4411 908 4476 testimonio
930 4409 1081 4475 didiceri-

106 4517 186 4578 mus,
208 4499 316 4566 bonos
336 4497 411 4563 illos
439 4497 528 4564 viros
555 4518 576 4563 a
603 4518 706 4582 regne
735 4497 907 4579 propulsos
929 4495 1081 4562 omnibus

106 4583 286 4650 rationibus
308 4593 342 4650 et
361 4582 488 4648 viribus
509 4584 668 4662 nominis,
698 4582 822 4666 gloriae
849 4579 1081 4666 augendaeque
1145 4637 1147 4642 .

107 4667 276 4754 dignitatis
303 4671 344 4735 R.
373 4669 421 4735 Μ.
449 4669 491 4734 V.
522 4669 656 4734 interim
684 4669 786 4734 fuisse
814 4675 848 4732 et
875 4667 982 4733 adhuc
1009 4687 1081 4732 esse

106 4755 371 4836 studiosissimos,
390 4763 424 4820 et
441 4755 637 4840 reipublicae
647 4753 783 4839 gallicae
794 4753 972 4820 bonoribus
989 4773 1081 4836 pros-

105 4840 255 4993 ubl?
270 4839 1081 4994 ttttltetfflttttmdtt..bittit

106 5010 224 5078 babere
247 5021 310 5078 ant
330 5011 530 5092 desiderare,
559 4977 658 5096 qbam
679 4947 743 5077 qui
765 5011 903 5096 gloriam
924 5017 958 5076 et
979 5029 1081 5076 evan·

105 5097 180 5182 gelii
202 5099 256 5165 sui
280 5099 387 5165 saneti
406 5098 657 5176 incrementum,
679 5097 752 5162 iure
773 5105 807 5162 et
827 5095 1007 5163 christiana
1028 5116 1080 5161 oo-

105 5183 213 5267 gimur
234 5185 374 5250 caritate
393 5205 454 5268 pro
476 5183 620 5251 uberiori
637 5182 811 5250 clementia
827 5179 915 5264 apud
924 5181 965 5246 R.
978 5181 1025 5247 Μ.
1037 5179 1079 5246 V.

106 5270 236 5354 seriptis
269 5267 488 5351 intercedere,
522 5271 667 5336 maxime
700 5289 803 5352 quum
834 5266 972 5333 eandem
1004 5265 1081 5332 fidei

1573 4033 1698 4100 Consul
1717 4043 1751 4101 et
1768 4043 1902 4102 senatus
1919 4036 2105 4118 'ligurinus

1519 4297 1721 4306 -ι--ι--ι-ι-

1593 4475 1645 4546 ³4.

1385 4631 1622 4700 GALVINUS
1644 4632 1851 4702 DANIELI.

1220 4801 1385 4868 Silentium
1413 4803 1597 4870 diutmnam
1624 4810 1765 4886 meent,
1789 4811 1855 4872 teon
1875 4807 1987 4872 etam
2008 4803 2105 4872 Basi-

1133 4889 1238 4968 least
1261 4894 1328 4954 bom
1348 4889 1451 4956 morbo
1471 4893 1642 4972 quomdam
1666 4891 1810 4957 scrtbeet
1829 4891 2005 4976 impedisse.
2049 4891 2106 4956 In-

1131 4974 1302 5042 adamate
1323 4995 1400 5041 nece
1425 4978 1599 5043 paeonem
1623 4976 1773 5062 pullicum
1789 4984 1895 5060 parat.
1942 4975 2106 5048 Nonnulla

1132 5143 1642 5354 mejigiebgrrbqrgpxmqqqeqpistols
1663 5232 1713 5286 per
1731 5215 1772 5272 W.
1790 5216 1924 5287 Bigelinm
1942 5217 2105 5288 archigram-
