4820 6016
300 311 360 372 223

298 495 468 561 convictus
490 503 540 559 ast
561 501 772 578 perpetrasse,
794 517 893 578 quam
916 495 1001 579 quod
1023 497 1139 563 babuit
1160 509 1193 562 ot
1224 497 1271 560 le-

276 582 348 666 *git
385 580 474 645 domi
509 580 732 663 evangelium,
770 579 917 664 dixitque
951 585 1058 665 (putot
1086 581 1269 665 aliquando,

298 665 406 732 oleum
436 664 524 730 istud
552 664 756 731 sacerdotum
786 666 828 731 ad
854 688 954 749 equos
983 667 1144 733 scabiosos
1173 687 1270 750 quam

299 751 340 817 ad
368 752 518 816 homines
545 761 694 835 aegrotos
722 752 891 836 ungendos
924 753 1039 819 utilius
1071 774 1150 819 esse.
1201 753 1270 817 Neo

298 837 485 903 admonitus
507 847 565 914 cst,
589 847 625 901 nt
647 847 831 903 recantaret
852 847 908 902 aut
930 839 1120 922 poeniteret,
1144 839 1171 903 si
1193 837 1270 920 quid

298 931 472 1008 pensasset,
495 923 551 987 scd
577 923 742 988 hominem
765 925 864 989 variis
884 925 1079 990 cruciatibus
1101 925 1135 989 in
1160 927 1270 990 vinou-

297 1009 339 1074 lis
361 1009 523 1082 affectum,
551 1017 583 1074 et
606 1010 851 1074 semimortuum
874 1018 1106 1092 pertraxerunt
1128 1011 1170 1074 ad
1192 1033 1270 1093 sup·

297 1094 442 1178 plinium,
470 1094 554 1158 nihil
577 1095 641 1158 tale
664 1096 876 1176 cogitantem,
907 1105 944 1160 ut
972 1098 1027 1178 qui
1046 1097 1170 1162 nullius
1191 1095 1271 1160 mali

297 1180 449 1246 facinoris
483 1179 542 1244 sibi
576 1181 725 1246 conscius
758 1193 852 1246 esset.
909 1181 1081 1247 (laetorum
1116 1183 1271 1265 quoniam

297 1265 351 1332 hio
379 1265 454 1348 pius
482 1266 534 1329 vir
561 1265 756 1348 proditionis
788 1275 957 1333 accusatus
991 1268 1054 1332 fuit
1080 1268 1167 1352 apud
1188 1267 1271 1332 Cac-

298 1372 415 1426 sarem,
444 1360 478 1416 et
499 1351 650 1415 nonnulli
673 1351 728 1416 alii
750 1351 826 1416 boni
855 1354 932 1432 viri,
961 1355 1123 1420 Dominus
1144 1353 1272 1435 Daucey

299 1445 354 1514 (ut
373 1445 507 1512 vocant)
531 1437 583 1501 vir
604 1437 710 1504 bonus
728 1445 761 1502 et
782 1447 907 1522 potens,
930 1441 966 1504 in
988 1441 1098 1504 aulam
1120 1439 1271 1505 Caesaris

296 1523 462 1606 profectus
485 1530 549 1600 est,
577 1544 642 1604 quo
664 1545 766 1602 suam,
790 1533 876 1588 mart
900 1525 954 1602 ris,
977 1534 1010 1590 et
1032 1526 1171 1590 aliorum
1193 1547 1271 1608 quo·

297 1607 828 1688 mndaminnooentiamtcstetur,
890 1611 1271 1694 versariorumquefrau·

299 1693 373 1758 dom
395 1702 429 1758 et
450 1694 654 1781 iniquitatem
683 1693 808 1777 prodat
853 1697 900 1760 Et
926 1696 1021 1761 audio
1051 1697 1116 1761 iam
1139 1698 1271 1762 canoni·

298 1801 352 1847 cos
375 1779 497 1862 aliquot
518 1779 678 1845 delatores
706 1781 803 1846 falsos'
831 1789 865 1846 ct
893 1781 991 1848 huius
1018 1781 1126 1848 caedis
1148 1784 1270 1867 primos

298 1873 426 1931 autores
448 1865 563 1930 urbem
585 1866 762 1948 reliquisse.
794 1867 916 1933 Potens
938 1875 989 1932 est
1011 1869 1173 1935 Dominus
1195 1890 1270 1934 con-

298 1959 427 2017 vertere
449 1951 632 2034 principum
660 1953 802 2031 animos,
831 1963 865 2017 at
891 1953 1058 2020 illustrare
1086 1955 1271 2039 cognitione

297 2037 392 2102 verbi
413 2039 474 2116 sui,
497 2047 535 2102 ut
555 2037 689 2102 tandem
709 2039 821 2122 agnita
837 2039 976 2104 veritate
998 2049 1204 2122 compescant
1220 2041 1270 2104 iu-

298 2122 400 2188 riosos
431 2123 510 2189 istos
541 2123 690 2189 hominos
721 2125 838 2206 quibus
870 2125 955 2188 nihil
988 2134 1056 2190 tam
1088 2134 1139 2192 est
1172 2124 1270 2204 cordi,

297 2229 394 2292 quam
417 2219 455 2273 ut
476 2209 635 2292 optimum
663 2231 823 2292 quemquo
849 2210 991 2292 perdant
1017 2219 1050 2276 et
1076 2212 1270 2295 sanguinem

296 2293 522 2360 innocentium
548 2294 719 2360 effundant
745 2296 816 2361 sine
838 2297 911 2361 fine.
955 2297 1040 2362 Vale
1060 2299 1095 2362 in
1117 2299 1270 2375 Domino,

298 2387 333 2445 et
354 2379 462 2445 saluta
484 2380 567 2444 mihi
594 2381 722 2446 eosdem
749 2381 931 2464 Gryaceam
958 2393 992 2447 et
1015 2381 1280 2462 Gorolostcdiam,

299 2464 397 2530 simul
421 2477 454 2528 ct
475 2466 593 2532 fratres
615 2487 727 2532 omnes
750 2466 873 2533 Gallos.
883 2467 920 2552 ⁶).
952 2469 1144 2544 Nicoloaffl)
1167 2469 1270 2552 pluri-

297 2571 388 2615 mum
411 2559 442 2616 te
465 2552 586 2617 salutat
603 2560 636 2618 et
653 2574 720 2618 una
741 2563 773 2618 te
790 2575 849 2637 per
861 2552 1030 2619 Christum
1052 2555 1269 2632 obsocramus,

297 2645 336 2701 ut
364 2637 528 2720 significes
557 2637 648 2704 nobis
677 2639 779 2704 amice
808 2647 842 2704 et
866 2639 1086 2718 familiariter,
1115 2641 1143 2705 si
1172 2650 1271 2724 putas

297 2743 357 2788 nos
379 2743 472 2807 posse
494 2722 553 2788 tibi
581 2723 649 2788 ulla
670 2725 705 2800 in
727 2745 763 2788 rc
785 2726 976 2809 gratificari,
1007 2747 1104 2808 quam
1131 2748 1175 2790 ex
1201 2733 1270 2791 toto

297 2815 428 2893 pectora
439 2811 632 2874 amamusin
644 2811 793 2875 Domino.
814 2811 1052 2894 Monbelgardi,
1069 2816 1116 2878 16.
1128 2812 1206 2877 Iulii
1219 2815 1269 2878 38.

836 2949 928 3012 Tuus
948 2949 986 3013 P.
1010 2949 1183 3016 rossanus.

302 3177 304 3182 ’
384 3151 422 3217 si
444 3151 522 3234 quid
552 3159 661 3216 exstat
689 3152 729 3216 de
755 3153 827 3218 istis
856 3153 997 3220 induciis
1025 3157 1119 3222 mitta
1147 3155 1270 3234 adme,

296 3257 376 3303 nam
396 3237 548 3322 Piqaolaa
569 3236 697 3304 dicebat
718 3237 840 3321 aliquid
862 3241 979 3305 excudi
997 3261 1036 3306 ea
1058 3240 1098 3306 do
1116 3264 1152 3308 re
1170 3263 1271 3324 quum

296 3324 370 3390 istic
392 3331 488 3401 esset,
510 3331 544 3388 et
566 3343 698 3406 sparsus
720 3323 773 3391 bic
795 3333 846 3390 cst
866 3345 979 3390 rumor
995 3326 1122 3411 Regem
1145 3329 1271 3392 etBar·

297 3419 391 3475 nates
413 3429 544 3476 necesso
567 3407 687 3476 habere
709 3410 846 3476 reddere
869 3409 1069 3477 sabaudiam
1089 3411 1172 3480 duci.

754 3887 824 3956 lat.

390 4042 639 4110 FARELLUS
661 4045 721 4108 En
743 4043 977 4112 GALVINUS
1001 4043 1185 4111 VIRE'I'O.

393 4211 534 4278 Viretum
562 4215 679 4280 omme
700 4213 850 4282 Baeticae
875 4217 1008 4282 inuisere
1035 4237 1135 4299 uapor
1151 4217 1273 4298 pollici-

300 4295 551 4364 ambulantur
571 4320 609 4364 aa
630 4301 666 4365 id
684 4301 935 4384 sodatqaippe
956 4303 1008 4368 cai
1029 4323 1067 4368 ex
1088 4303 1142 4368 boo
1163 4304 1272 4369 dicere

293 4381 740 4550 ffi'peprtpugpdgtatzaruidioa
763 4407 858 4468 quum
874 4387 936 4452 att
953 4389 1035 4469 ipsis
1051 4388 1186 4454 maitiae
1203 4409 1272 4455 cora-

301 4639 355 4709 OEx
378 4637 546 4707 autographo
569 4640 635 4696 bibl.
657 4641 757 4698 Gener.
782 4642 847 4697 Ood.
871 4641 933 4711 106,
959 4645 1004 4700 iol.
1024 4644 1064 4699 lt.
1106 4647 1272 4716 Apographa

299 4707 436 4762 habentur
453 4705 518 4759 ibid.
543 4708 606 4761 Cod.
625 4709 687 4777 196,
710 4713 755 4766 sol.
774 4711 809 4766 85
830 4731 911 4767 mann
929 4715 1070 4768 Ionvillasi
1095 4716 1225 4786 scripturn
1244 4722 1272 4769 et

301 4777 374 4830 alind
391 4775 528 4830 recentius
546 4776 609 4831 Ood.
629 4779 686 4847 111,
709 4781 789 4835 solt
813 4799 837 4834 v.
862 4791 919 4835 turn
942 4784 970 4836 in
988 4785 1100 4838 Archiv.
1118 4786 1200 4837 Baro.
1219 4785 1270 4854 Ep.

443 4845 473 4897 T.
492 4843 554 4898 VIl.
572 4863 598 4914 p.
616 4845 668 4900 att
685 4851 793 4903 atinde
811 4869 854 4920 ap.
874 4851 972 4905 Simlor
988 4853 1042 4907 vol.
1061 4851 1117 4918 45.)

301 4986 506 4996 ---

405 5085 435 5150 6)
455 5084 603 5167 Calvisiana
629 5088 766 5166 praelate
787 5104 866 5156 qaam
891 5090 993 5148 aalma
1015 5093 1196 5162 Armati
1219 5110 1273 5163 pro

302 5155 773 5288 “”Wtwdlt'li‘dml

1069 307 1331 374 amsuchan
1356 311 1520 372 lan-lat

2225 313 2273 380 aa

1323 495 1502 562 Carissimo
1520 497 1616 562 tratri
1634 497 1734 562 Petro
1748 495 1863 646 Vlireto
1881 497 2031 564 ministro
2047 497 2275 568 Lansaunansia

1723 602 1777 648 acc
1791 603 1885 648 esrae.

1409 717 1443 784 S.
1479 717 1568 784 Satis
1591 719 1746 803 intelligis
1767 721 1895 804 gratius
1917 718 2002 784 nibil
2023 719 2085 786 hoc
2103 724 2276 803 praesertim

1323 813 1470 887 tempore
1495 805 1687 888 contingere
1713 806 1753 870 ab
1783 806 1968 871 hominibus
1992 807 2084 872 nobis
2103 827 2210 891 posse,
2233 809 2276 874 rol

1323 889 1390 955 solo
1419 897 1476 955 tuo
1504 903 1638 975 aspectu
1664 889 1785 956 nedum
1816 892 1939 974 aliquot
1972 889 2098 956 diorum
2126 893 2275 976 colloquio.

1324 979 1372 1042 Ac
1395 998 1511 1060 parum
1534 978 1637 1040 abfuit
1658 977 1737 1058 quin
1760 977 1842 1041 mihi
1859 979 1953 1042 istius
1971 975 2116 1042 laetitiae
2138 979 2277 1045 fruendae

1323 1061 1496 1127 immodica
1517 1062 1677 1145 cupiditas
1695 1061 1856 1142 illuderet,
1878 1073 1916 1128 ut
1937 1073 1969 1128 te
1991 1064 2033 1128 ad
2056 1063 2277 1146 corripiendum

1323 1161 1451 1212 mature
1472 1149 1537 1212 iter
1558 1151 1666 1230 potius
1689 1149 1852 1214 cohortari
1874 1147 2039 1214 studerem
2064 1171 2161 1232 quam
2183 1172 2202 1214 a
2220 1173 2277 1216 sus·

1324 1243 1417 1316 oepta
1439 1235 1601 1298 sententia
1622 1231 1790 1300 deducere.
1827 1234 1969 1317 Gryuoao
1992 1243 2102 1300 autom
2126 1233 2278 1302 etFarello

1323 1321 1472 1401 protinus
1493 1320 1530 1384 in
1551 1329 1696 1385 mentam
1724 1321 1816 1385 venit
1842 1320 1928 1403 quod
1956 1342 2008 1386 ros
2034 1320 2141 1385 habet
2185 1321 2278 1386 Pluri-

1323 1427 1413 1469 mum
1436 1425 1506 1470 esse
1535 1405 1670 1490 periculi
1700 1427 1743 1470 ne
1771 1407 1844 1489 plus
1872 1403 2016 1470 invidiae
2039 1407 2098 1471 tibi
2121 1405 2197 1470 inde
2215 1427 2277 1473 con·

1323 1491 1458 1556 flaratur
1472 1493 1495 1568 ¹)
1524 1512 1624 1574 quam
1652 1491 1831 1574 voluptatis
1858 1489 1899 1556 ad
1928 1513 1987 1557 nos
2009 1493 2140 1558 rediret.
2185 1491 2277 1574 Quare

1323 1577 1453 1641 obviam
1476 1577 1636 1656 eundum,
1666 1578 1693 1642 si
1722 1598 1786 1660 qua
1813 1577 1942 1656 liceret,
1971 1586 2178 1644 consuerunt
2219 1579 2277 1662 Ego

1322 1683 1451 1745 quoque
1477 1663 1622 1728 monitus
1658 1685 1770 1727 eorum
1803 1664 1985 1728 sententiae
2017 1666 2146 1731 accessi.
2194 1665 2277 1748 Ergo,

1323 1747 1432 1824 frater,
1456 1748 1517 1813 hoo
1535 1749 1594 1814 tibi
1612 1749 1829 1815 communiter
1848 1747 2093 1829 denunciamus,
2116 1750 2212 1816 malle
2231 1771 2278 1816 nos

1322 1833 1431 1900 fructu
1455 1834 1603 1918 colloquii
1624 1835 1671 1899 tui
1694 1834 1815 1917 alioqui
1833 1836 2036 1918 optatissimo
2058 1837 2278 1918 inpraesentia

1324 1941 1434 1984 carcre
1455 1941 1554 2002 quam
1575 1931 1609 1985 te
1630 1921 1802 1986 materiam
1825 1921 2013 1987 offensionis
2031 1921 2085 1987 hio
2103 1931 2172 1986 tam
2190 1922 2278 1988 aliem

1325 2013 1469 2090 tempore
1492 2005 1568 2072 ullis
1590 2007 1761 2090 pracbcro,
1791 2027 1871 2089 quos
1898 2007 2019 2090 publici
2042 2007 2197 2074 ecclesiae
2217 2007 2278 2073 boni

1323 2092 1383 2156 tibi
1412 2113 1483 2156 esse
1511 2093 1669 2176 propitios
1696 2099 1754 2157 cut
1781 2092 1897 2156 saltem
1925 2113 1991 2157 non
2021 2105 2133 2176 aperte
2160 2094 2279 2158 intecta

1323 2177 1490 2260 referat.²)
1545 2179 1648 2244 Plura
1679 2177 1801 2244 libebat
1839 2176 1896 2244 scd
1928 2199 2011 2261 quac
2044 2179 2176 2245 nonnisi
2207 2187 2279 2244 certa

1322 2263 1443 2328 nuncio
1477 2263 1710 2329 committenda
1743 2271 1845 2330 arant.
1896 2263 1986 2328 Vale.
2047 2263 2194 2330 Comitem
2202 2269 2228 2346 8)
2255 2273 2282 2330 ot

1324 2349 1469 2414 Iacobum
1491 2348 1584 2416 nobis
1606 2351 1784 2434 plurimum
1808 2349 1923 2415 saluta.
1958 2349 2110 2416 Basileae
2133 2355 2183 2416 20.
2205 2349 2280 2416 Iulii.
2379 2399 2380 2404 η

1679 2486 1831 2552 Farellus
1853 2494 1937 2551 tuus.
1984 2486 2145 2554 Oalvinus
2168 2497 2245 2553 tuus.

1776 2879 1847 2947 136.

1451 3015 1686 3083 uanvluus
1708 3015 1904 3083 ΤΗΟΜΑΕ
1927 3017 2168 3086 GRYNAEO.

1411 3187 1512 3273 Ropot
1532 3195 1568 3253 at
1588 3209 1694 3254 arcam
1723 3189 1881 3270 quandam
1907 3192 2009 3256 uariis
2029 3191 2122 3256 reboat
2142 3191 2185 3256 ad
2203 3205 2284 3254 ιιιαιιι

1323 3275 1542 3356 quotidinaum
1562 3276 1748 3340 aecoesoriia
1768 3275 1927 3357 refertam,
1955 3297 2051 3358 qaam
2072 3277 2178 3358 ipsias
2196 3277 2285 3359 fruar

1324 3363 1410 3442 opaca
1435 3361 1617 3440 &quaeum
1638 3357 1763 3425 Beruoc
1791 3362 2001 3442 deponendam
2028 3369 2205 3442 coronant,
2233 3358 2285 3424 siti
2379 3415 2380 3420 ,

1323 3467 1418 3528 quam
1434 3448 1577 3529 primun
1594 3448 1668 3528 fieri
1683 3447 1821 3530 potuerit
1840 3449 2039 3513 transmittat.

1325 3617 1530 3686 (Antographon
1554 3623 1643 3670 emtat
1666 3619 1693 3670 in
1720 3617 1888 3672 Bibliotheca
1911 3619 2072 3689 Erlangorisi
2095 3620 2161 3672 sads
2187 3615 2286 3672 diffiofla
2379 3615 2380 3620 ’

1325 3687 1404 3738 lectu.
1440 3685 1523 3739 Edita
1540 3692 1582 3738 est
1599 3687 1726 3739 mendosa
1743 3687 1771 3739 in
1790 3687 1838 3740 Ob.
1856 3687 1904 3740 uh.
1923 3688 1957 3740 do
1974 3689 2212 3742 Murriidumerk.
2228 3687 2287 3738 aba

1325 3755 1394 3808 Hrn.
1414 3755 1541 3824 Lessing!
1559 3755 1683 3808 Laocoon
1706 3753 1781 3808 1769.
1823 3757 1981 3826 Accepimus
2003 3759 2068 3810 olim
2086 3756 2286 3827 apogr-aphaca

1326 3823 1361 3878 V.
1380 3823 1419 3876 Ol.
1438 3828 1505 3893 Aug.
1523 3823 1631 3876 Ebrard
1648 3825 1675 3876 in
1695 3833 1816 3877 nostrum
1833 3841 1910 3878 naum
1927 3825 2035 3892 factum,
2058 3827 2107 3880 sed
2124 3824 2287 3896 postmodun

1325 3908 1384 3944 cnm
1403 3891 1557 3946 authentico
1576 3893 1724 3960 exemplari
1747 3893 1798 3961 ipsi
1822 3895 1991 3946 contulimus.
2034 3897 2132 3948 Exstat
2156 3893 2228 3947 aliud
2250 3907 2286 3958 ap.

1325 3961 1469 4013 Simlernm
1488 3962 1539 4014 vol.
1552 3959 1586 4014 72
1605 3962 1651 4029 qni
1669 3977 1703 4013 ax
1721 3963 1875 4014 coniectura
1892 3979 1915 4014 a.
1936 3962 2004 4015 1550
2020 3965 2173 4033 adscripsit.
2200 3963 2287 4080 Scrup-i

1324 4031 1392 4082 sisso
1410 4046 1439 4082 se
1457 4029 1523 4082 dicit
1541 4047 1573 4082 ox
1592 4030 1759 4098 autographo
1777 4030 1957 4084 bibliothecae
1975 4033 2143 4092 Trewianac,
2162 4045 2263 4101 quaen

1323 4105 1457 4152 terraram
1481 4099 1618 4151 exstiterit
1641 4101 1781 4152 nescimus.
1821 4099 1921 4152 Tantus
1945 4102 2053 4170 quidum
2076 4102 2112 4153 ab
2135 4095 2287 4168 Erlangecai
2379 4107 2380 4144 ι

1323 4167 1498 4220 multifariam
1516 4167 1665 4236 discrepat,
1690 4168 1729 4220 ita
1752 4173 1783 4220 nt
1805 4169 1828 4220 si
1846 4168 2017 4222 Trewianum
2041 4169 2117 4224 istud
2139 4171 2226 4240 ipsum
2245 4165 2287 4219 Er·

1346 4237 1474 4304 longanae
1491 4235 1573 4288 fucrit
1590 4238 1746 4306 saepissima
1764 4236 1830 4289 ialse
1848 4237 2014 4307 descriptum
2031 4239 2105 4292 diosa
2124 4237 2268 4308 oporteat.)

1341 4404 1406 4465 tau.
1424 4405 1453 4470 l)
1472 4405 1560 4475 Apud
1576 4407 1731 4462 ammo
1747 4408 1879 4462 nimiam
1896 4409 1996 4477 quibua
2013 4408 2228 4465 Lauaomaaaia
2244 4405 2288 4459 ari·

1323 4474 1408 4528 aiatrt'
1433 4489 1494 4527 οαα
1526 4477 1666 4531 mattae
1697 4478 1885 4531 commercium
1983 4483 2071 4532 ισιααι
2097 4495 2153 4534 aare
2176 4479 2289 4547 poterat·

1325 4543 1554 4667 ιιι
1568 4545 1680 4681 ιι
1894 4493 2035 4601 Ba,
2053 4549 2159 4628 cr
2177 4547 2291 4628 uu·

1611 4631 1678 4684 p..
1732 4633 1786 4669 a.
1871 4617 2011 4683 Mecum
2032 4612 2291 4686 Vtretoalaqacado

1324 4681 2289 4761 umadtbicommoratmateatotarmcqaaadoalioaidfieripu·

1322 4756 1407 4805 m
1422 4749 1555 4882 m
1567 4823 1655 4890 potato
1673 4822 1816 4877 obscurius
1839 4822 1915 4878 dicto
1932 4824 1963 4878 S.
1985 4823 2133 4890 wacta
2148 4824 2191 4878 aio
2209 4820 2290 4876 m

1323 4897 1620 5014 tata
1637 4891 2291 5030 immutata

1321 5026 1410 5094 pitina
1425 5042 1490 5082 oasa
1526 5029 1623 5084 Etiam
1640 5047 1710 5098 quaa
1724 5046 1787 5085 moa
1804 5037 1956 5100 aequum
1972 5032 2003 5085 ia
2020 5030 2184 5100 opoproplto
2201 5030 2292 5084 asoa

1325 5101 1580 5226 militantia
1598 5167 1704 5235 Oomta,
1729 5167 1823 5223 uorat
1844 5185 1983 5226 maor
1999 5171 2182 5235 Lamnae,
2206 5179 2292 5222 ιιαιικ

1327 5233 1465 5289 Ianuario
1484 5236 1551 5289 lota
1568 5237 1600 5290 ia
1616 5238 1676 5292 etus
1692 5239 1781 5293 laam
1798 5238 1934 5305 suffactus.
1971 5238 2091 5306 Ructat
2114 5240 2144 5296 V.
2163 5238 2208 5292 94.
