4846 6016
1027 365 1396 438 Pnonnoonnnn
2122 371 2215 442 xm

202 557 371 624 etteden
391 559 425 625 le
439 577 594 642 peronem
614 559 818 644 londonii
838 559 989 626 cedreace
1023 559 1063 626 Il
1083 579 1128 626 nc
1141 580 1209 642 poe
1228 557 1341 625 cendit
1360 557 1729 626 edoicdSeinctAndrt
1749 558 1819 643 enit
1837 579 1860 645 y
1875 565 2000 627 monent
2019 559 2099 642 rierr,
2120 561 2213 628 cinon

204 689 268 752 pne
289 675 391 736 retent
410 690 489 736 onon
510 691 555 737 en
569 689 709 755 persepe
730 671 768 738 de
793 675 892 738 noane
911 671 1055 738 retroiete
1074 691 1152 738 corre
1166 671 1318 755 ponerier
1339 671 1467 737 irniater
1488 671 1510 736 ὰ
1530 671 1676 738 dcednire
1694 693 1761 754 per
1783 671 1812 736 le
1830 691 1924 738 menn
1944 671 1988 737 lea
2008 671 2134 756 ooiepee
2154 693 2213 756 qne

204 801 288 848 nona
306 781 411 864 feirtec
431 782 557 865 edoncq.
601 783 718 868 Iocone
740 783 809 849 liert
827 783 925 864 pense
944 783 1026 850 den
1047 783 1149 849 eodtre
1168 783 1359 864 concleeion‚
1388 783 1472 847 meis
1487 801 1605 863 ponrcc
1625 803 1685 866 otro
1706 783 1736 849 ie
1756 803 1795 847 ne
1815 783 1936 848 aceroic
1951 803 2017 865 pec
2037 785 2214 852 denumerat

206 892 311 976 cnolle
329 913 452 960 merore
472 915 493 977 y
513 896 596 960 tenir
616 895 647 960 ie
668 895 721 978 loy
742 895 864 961 leieaee.
908 894 934 960 I
937 894 949 958 l
969 914 1040 959 cere
1062 913 1100 959 en
1120 898 1220 960 eostre
1247 894 1412 959 discretim
1433 893 1484 976 dy
1510 894 1669 958 adnneter
1695 915 1739 960 nn
1765 894 1872 960 article
1892 895 1931 960 dc
1952 896 2019 961 cele
2039 897 2070 960 si
2089 895 2215 962 venale

206 1010 335 1071 tronocr
355 1005 525 1088 enpedierd.
569 1004 639 1072 Orat
659 1011 758 1089 ornet
778 1027 844 1072 ααα
864 1005 951 1072 liene
978 1026 1039 1088 qne
1059 1027 1136 1072 corre
1154 1026 1193 1072 ne
1214 1007 1268 1088 lny
1289 1025 1358 1071 cece
1377 1005 1463 1086 feire
1484 1003 1586 1070 enltre
1605 1011 1744 1088 reonede
1764 1007 1929 1090 denotent
1954 1027 2011 1090 one
2038 1026 2070 1072 ee
2090 1027 2128 1073 ne
2147 1007 2215 1088 snat

200 1117 301 1200 peine
316 1118 436 1200 pndne
456 1117 496 1184 de
515 1117 571 1202 loy
584 1118 697 1199 perier
717 1118 771 1184 dee
793 1117 881 1184 liene
901 1118 1014 1184 decent
1034 1122 1156 1200 onemo
1176 1117 1281 1182 rcntrt
1302 1137 1341 1182 cn
1361 1136 1400 1182 se
1421 1115 1517 1182 bonine
1535 1136 1644 1200 prece:
1671 1123 1698 1182 et
1718 1119 1811 1184 eusci
1831 1137 1890 1200 ene
1912 1123 1973 1183 eeet
1992 1117 2026 1184 le
2046 1117 2135 1185 dese
2155 1138 2214 1199 qno

207 1247 287 1294 noceo
306 1228 427 1294 desiree
447 1229 476 1295 lc
492 1229 571 1311 plne
590 1234 621 1294 et
632 1231 778 1313 preferre
799 1229 821 1293 o
841 1233 905 1294 tent
926 1229 955 1294 lc
976 1233 1062 1294 reste.
1108 1228 1315 1295 Neontmoins
1335 1227 1403 1310 qnil
1420 1226 1474 1310 luy
1490 1228 1596 1310 plenae
1612 1229 1723 1294 devoir
1743 1231 1857 1313 eccard
1876 1229 1898 1294 ὰ
1919 1249 1980 1295 nne
2001 1229 2070 1295 tede
2089 1229 2213 1296 rnoieon

207 1344 239 1404 et
257 1341 313 1422 pei
334 1361 372 1406 ne
392 1359 426 1406 ae
447 1341 544 1406 loiace
563 1359 631 1422 poa
657 1361 762 1406 menen
783 1361 851 1422 per
877 1359 956 1406 eene
983 1341 1040 1423 qni
1060 1360 1098 1405 ne
1119 1339 1275 1405 cderdrcnt
1302 1359 1361 1422 qne
1387 1339 1420 1404 le
1440 1339 1602 1405 deetrnire.
1651 1339 1689 1406 Ie
1709 1361 1748 1406 ne
1768 1361 1843 1424 scay
1862 1342 1907 1406 eil
1921 1341 2095 1423 profiteroit
2115 1339 2136 1404 ὰ
2157 1360 2213 1406 eor

203 1452 309 1534 freres
331 1451 473 1533 descire
494 1453 627 1518 mention
649 1452 739 1524 dene.
791 1451 876 1517 Vens
897 1471 918 1534 y
939 1451 1106 1518 advene.
1149 1451 1204 1516 En
1225 1451 1258 1516 le
1277 1450 1338 1532 dn,
1367 1451 1479 1516 innon
1499 1451 1661 1535 inponent,
1682 1451 1710 1517 il
1728 1452 1883 1534 fenldroit
1901 1453 2025 1518 nienter
2045 1472 2106 1517 nne
2126 1451 2213 1516 clerc-

159 1611 164 1620 .
206 1561 280 1626 cele
292 1581 376 1645 poor
393 1567 473 1629 oeter
490 1583 659 1645 sonepceen
679 1583 737 1645 ane
757 1582 835 1629 ocrea
854 1583 876 1646 y
892 1564 1014 1628 cussie
1034 1569 1102 1644 trop
1119 1567 1348 1646 praetereat,
1371 1560 1543 1628 dccloirent
1563 1583 1622 1643 qne
1637 1583 1724 1646 pour
1744 1563 1892 1629 lhonnenr
1912 1565 1952 1630 dc
1971 1562 2058 1629 Dion
2077 1582 2154 1629 oona
2174 1583 2213 1628 en

200 1678 313 1757 porter
327 1675 531 1755 petiennnnt
551 1675 584 1740 le
599 1680 701 1757 perte,
723 1675 839 1756 prient
859 1673 946 1740 Dien
973 1675 1043 1756 quil
1064 1686 1144 1740 'conec
1169 1674 1238 1756 foce
1266 1673 1424 1740 tornioni
1452 1674 1551 1738 aentir
1571 1674 1706 1740 cendien
1727 1675 1816 1740 venit
1837 1674 1990 1742 leenoriat
2011 1679 2040 1739 et
2060 1673 2105 1739 lec
2125 1673 2213 1739 lnrn

205 1786 362 1868 poinces
381 1790 451 1850 cont
470 1787 589 1877 donner
603 1805 670 1869 per
690 1787 757 1870 lny,
784 1783 865 1867 affin
892 1786 931 1850 de
951 1790 1075 1868 reputer
1095 1805 1139 1852 en
1154 1787 1230 1868 pria
1251 1785 1289 1850 de
1315 1785 1370 1869 lny
1391 1789 1487 1850 tontes
1508 1784 1611 1851 edoces
1631 1805 1743 1852 comme
1763 1787 1876 1852 erdere
1897 1791 1925 1851 et
1945 1787 2126 1870 dornrneipe.
2173 1783 2212 1850 Si

206 1896 1607 1979 vonoddibereedentrerenpropncdcebiencilmeaernbl‘eondscroitbondele
1632 1897 2032 1980 conclcreinaienbriefi
2078 1893 2213 1963 Ierone

205 2029 251 2092 ey
272 2009 380 2074 emend
401 2009 524 2077 lenense
539 2029 706 2092 ponrpnoy
726 2011 756 2074 ie
777 2029 816 2074 ne
837 2009 891 2093 loy
905 2029 972 2090 pes
991 2010 1076 2091 sciet.
1121 2008 1216 2090 Quae
1237 2009 1294 2074 ille
1316 2008 1430 2073 clienti
1452 2029 1510 2074 suo
1533 2007 1588 2075 hic
1614 2011 1768 2093 proponit
1796 2017 1834 2074 ut
1861 2011 1932 2093 ipae
1960 2008 2000 2075 de
2022 2031 2080 2075 auo
2102 2007 2211 2088 addet,

206 2142 322 2187 eorum
343 2123 490 2187 nuncin
512 2121 674 2205 Apologia
694 2120 797 2186 letina
819 2121 908 2204 typis
930 2121 1018 2186 edita
1039 2122 1218 2218 vestigium
1240 2121 1370 2186 nullum
1392 2120 1628 2202 deprehendas,
1650 2120 1738 2186 unda
1760 2143 1839 2188 sane
1860 2122 2007 2188 effeceris
2028 2119 2212 2187 Falleaium

205 2235 244 2298 in
267 2232 399 2300 Caluini
421 2233 665 2300 elucubratione
687 2233 818 2316 qualem
839 2231 1017 2306 chaenone
1039 2240 1218 2316 acceperet,
1241 2233 1435 2316 simpliciter
1455 2231 1698 2298 subsistendum
1717 2231 1858 2298 duxisse.
1891 2233 2024 2299 Interea
2045 2232 2102 2298 diu
2123 2232 2212 2317 apud

204 2345 316 2428 ipanm
338 2344 466 2428 sepulta
486 2345 599 2424 iacuit,
621 2365 728 2428 neque
750 2343 886 2411 Oeeaari
904 2343 1028 2409 tradita
1049 2351 1099 2409 eat
1119 2365 1227 2427 neque
1248 2344 1359 2428 vulgo.
1403 2343 1513 2409 Multa
1539 2343 1626 2408 inter
1649 2344 1683 2408 id
1704 2353 1834 2428 tempus
1856 2345 2011 2416 accidisse
2037 2346 2098 2426 ait,
2127 2365 2212 2428 quae

205 2457 343 2521 fuerunt
365 2455 532 2529 obstaculo
559 2458 735 2540 quominus
756 2478 775 2521 e
795 2456 1039 2522 manibus-auia
1061 2456 1175 2540 exirete
1227 2457 1309 2520 Toto
1338 2455 1534 2534 enimanni
1561 2455 1701 2522 decursu
1730 2433 1834 2540 gretei¹
1852 2464 1886 2521 et
1914 2457 2068 2522 continuo
2096 2457 2212 2522 morbo

204 2576 365 2658 vexatum
387 2569 428 2634 de
449 2567 593 2634 ineunda
614 2570 741 2634 ratione
762 2589 805 2633 ne
827 2569 963 2653 cogitari
985 2566 1117 2651 quidem
1139 2567 1293 2650 potuisse.
1336 2567 1431 2633 Haeo
1453 2567 1578 2633 scilicet
1601 2567 1681 2632 dicit
1701 2569 1737 2631 in
1763 2568 1964 2651 praefatione
1983 2569 2117 2633 biennio
2138 2575 2212 2651 poet

204 2681 331 2764 scripta
352 2701 453 2765 quum
475 2680 609 2746 tandem
636 2679 768 2745 libellus
789 2681 825 2744 in
852 2678 1020 2763 publicum
1048 2680 1162 2746 exiret
1207 2679 1377 2763 (legitaaee
1399 2685 1511 2744 temen
1539 2680 1606 2744 iam
1630 2687 1729 2744 antea
1755 2677 1796 2744 de
1824 2677 1937 2745 eodem
1966 2678 2092 2746 edendo
2119 2684 2212 2762 patet

204 2814 249 2860 ex
270 2792 323 2858 hie
345 2792 476 2859 Oalvini
499 2793 607 2858 verbis
629 2791 659 2857 d.
683 2799 713 2856 4.
737 2791 891 2858 Octobris
916 2795 997 2856 1546
1020 2791 1151 2874 scriptis
1172 2789 1268 2877 (cod.
1289 2790 1344 2857 fol.
1367 2791 1439 2873 40):
1471 2789 1555 2856 Pete
1581 2809 1638 2872 qne
1668 2790 1701 2857 lo
1728 2792 1785 2856 bes
1812 2791 1855 2856 ds
1875 2796 1926 2857 ont
1952 2791 2048 2872 einen
2072 2791 2136 2873 fnit
2156 2790 2210 2856 des

204 2906 352 2988 enreipee
373 2905 404 2968 ic
424 2925 463 2969 ne
482 2925 541 2987 ooy
556 2923 621 2985 pec
641 2905 697 2986 oni
717 2925 794 2970 corre
816 2903 971 2986 empeceloc
992 2905 1030 2969 do
1047 2903 1173 2985 pnllier
1192 2908 1290 2968 eostre
1311 2903 1451 2986 epolopic
1477 2906 1504 2966 et
1531 2923 1581 2971 me
1608 2903 1721 2968 eernble
1740 2903 1805 2985 fort
1830 2881 1997 2984 expedient.
2051 2901 2212 2983 Tontefoia

203 3017 268 3083 i’en
288 3017 342 3082 dia
362 3035 395 3081 ee
420 3035 480 3098 one
507 3017 569 3080 i'en
591 3035 688 3098 pense
708 3027 786 3082 sene
806 3015 977 3098 preindice.
1025 3014 1138 3080 Novae
1167 3021 1278 3080 temen
1304 3033 1414 3080 morea
1442 3014 1678 3082 interieeennnt
1706 3015 1816 3082 ncecio
1840 3033 1923 3098 qnee
1951 3021 2024 3080 ncta
2049 3015 2085 3078 in
2114 3033 2212 3080 coneo

204 3126 379 3194 iudiciaria
396 3147 505 3193 eorem
527 3127 627 3205 curia,
650 3135 690 3192 ut
710 3126 850 3206 videtur,
873 3125 1105 3192 Machlinienei
1127 3125 1301 3209 pendente,
1331 3125 1373 3190 ad
1395 3147 1479 3210 quae
1501 3127 1580 3193 aens
1602 3127 1738 3193 obaeure
1760 3125 1880 3192 alludit
1901 3125 1966 3191 alia
1987 3113 2208 3207 epistola'aub

204 3240 309 3305 finam
330 3238 408 3304 anni
430 3239 552 3322 scripte
574 3236 667 3323 (Ood.
690 3239 743 3304 fol.
766 3238 838 3324 44):
864 3237 947 3302 Pois
966 3259 1025 3320 qne
1046 3237 1196 3321 lepolopie
1217 3243 1285 3302 nect
1299 3238 1389 3320 eoiret
1410 3257 1500 3304 eneor
1521 3239 1617 3304 sortie
1643 3239 1669 3303 il
1690 3243 1735 3303 eet
1755 3237 1826 3303 bien
1852 3236 2211 3318 expendendae

204 3349 361 3416 nonodlce
379 3370 438 3432 qne
459 3349 599 3415 Meiatre
628 3349 786 3416 Veterend
801 3369 928 3430 ponere
955 3355 1108 3430 eppone.
1161 3347 1205 3413 Et
1232 3349 1270 3414 de
1295 3347 1374 3429 fciet
1400 3354 1486 3414 entre
1513 3349 1546 3414 le
1566 3351 1785 3415 cnnmetenee
1804 3369 1958 3414 sennenn
1978 3368 2017 3413 cn
2036 3353 2136 3414 eosne
2155 3366 2211 3414 eoa

197 3461 391 3542 pertindier
408 3461 445 3526 le
463 3461 656 3527 declaration
678 3481 743 3543 qne
761 3462 842 3544 sciet
863 3460 992 3526 lleornnn
1014 3481 1051 3526 cn
1070 3460 1196 3545 penerel
1213 3465 1313 3526 contro
1329 3465 1410 3527 tonte
1431 3461 1465 3526 lo
1481 3481 1575 3528 coece
1590 3462 1699 3528 meritc
1716 3461 1786 3527 lion
1804 3481 1864 3552 qne
1881 3461 1910 3525 le
1925 3459 2002 3543 style
2018 3461 2078 3526 soit
2093 3457 2210 3542 donet

203 3578 234 3638 d
255 3573 324 3654 enit
343 3593 365 3655 y
385 3574 434 3638 eit
454 3573 510 3638 dee
532 3573 692 3638 additione
713 3573 906 3639 cntreleceee.
951 3571 997 3638 Et
1017 3574 1096 3654 pots
1118 3593 1175 3654 qne
1192 3571 1280 3646 Dion
1301 3593 1323 3638 α
1334 3574 1458 3655 permis
1481 3591 1540 3655 qne
1560 3593 1636 3638 oona
1662 3593 1739 3657 eyer
1767 3579 1835 3656 tent
1860 3573 1998 3651 attende
2019 3571 2052 3636 le
2071 3569 2119 3652 dn
2139 3569 2210 3652 qnil

202 3705 227 3768 y
248 3684 388 3750 nonme
408 3705 485 3750 conc
507 3671 689 3768 cneeipnere
710 3704 800 3750 enoor
814 3683 893 3766 plns
913 3685 1138 3750 ccrtoinemcnt.
1504 3741 1508 3751 .

227 3803 231 3814 ’
361 3797 461 3861 Anno
489 3796 621 3862 demum
649 3797 800 3880 sequenti
827 3800 910 3860 154⁷
938 3796 1116 3876 Falleaiue,
1143 3797 1200 3880 qui
1228 3796 1452 3880 Argentorato
1479 3795 1592 3862 relicto
1617 3796 1784 3862 Basileem
1813 3817 1848 3860 aa
1874 3801 2043 3878 receperat
2066 3800 2104 3858 ut
2130 3791 2208 3859 belli

203 3905 415 3974 Smalcaldiei
437 3909 542 3973 uerbis
564 3927 636 3973 aeae
657 3908 868 3987 subduceret,
897 3908 982 3974 aerio
1010 3908 1050 3974 de
1071 3909 1270 3973 Defenaicne
1299 3929 1360 3973 ena
1385 3908 1477 3991 typis
1504 3905 1692 3974 mandanda
1713 3928 1789 3974 cum
1810 3907 1950 3973 (lelvino
1972 3925 2069 3988 agere
2091 3904 2208 3987 coepit,

202 4019 306 4085 aimnl
327 4020 434 4100 etiem,
457 4041 559 4103 quum
575 4019 634 4084 illa
654 4020 772 4104 gallico
795 4040 944 4086 sermone
967 4031 1102 4085 exorata
1122 4019 1254 4098 senecen,
1284 4017 1325 4084 de
1345 4020 1496 4084 versione
1517 4019 1622 4084 latina
1643 4018 1682 4084 ab
1704 4019 1812 4102 aliquo
1834 4018 1934 4083 hniua
1950 4015 2083 4101 linguae
2102 4015 2208 4099 perito

202 4131 426 4214 concipienda
484 4132 616 4196 nostem
651 4129 810 4198 hebemus
844 4131 1016 4216 epistolam
1051 4131 1081 4197 d.
1117 4137 1145 4196 7.
1173 4131 1289 4197 Martii
1321 4131 1478 4214 scnptem
1511 4131 1606 4216 (Ood.
1634 4129 1686 4196 fol.
1718 4129 1773 4216 51)
1801 4129 1860 4194 ubi
1893 4130 1982 4193 inter
2013 4128 2077 4194 elie
2110 4128 2207 4194 hoec:

202 4241 316 4306 Ieoois
337 4241 437 4307 ordlid
463 4262 502 4305 en
528 4261 599 4306 mea
615 4243 774 4308 derniorcc
794 4241 894 4308 leores
916 4242 1035 4309 lortide
1060 4244 1099 4308 de
1127 4242 1277 4326 lepodpie
1304 4248 1334 4306 et
1358 4263 1397 4308 ne
1423 4262 1499 4326 acen
1524 4247 1671 4308 comment
1695 4243 1723 4307 il
1742 4241 1872 4306 m’eetoit
1892 4239 2053 4322 cecdeppt.
2100 4237 2209 4306 senc

201 4352 319 4419 Andri
340 4373 378 4417 cn
400 4353 482 4418 croit
503 4353 536 4418 le
554 4354 640 4435 copie
660 4358 689 4419 et
709 4375 747 4418 en
767 4353 833 4420 cele
853 4355 883 4419 ic
903 4374 968 4437 nen
984 4373 1049 4435 poe
1074 4353 1137 4420 ceti
1155 4353 1277 4432 recor
1298 4354 1336 4420 de
1356 4373 1428 4419 mon
1449 4355 1587 4436 opinion.
1632 4351 1723 4419 Meis
1751 4352 1834 4419 adon
1856 4350 1945 4418 nster
1964 4356 2092 4433 proceret
2112 4354 2208 4432 oeerrt

202 4464 231 4530 n
251 4465 347 4529 eeroit
367 4465 507 4546 pontion
527 4465 566 4531 de
588 4463 764 4548 linrprimcr
784 4466 814 4529 ie
835 4485 873 4530 ne
893 4485 951 4548 vop
967 4466 1058 4546 point
1078 4465 1184 4548 procly
1205 4466 1309 4531 enroit
1330 4465 1352 4530 d
1373 4465 1512 4549 elonper.
1555 4463 1734 4530 Dedonlcir
1753 4465 1780 4530 il
1799 4467 1867 4530 nest
1879 4463 2024 4546 possible.
2068 4461 2119 4528 De
2140 4481 2207 4538 cero·¹

199 4573 333 4656 dernier
353 4595 391 4640 cn
406 4576 484 4658 plne
508 4577 629 4660 prende
654 4576 828 4642 ocdenenoe
848 4575 876 4643 le
894 4581 993 4657 tenna
1014 4599 1052 4643 ne
1073 4579 1101 4642 le
1115 4583 1206 4660 porto
1220 4578 1321 4658 point,
1345 4598 1389 4642 en
1408 4576 1509 4641 moins
1523 4595 1611 4656 poor
1629 4575 1684 4658 inp
1704 4575 1823 4642 donner
1843 4595 1943 4649 ecura
1976 4573 2021 4640 Et
2042 4593 2155 4650 nnenre
2176 4573 2208 4638 ai

202 4705 282 4752 oona
303 4686 451 4752 Meleon
471 4687 509 4752 de
528 4688 561 4752 le
580 4689 665 4770 seire
686 4688 853 4770 tmprnner
875 4687 1107 4772 dStrneboerp,
1131 4709 1220 4754 encor
1241 4710 1279 4753 ne
1300 4709 1374 4772 cocy
1395 4689 1425 4752 ic
1445 4687 1507 4752 nlo
1527 4685 1658 4752 loaeront
1678 4688 1830 4753 edmedre
1850 4687 1918 4752 telle
1938 4685 2035 4768 pede
2055 4690 2101 4751 eet
2117 4735 2125 4751 .
2144 4735 2152 4752 .
2171 4735 2205 4751 ..

202 4787 342 4882 Le'ily
362 4800 469 4864 enroit
483 4799 564 4880 poc
585 4799 623 4865 dc
644 4799 761 4866 liberti.
806 4795 845 4864 Il
865 4819 914 4865 me
934 4793 1076 4866 counierit
1096 4821 1155 4884 qne
1175 4819 1252 4866 corne
1272 4821 1321 4864 rne
1339 4801 1425 4882 dedeo
1450 4799 1586 4864 mention
1612 4801 1800 4876 incontinent
1826 4817 1919 4880 eprec
1945 4797 2047 4862 locon
2073 4801 2148 4861 rede
2168 4797 2206 4862 de

201 4910 342 4994 werpe
361 4893 507 4992 eequis
528 4913 666 4994 pem,
691 4913 776 4977 mec
802 4931 880 4977 sec
899 4931 948 4976 ne
974 4916 1061 4978 noer
1088 4933 1127 4976 ee
1153 4913 1235 4996 quoy
1260 4933 1299 4978 ne
1326 4915 1480 4977 emme.
1525 4909 1565 4976 ιι
1592 4931 1668 4977 vous
1687 4911 1802 4993 poena
1827 4909 1922 4992 eene
1940 4929 2004 4992 per
2024 4907 2207 4990 enener

202 5041 276 5088 mero
296 5023 427 5088 mender
449 5027 549 5088 codro
567 5023 772 5090 conloiretoe
792 5043 852 5108 one
867 5042 945 5088 eone
965 5023 1120 5090 deairerer
1141 5023 1179 5089 de
1194 5043 1274 5107 moy.
1305 5021 1364 5088 Dn
1380 5022 1669 5107 trencletenrponr
1687 5025 1720 5089 le
1735 5023 1820 5104 seire
1838 5022 1933 5087 lotirn
1948 5037 2025 5085 oenc
2041 5039 2079 5084 cn
2096 5020 2207 5086 ennon

201 5132 238 5199 le
258 5153 304 5198 nn
324 5153 414 5199 eaeor
434 5133 555 5218 depont
575 5133 619 5199 erl
639 5133 875 5200 emendetit
894 5134 952 5199 lon
978 5133 1049 5200 d'en
1068 5155 1149 5202 naor.
1194 5133 1252 5219 Iey
1272 5135 1299 5201 il
1318 5153 1373 5200 cen
1393 5139 1537 5200 troeoere
1564 5133 1634 5200 bien
1661 5133 1828 5216 qeelqnnn.
1879 5131 1949 5198 Per
1973 5129 2073 5214 fenlte
2095 5131 2207 5197 derdrc

200 5245 236 5312 ie
254 5265 303 5310 me
322 5243 541 5330 edetitnerey.
586 5243 632 5311 Et
652 5245 717 5312 cdo
738 5265 850 5312 comm
870 5246 988 5328 lespera
1004 5249 1197 5329 nnnportcre
1217 5265 1284 5329 per
1308 5250 1403 5331 prornt
1427 5249 1543 5330 etorpe.
1593 5243 1658 5312 Oer
1686 5247 1864 5313 moiennont
1890 5242 1959 5328 ond
1979 5263 2001 5328 n
2021 5242 2068 5308 eit
2082 5242 2207 5326 perepi-
