4782 6010
292 326 332 425 li
1084 325 1348 421 ualeronau
1369 356 1496 418 40-41
2240 353 2274 416 ιι

298 545 450 626 Virorum,
479 544 598 611 melius
618 543 722 610 multo
743 543 825 610 haeo
845 541 980 609 habebit
1000 541 1137 609 eoelesia
1157 547 1192 606 et
1216 541 1267 606 vi·

1319 542 1444 608 tianam
1476 549 1509 606 et
1540 505 1718 608 fraternam
1749 539 1958 619 modestiam,
1998 539 2056 606 sed
2087 539 2278 624 pontifioium

290 633 385 698 einis
429 631 514 696 Vale
537 631 626 710 bens,
649 629 801 696 salutatis
818 629 980 706 omnibus,
1002 649 1045 694 ne
1066 627 1267 712 praesertum
1319 627 1429 694 neseio
1451 627 1529 712 quid
1552 633 1586 693 et
1606 629 1670 711 piis
1691 628 1846 693 insolens.
1889 625 1973 708 Quis
1999 647 2143 709 unquam
2165 626 2278 692 audivit

290 724 417 783 tasum
446 717 500 800 qai
527 717 668 781 fratrum
695 715 900 794 meminerit,
928 721 1087 798 quantum
1114 712 1268 780 ecelesiae
1319 713 1417 780 alioui
1434 712 1575 780 ereditas
1593 714 1744 780 ecelesias
1761 712 1908 778 nondum
1925 714 2022 790 visas,
2044 712 2211 794 inquibus
2225 733 2278 778 noo

290 801 419 870 Ohristi
439 801 539 868 fuerit
558 801 649 866 utile.
692 801 779 867 Nam
806 801 907 866 huius
934 800 1041 885 gratia
1067 807 1159 883 peto,
1187 806 1221 864 et
1248 819 1268 864 a
1319 799 1477 884 plantas-it
1502 819 1564 864 neo
1591 799 1709 884 rigaris
1734 798 1905 883 unquam?
1957 795 2045 864 Illud
2072 798 2115 898 in·
2135 800 2278 882 pupam‘)

290 889 354 973 piis
375 895 413 954 ut
434 893 543 972 petam
561 886 682 971 adigor.
728 886 893 966 Genavas,
916 889 967 950 21.
989 885 1148 952 Novemb.
1174 887 1265 950 1536.

306 1018 309 1024 “
906 1005 998 1071 Tuas
1019 1004 1181 1072 Farellus.

381 1141 552 1210 Claudiam
574 1139 730 1207 salutabis
752 1161 849 1224 quem
870 1139 960 1207 aliud

292 1227 457 1312 speoimen
490 1227 618 1294 dedisse
649 1226 825 1294 voluissem
857 1248 956 1311 quam

292 1333 411 1380 eoenae
431 1312 580 1380 lautioris
602 1311 689 1397 apud
706 1311 958 1395 Framautsom‚⁸)

292 1401 348 1485 qui
371 1399 573 1483 splendidius
584 1399 694 1465 omnia
712 1405 844 1465 ourarat
860 1419 960 1481 quum

291 1484 501 1571 evangelium
522 1493 644 1571 poseat.
684 1483 804 1564 Dioito,
827 1489 866 1551 ut
889 1493 959 1550 tam

291 1579 368 1657 apte
398 1571 521 1636 fereula
551 1576 645 1638 ouret
676 1570 780 1635 menti
813 1570 960 1636 omnium

291 1677 476 1741 proponere
504 1677 604 1739 quam
632 1657 742 1722 ventri
768 1655 827 1721 illa
858 1656 958 1721 fuere.

291 1743 385 1808 Tune
406 1742 469 1808 erit
490 1763 556 1808 non
577 1742 713 1807 inutilis.
751 1741 898 1808 Panatus
917 1740 959 1806 ad

290 1829 431 1894 formam
452 1825 606 1912 loquendi
628 1825 753 1893 Christi
775 1833 809 1893 st
830 1833 959 1912 aposto-

291 1911 400 1981 lorum
418 1935 453 1980 so
472 1913 590 1979 formet
606 1920 645 1979 ut
661 1913 788 1979 faoilius
810 1913 878 1978 ale
902 1934 959 1978 an·

293 1999 382 2066 tibus
403 2019 496 2066 saara
523 1999 682 2084 rapiatur,
713 1999 850 2082 valeque
872 1933 959 2064 duat

292 2086 445 2171 prastiois
467 2107 548 2169 quos
567 2092 696 2151 vooant.

753 2440 805 2512 4⁰.

335 2577 551 2646 ammaum
579 2577 889 2750 GENEffllgsssdlS
919 2575 1219 2646 LAUSANNEN·

380 2851 547 2940 Gostiqoat
565 2858 682 2920 statam
709 2872 817 2918 rerum
842 2853 877 2918 ia
904 2851 1020 2918 ditioris
1042 2851 1267 2919 Maroundai

292 2941 482 3018 damam,
505 2939 559 3006 adi
577 2941 614 3006 iu
632 2939 805 3024 delipsndis
819 2939 986 3019 ministris,
1008 2937 1044 3004 ia
1065 2938 1267 3006 massariis

290 3025 494 3092 instituendis
519 3025 655 3108 aliisque
679 3025 797 3091 utura
822 3045 885 3090 arou
912 3025 1036 3091 omnino
1066 3025 1109 3092 ad
1136 3029 1267 3090 menum

291 3111 452 3195 eooapelii,
490 3130 598 3176 amm
626 3111 733 3194 potius
758 3109 918 3194 pontificio
948 3131 1034 3176 more
1065 3111 1267 3178 esokaorum

290 3197 447 3265 ammodo
463 3197 772 3280 possidearis.
813 3195 953 3262 Virrium
969 3195 1127 3263 Gaurum
1147 3197 1266 3262 arcessi

291 3283 430 3366 sapiunt,
454 3284 496 3350 ad
517 3281 667 3366 stupas
687 3281 727 3348 ab
749 3283 831 3366 ipsis
857 3301 957 3366 asper
984 3283 1128 3349 institorio
1147 3283 1266 3348 uoims

286 3369 433 3436 ἰἠιιιιαιιι.

1319 883 1472 951 audimus
1489 885 1641 968 frequens
1658 907 1739 964 esse,
1760 905 1876 950 verum
1893 885 1926 948 in
1946 883 2188 950 ehristiamsmo
2204 903 2279 948 nuu-

1320 991 1427 1055 quam.
1472 971 1635 1038 Audimus
1657 971 1698 1036 de
1720 969 1932 1036 admittendis
1954 979 1988 1035 et
2010 967 2205 1053 recipiendis
2223 970 2279 1034 fra·

1319 1056 1426 1122 tribus
1452 1067 1579 1122 oostum
1607 1057 1736 1135 haberi,
1765 1057 1827 1122 etsi
1855 1056 1960 1122 literis
1982 1055 2016 1120 id
2039 1077 2105 1120 non
2126 1055 2279 1121 eontinen-

1319 1149 1383 1220 tur,
1407 1139 1464 1208 sed
1486 1141 1526 1207 de
1547 1141 1761 1209 eaeremoniis
1783 1150 1817 1208 et
1837 1142 1992 1206 moribus.
2036 1141 2172 1206 Fratres
2193 1161 2280 1224 quam

1320 1227 1498 1306 earissimi,
1534 1227 1652 1312 quibus
1683 1227 1787 1312 gloria
1819 1228 1882 1292 Dei
1917 1235 1968 1292 est
2001 1225 2107 1304 sordi,
2145 1228 2280 1292 axaotius

1320 1311 1547 1400 disquiritur⁸)
1569 1315 1625 1398 qui
1647 1314 1739 1380 vobis
1762 1313 1830 1379 sint
1850 1312 2043 1396 reeipiendi,
2071 1333 2170 1396 quam
2192 1331 2280 1395 puras

1320 1399 1386 1465 sint
1403 1399 1578 1478 doetrinae,
1601 1420 1699 1483 quum
1717 1399 1804 1464 vitae
1820 1399 2015 1482 inculpatae,
2033 1419 2076 1463 ne
2093 1398 2197 1480 oulpis
2213 1397 2281 1462 alio·

1319 1485 1371 1550 nis
1391 1487 1583 1569 gravemini.
1626 1485 1697 1552 Neo
1721 1491 1852 1550 tantam
1877 1485 2103 1552 ministrorum
2132 1484 2281 1556 rationem

1320 1571 1452 1658 habete,
1482 1569 1540 1637 sed
1561 1571 1718 1649 familiae,
1747 1591 1889 1635 uxorum
1910 1590 2053 1654 quoquo,
2081 1571 2177 1634 iuxta
2196 1567 2281 1634 Pauli

1321 1663 1467 1721 sanetum
1490 1655 1681 1735 doctrinam,
1704 1663 1738 1720 et
1759 1657 1788 1721 si
1809 1655 1887 1738 quid
1908 1677 1976 1721 non
1993 1663 2121 1722 metram
2138 1661 2190 1720 est
2205 1675 2281 1720 oom-

1318 1749 1468 1826 ponatur.
1514 1740 1552 1807 si
1574 1743 1646 1808 fieri
1666 1763 1735 1807 non
1757 1748 1870 1824 potest,
1894 1741 2078 1824 refieitur-⁴)
2101 1742 2196 1806 iuxta
2216 1761 2280 1806 ver·

1320 1827 1398 1894 bam
1426 1827 1573 1894 Domini.
1624 1825 1691 1910 Qui
1720 1847 1832 1893 sanam
1865 1848 1932 1893 non
1960 1827 2071 1893 ferunt
2099 1827 2279 1904 doctrinam,

1318 1933 1385 1978 non
1406 1913 1593 1998 perferatis,
1621 1935 1682 1980 nee
1711 1913 1842 1997 quosvis
1864 1912 2076 1998 Diotrephes:
2101 1913 2158 1980 sed
2180 1912 2281 1997 quiet

1317 1997 1417 2065 verbo
1439 2000 1566 2082 prosint
1584 2006 1619 2064 et
1639 1999 1788 2082 exemplo
1806 1999 1986 2066 aedificent.
2029 1999 2124 2066 Alias
2145 1999 2235 2066 vobis
2253 2003 2281 2063 et

1317 2084 1406 2168 plebi
1432 2085 1564 2150 ruinam
1591 2085 1724 2186 paratis.
1772 2085 1841 2150 Vos
1870 2087 1925 2168 qui
1952 2105 2032 2151 sano
2058 2087 2138 2151 estis
2162 2083 2280 2161 iudieio,

1318 2172 1438 2254 quique
1459 2171 1660 2254 pontiliorum
1683 2172 1877 2238 excussistis
1898 2173 2030 2256 iugum,
2058 2170 2194 2239 Ohristo
2219 2179 2281 2234 tau·

1318 2263 1390 2321 tum
1413 2264 1447 2321 et
1463 2277 1525 2322 vos
1547 2277 1584 2323 ao
1606 2256 1735 2340 plebem
1752 2257 1964 2341 eaptivantes,
1987 2277 2053 2322 non
2075 2257 2189 2324 dubito
2211 2255 2281 2339 quin

1318 2362 1398 2407 mox
1429 2343 1501 2408 sitis
1529 2343 1677 2409 olfaoturi
1708 2339 1785 2426 quid
1810 2341 1953 2408 incendii
1979 2349 2074 2426 paret
2096 2342 2217 2420 Βιιιιι,
2249 2359 2281 2405 se

1319 2428 1437 2510 spiritu
1459 2426 1523 2493 Dei
1551 2429 1659 2511 impiis
1686 2429 1841 2494 reluctari
1850 2427 1878 2514 ι”)
1905 2429 2085 2495 conatibus.
2135 2427 2232 2510 Quod
2250 2435 2281 2491 ut

1318 2515 1444 2579 faeiatis
1465 2533 1525 2598 per
1545 2511 1717 2579 Christum
1738 2535 1797 2580 vos
1818 2513 2032 2592 obtestamur,
2058 2517 2213 2581 invooato
2232 2533 2282 2596 pa·

1319 2599 1380 2664 tris
1402 2600 1521 2683 spiritu
1549 2619 1586 2666 ao
1609 2601 1733 2683 potenti
1756 2598 1894 2676 auxilio,
1925 2621 1988 2684 quo
2010 2601 2178 2684 potentius
2200 2595 2281 2682 quid·

1319 2684 1398 2768 quid
1419 2685 1455 2750 in
1478 2683 1651 2751 Ohristum
1672 2685 1812 2770 erigitur
1833 2685 2007 2752 deiioiatur
2028 2687 2128 2753 armis
2150 2683 2282 2768 potenti-

1319 2770 1380 2835 bas
1392 2769 1528 2852 christi,
1551 2770 1669 2854 quibus
1689 2771 1800 2836 omnia
1821 2771 1857 2834 in
1878 2771 2104 2854 captivitatem
2127 2771 2283 2838 duountur

1319 2875 1357 2922 ao
1378 2863 1543 2940 eoguntur
1562 2877 1646 2940 quae
1674 2877 1752 2922 sese.
1766 2858 1802 2920 in
1824 2855 1996 2922 Christum
2023 2859 2164 2942 erigunt
2211 2853 2283 2922 Gae-

1318 2941 1482 3007 remonias
1502 2961 1605 3008 novas
1632 2943 1741 3008 nesoio
1767 2963 1811 3007 an
1832 2943 2105 3022 strueravalitis,
2135 2949 2196 3007 aut
2214 2937 2281 3025 quid
2379 2998 2380 3018 ,

1319 3027 1391 3093 sitis
1413 3027 1568 3093 eveoturi.
1611 3027 1730 3092 Videte
1752 3048 1833 3093 sana
1854 3029 1921 3093 sint
1942 3030 2059 3094 omnia
2099 3027 2192 3095 Satis
2212 3027 2281 3092 aeti·

1317 3119 1425 3178 tutum
1446 3120 1497 3178 est
1521 3133 1620 3195 super
1645 3113 1707 3180 his.
1751 3111 1809 3180 Sis
1837 3112 1988 3179 libertate
2015 3115 2065 3179 uti
2092 3114 2204 3190 lioeat,
2228 3131 2281 3176 nso

1317 3197 1495 3283 quidquam
1516 3197 1705 3266 offendiculi
1733 3198 1918 3264 suboriatur
1939 3200 1992 3265 vel
2013 3200 2145 3266 tantilla
2165 3202 2281 3264 rituum

1316 3285 1514 3364 mutatione,
1545 3283 1624 3350 dum
1651 3285 1777 3351 laetans
1805 3283 1913 3351 adhue
1942 3293 1992 3352 est
2012 3285 2168 3370 populus,
2197 3284 2281 3351 laetis

1316 3369 1375 3436 vix
1395 3370 1558 3456 partioeps
1578 3390 1639 3454 per
1659 3371 1893 3456 infirmitatem,
1911 3372 1964 3438 oui
1980 3379 2109 3456 oportet
2124 3371 2208 3438 fidos
2227 3367 2281 3435 mi·

1317 3456 1440 3522 nistros
1462 3455 1588 3532 Ohristi
1610 3477 1680 3522 sese
1698 3455 1949 3524 aooommodure.
2001 3457 2144 3523 Virdam
2164 3454 2281 3523 desido-

290 3537 542 3664 ffibgblssihwff
563 3538 657 3608 imit*
680 3537 767 3591 Paris.
791 3537 903 3593 0⁰¹¹0⁰i
943 3537 1044 3609 Dupuy
1065 3539 1120 3593 '⁰1·
1139 3536 1198 3601 ¹⁰²³
1220 3537 1265 3592 ¹⁰1
1316 3563 1428 3642 ramus
1448 3542 1502 3610 hio
1523 3551 1595 3644 tum
1612 3561 1673 3608 sua
1696 3551 1766 3643 tum
1788 3542 1942 3643 eoelesiae
1964 3542 2063 3610 huius
2085 3565 2199 3623 eausa,
2228 3559 2280 3606 noo

344 3649 352 3664 '
413 3624 517 3679 wll
537 3623 572 3662 ⁰¹¹
596 3612 639 3661 “²
655 3607 691 3660 “¹
713 3622 782 3660 ’Μ
800 3605 878 3660 m
899 3606 1079 3660 ‘dmm'
1119 3607 1266 3676 mlh*
1318 3627 1504 3693 dub1tamus
1531 3649 1612 3712 qmn
1638 3628 1730 3694 uobis
1757 3635 1963 3694 assentiatur.
2012 3628 2091 3696 Ideo
2115 3629 2223 3696 videte
2248 3633 2281 3690 ιιι

683 3674 863 3743 mendosum.)

378 3829 413 3899 S.
435 3829 589 3898 Gratiam
616 3835 650 3895 et
677 3849 791 3912 paoem
819 3849 840 3894 a
859 3829 933 3896 Deo
960 3837 1053 3914 patre
1073 3840 1186 3898 nostro
1207 3851 1266 3915 per

290 3918 474 3986 Dominum
489 3917 610 3984 Iesum.
655 3913 881 3998 Summopere,
907 3916 1026 3997 fratres
1047 3939 1146 4001 quam
1165 3918 1266 3984 earis-
1355 3969 1362 3984 .

288 4003 376 4082 simi,
400 4002 493 4068 nobis
515 4009 565 4068 est
581 3999 830 4085 advigilandum
846 4023 889 4066 ne
907 4001 1118 4068 deflectamus
1136 4025 1156 4070 a
1176 4011 1267 4073 reota

290 4088 441 4154 veritatis
463 4087 531 4166 via,
560 4108 580 4152 ι
607 4087 748 4170 puritate
775 4087 970 4171 soripturae,
998 4088 1195 4156 inoliuantes
1224 4087 1266 4155 ad

291 4171 442 4240 dax'tram
464 4181 522 4238 aut
549 4171 726 4240 sinistram
768 4173 932 4257 tyrannis
959 4175 1126 4257 pontifieia
1154 4173 1267 4259 prooul

290 4257 441 4342 ablegata
462 4265 521 4336 ast,
544 4277 582 4322 ιι
603 4258 686 4324 rasis
708 4256 876 4324 silentium
896 4259 1101 4344 impositum,
1131 4268 1204 4326 tum
1225 4258 1266 4326 ob

292 4343 484 4424 dootrinam,
506 4353 577 4408 tum
598 4341 640 4408 ob
661 4343 765 4410 vitam
782 4343 955 4426 impuram.
989 4345 1130 4412 Aliana
1151 4367 1266 4412 rursus

1317 3713 1407 3780 vises
1427 3713 1539 3814 fratris
1568 3713 1718 3808 suppleat
1738 3713 1864 3816 aliquis.
1909 3714 2012 3814 quis
2035 3718 2101 3782 seio
2121 3716 2280 3781 ministro-

1317 3819 1393 3964 tl?
1415 3799 1814 3970 attufit-“gatii
1828 3820 2028 3970 titt
2041 3801 2282 3954 miii

1318 3991 1449 4036 seimus.
1498 3976 1545 4036 At
1574 3971 1704 4035 attoniti
1736 3970 1917 4051 reddimur,
1951 3971 2031 4038 dum
2061 3973 2212 4040 audimus
2242 3971 2282 4034 ita

1318 4077 1393 4144 oum
1419 4077 1456 4121 eo
1484 4066 1594 4123 aetum
1623 4055 1709 4140 quod
1737 4077 1839 4149 asquo
1866 4059 1974 4122 animo
2008 4059 2092 4124 nulli
2119 4056 2283 4126 ferendum

1318 4163 1499 4208 censemus.
1561 4139 1601 4207 si
1637 4140 1715 4224 quid
1755 4142 1889 4228 indigne
1920 4143 2091 4210 ferendum
2124 4153 2189 4224 est,
2227 4143 2282 4207 hot

1318 4228 1469 4292 mamma.
1501 4226 1640 4292 Nullum
1656 4229 1824 4310 'pontificis
1842 4227 1966 4295 fastum
1984 4229 2136 4296 auditum
2153 4240 2204 4298 est
2220 4245 2282 4297 esst

1317 4319 1386 4377 tam
1407 4313 1624 4396 pontificium,
1653 4314 1738 4380 siout
1764 4313 2022 4380 audimus-istud
2044 4337 2126 4398 esse,
2148 4320 2182 4384 in
2204 4309 2282 4402 quod

285 4430 452 4513 ‘erigatur’
482 4427 590 4494 videto
619 4447 657 4494 m
684 4435 815 4508 emto,
842 4429 970 4496 fratres·
1014 4430 1184 4502 sionim,
1204 4451 1265 4498 vos
1316 4398 1489 4464 vooiferari
1523 4417 1635 4464 omnes
1669 4397 1796 4465 debent
1846 4398 1930 4478 Vos,
1970 4402 2103 4482 fratres,
2138 4405 2282 4470 invocato

292 4513 475 4597 diseiplina,
497 4513 576 4580 ordo
597 4521 631 4578 et
649 4513 761 4580 omnia
781 4535 863 4597 quaa
883 4527 1030 4582 sanatam
1052 4516 1168 4583 deoent
1188 4537 1265 4584 oon·

292 4602 418 4668 sionem
440 4607 596 4684 petantur
617 4599 728 4666 omnia
753 4622 819 4666 non
842 4622 863 4666 a
883 4603 1035 4685 pontilioe
1064 4624 1124 4669 nee
1146 4623 1166 4668 a
1187 4603 1264 4682 suis,

291 4709 353 4755 nee
373 4687 467 4752 iuxta
487 4685 672 4768 pontifioios
693 4685 786 4764 ritus,
807 4685 865 4753 sed
886 4685 1055 4754 aOhristo
1068 4688 1210 4754 Domino
1232 4697 1267 4755 ot

292 4795 314 4840 ι
335 4769 435 4840 verbo
456 4791 524 4837 suo.
568 4769 673 4836 Binas
694 4771 884 4855 exeepimus
904 4771 1018 4840 literas
1039 4794 1121 4857 quas
1142 4795 1228 4840 unae
1240 4776 1266 4857 ¹)

294 4856 437 4924 suntad
458 4856 570 4922 varios
596 4856 724 4936 fratres,
753 4879 837 4942 quaa
859 4866 970 4924 nostro
992 4861 1099 4926 ooetui
1119 4881 1187 4926 non
1209 4859 1267 4926 ad·

293 4943 428 5010 modum
448 4948 562 5026 grutae
584 4949 661 5008 sunt
683 4953 718 5008 et
736 4964 803 5010 non
824 4963 959 5026 prorsus
980 4945 1143 5029 resipiant
1163 4945 1267 5014 obris-

294 5195 355 5266 a,
377 5127 510 5251 aiiii·
530 5127 891 5253 {mititem
908 5135 973 5186 ”⁴¹⁸⁶
990 5138 1049 5188 “⁰¹
1067 5131 1199 5190 m
1215 5133 1268 5191 ⁰⁰*

335 5264 384 5326 lo.
403 5265 434 5334 1)
449 5265 568 5318 mimos

1317 4481 1450 4550 Ohristo
1478 4485 1636 4550 ooourrite
1662 4486 1764 4550 tantis
1791 4484 1887 4550 malis
1913 4507 1956 4552 ne
1973 4487 2073 4555 latius
2090 4497 2281 4574 grassentur,

1317 4569 1374 4636 sed
1395 4591 1530 4654 prorsus
1551 4568 1727 4649 eradioato,
1756 4591 1793 4636 ao
1821 4573 1880 4637 llos
1902 4593 2015 4638 omues
2036 4573 2224 4656 admonete,
2250 4577 2283 4638 ιιι

1317 4655 1345 4720 si
1369 4653 1459 4748 uliud
1485 4675 1553 4721 non
1582 4675 1755 4740 possumus
1782 4678 1842 4723 vos
1868 4659 2018 4742 preoibus
2048 4659 2281 4738 amusement

1420 4859 1450 4925 2)
1469 4861 1524 4915 sio!
1539 4861 1609 4930 lopo.-
1625 4865 1734 4932 papatu.

1420 4928 1451 4993 3)
1469 4929 1654 4998 disquiratur?

1420 4995 1451 5062 4)
1468 4999 1626 5052 rsiioiaturf

1420 5064 1451 5130 b)
1469 5067 1635 5120 raluotsturi.

1421 5133 1451 5198 6)
1470 5133 1516 5190 Da
1532 5142 1606 5192 uass
1621 5135 1793 5190 maram
1810 5137 2060 5195 aasumensi
2077 5140 2283 5198 aarum

1319 5217 1384 5260 eoru
1433 5205 1559 5259 umiae
1586 5210 1670 5273 eaput
1693 5204 1987 5275 temeramus.
2018 5208 2160 5268 ramens-
2190 5209 2280 5268 01η

1317 5287 1344 5342 p.
1431 5285 1504 5344 seqq.
1540 5271 1879 5346 ammirandum.
