4804 6012
156 330 215 391 289
972 328 1065 395 PRO
1088 329 1332 400 ruhnnslo.

2092 347 2156 410 290

153 514 272 615 Deum,
292 519 425 584 nnioum
443 540 560 602 nempe
571 539 681 586 meum
699 519 907 601 praesidium,
925 518 1051 596 invooo,
1069 539 1128 600 per
1178 529 1249 586 tum
1271 523 1433 604 politiam,
1462 523 1613 590 submota
1641 527 1728 590 omni
1751 526 1805 590 vel
1828 525 2073 610 superstitione,
2101 531 2156 596 vel

153 624 223 670 eius
252 605 373 682 tilium,
409 626 505 687 quem
530 604 624 670 nobis
652 603 862 670 mediatorem
889 613 922 670 et
950 613 1127 688 patronum
1179 609 1363 691 tyrannide.
1408 607 1502 676 Siout
1524 621 1558 674 et
1580 611 1733 677 honestas
1755 615 1983 690 caeremonias,
2007 638 2090 698 quae
2112 616 2153 681 ad

152 693 249 760 dedit.
285 695 468 775 Certueque
485 712 558 756 sum
580 691 642 757 hae
663 692 788 756 ratione
810 691 891 755 mihi
913 689 954 754 ad
977 691 1039 756 Dei
1058 711 1126 754 ma·
1178 694 1327 759 ordinem
1349 696 1610 762 conservandum
1634 698 1813 778 pertinent,
1843 711 1876 764 et
1898 700 2074 767 erudiendo
2096 716 2156 785 po-'

150 779 301 846 iestatem
325 777 451 844 aditum
474 779 629 860 patefieri.
663 779 750 842 llum
773 787 883 843 autern
905 777 1031 852 invooo,
1054 787 1125 840 tum
1177 781 1255 862 pulo
1277 782 1344 845 sint
1366 781 1472 859 utiles,
1496 802 1515 846 a
1537 783 1676 866 singulis
1699 805 1770 849 esse
1797 785 2019 853 observandas
2046 788 2153 854 iudieo

150 875 187 932 ut
214 866 355 951 gloriam
382 885 475 930 suam
502 885 703 948 regnumque
731 875 924 947 promoveat
951 863 1125 944 petiturus,
1178 887 1242 949 qno
1259 867 1365 950 magis
1395 869 1571 950 oomposite
1599 871 1708 934 omnia
1737 881 1902 952 gerantur.
1952 873 2020 938 Eas
2043 883 2153 939 antem

150 963 222 1017 tum
246 963 284 1018 ut
305 961 437 1036 peeoata
458 951 540 1015 milri
563 950 723 1026 remittat,
752 961 824 1014 tum
853 950 951 1013 etiam
978 955 1015 1012 ut
1043 947 1127 1011 mihi
1178 954 1414 1030 caeremonias,
1442 974 1526 1036 quae
1551 975 1626 1019 eum
1649 955 1773 1020 honore
1794 955 1875 1036 Dei,
1905 958 1958 1022 vel
1986 960 2057 1025 eins
2079 960 2153 1026 doo-

148 1048 309 1211 perpetuo
331 1036 425 1114 adsit,
449 1037 489 1102 ad
512 1038 632 1102 bonnm
654 1035 758 1100 veluti
781 1055 881 1100 manu
900 1035 1006 1112 dunat,
1029 1043 1126 1116 atque

1178 1038 1265 1103 trina
1288 1048 1445 1122 pugnant,
1468 1040 1581 1121 quales
1599 1050 1677 1106 sunt
1698 1063 1780 1124 quae
1803 1045 2009 1109 manifestam
2032 1045 2155 1112 habent

167 1123 203 1211 a]
226 1124 314 1190 malo
336 1132 481 1190 revooet:
513 1132 677 1205 postremo
706 1129 745 1185 ut
764 1142 819 1185 me
841 1131 943 1185 totum
968 1119 1125 1184 tuendum
1176 1123 1404 1204 idololatriam,
1426 1129 1559 1190 omnino
1582 1125 1755 1192 abolendas
1775 1149 1856 1200 esse.

150 1212 315 1294 ernoipiat,
345 1219 379 1274 et
400 1207 557 1292 quidquid
579 1207 798 1274 neeessarium
818 1217 881 1286 ιιι,
910 1215 977 1271 tam
999 1206 1125 1288 corpori

152 1318 248 1379 quam
271 1298 409 1374 animae,
432 1295 626 1378 suppeditet.
672 1293 784 1376 Neque
806 1301 933 1357 tantum
955 1291 1038 1355 mihi
1061 1293 1126 1374 pri-

150 1383 251 1446 vatim
275 1382 356 1448 haeo
375 1384 485 1446 omnia
507 1380 645 1464 postulo,
667 1377 724 1445 sed
741 1379 905 1444 universis
928 1377 1124 1454 hominibus,

152 1489 188 1534 eo
209 1489 307 1550 quem
328 1470 398 1552 ipse
419 1469 577 1552 magister
598 1465 708 1530 doouit
728 1464 850 1530 ordine.

237 1553 334 1635 Quod
355 1554 395 1618 ad
418 1561 621 1619 saoramenta
643 1551 772 1628 attinet,
804 1571 842 1616 eo
865 1549 952 1634 apud
982 1569 1034 1613 me
1056 1549 1126 1614 looo

153 1655 243 1718 sunt,
273 1662 337 1723 quo
365 1661 436 1706 esse
465 1639 586 1704 debent
612 1637 696 1720 apud
726 1637 943 1702 Christianos.
994 1635 1125 1716 Baptis-

153 1748 245 1792 mum
273 1747 413 1809 agnosoo
441 1747 512 1790 esse
539 1741 666 1790 eertum
695 1725 933 1800 testimonium,
961 1733 995 1786 et
1022 1720 1126 1786 voluti

154 1812 298 1897 sigillum
327 1823 458 1878 nostrae
486 1832 546 1894 per
570 1812 763 1894 sangninem
786 1808 913 1874 Christi
935 1807 1126 1872 abluitionie

153 1899 251 1966 simul
274 1910 308 1964 et
327 1899 593 1984 regenerationis,
615 1919 674 1979 per
691 1896 843 1978 spiritum
862 1905 1027 1960 sanetum:
1051 1897 1126 1970 [pag.

155 1990 208 2064 39]
237 1987 271 2050 in
301 2007 402 2068 eoque
428 2005 487 2050 nos
514 1986 667 2071 oertiores
695 1980 801 2056 reddi,
830 1981 870 2044 de
897 1977 1127 2045 benevolentia

152 2069 215 2135 Dei
238 2081 273 2136 et
293 2073 361 2136 vita
382 2081 516 2136 aeterna
538 2082 606 2134 tum
630 2080 751 2145 nostro,
773 2079 844 2132 tum
866 2065 1043 2132 liberorum
1067 2085 1125 2128 no-

151 2159 249 2222 mine.
294 2160 447 2241 Agnosco
469 2175 596 2238 quoque
618 2165 652 2220 et
671 2155 786 2230 fateor,
814 2155 849 2216 iu
868 2171 968 2217 ooena
990 2149 1125 2215 Domini

152 2244 213 2308 snb
235 2243 340 2328 siguis
361 2245 455 2325 panis
477 2241 600 2308 etvini
622 2260 698 2304 vere
721 2259 780 2304 nos
797 2259 914 2321 eorpus
936 2249 970 2302 et
991 2237 1124 2319 sangui-

151 2351 226 2393 nem
252 2329 378 2394 Christi
406 2329 565 2410 rooipere:
598 2337 696 2409 atque
728 2324 818 2390 huno
850 2346 921 2390 esse
946 2322 1123 2403 reeipiendi

150 2413 295 2491 modum,
318 2415 403 2497 quod
425 2415 478 2480 hio
500 2415 534 2478 in
557 2423 645 2476 terra
662 2412 767 2489 looati,
790 2410 854 2476 fide
871 2419 981 2474 tamen
999 2409 1032 2471 in
1051 2427 1123 2473 aoe-

150 2499 218 2564 lum
241 2499 497 2572 eonsoendimus,
520 2500 589 2582 ipse
612 2519 747 2563 verosa
771 2497 864 2562 nobis
886 2515 1007 2561 areana
1027 2495 1123 2575 spiri-

151 2597 204 2650 tns
227 2587 278 2652 sui
301 2589 423 2652 virtute
445 2585 671 2660 eommunioat,
699 2595 738 2648 ut
760 2583 885 2648 animas
907 2591 1035 2646 nostras
1057 2579 1125 2643 alat

150 2693 212 2738 sua
239 2673 422 2738 substantia
454 2693 517 2754 quo
546 2671 616 2736 eins
644 2672 720 2734 faeti
748 2669 938 2752 participes,
974 2678 1007 2732 et
1034 2665 1123 2731 illius

149 2759 294 2840 eorporis
328 2757 490 2830 membra,
523 2759 670 2822 omnium
705 2775 833 2838 quoque
867 2755 1023 2818 bonorum
1053 2752 1124 2818 eins

148 2845 324 2928 partieipes
345 2846 471 2910 fiamus.
523 2847 633 2925 Atque
662 2842 741 2908 haee
770 2841 901 2923 quidem
929 2837 993 2903 duo
1015 2859 1123 2902 saera·

148 2941 263 2994 menta
282 2931 316 2994 in
339 2930 475 2994 ecelesia
491 2931 597 2994 sentio
615 2949 686 2994 esse
702 2924 964 2992 administranda
980 2945 1040 3006 per
1057 2944 1122 3000 eos,

149 3017 205 3098 qui
228 3015 269 3080 ad
292 3017 509 3082 ministerium
537 3015 690 3080 eoolesiae
718 3013 826 3080 vetati
853 3019 991 3076 suntet
1019 3009 1121 3086 ιιιιιι,

147 3123 325 3182 eorumque
346 3124 442 3168 usum
465 3106 505 3166 ad
528 3122 651 3180 omnes,
673 3120 732 3181 pro
750 3100 906 3181 oniueque
923 3097 1027 3170 modo,
1049 3117 1123 3178 per·

146 3189 263 3252 tinere.
838 3241 841 3246 .

237 3275 340 3340 Porro
367 3284 401 3338 et
426 3273 507 3338 illud
537 3274 707 3356 profiteor,
734 3271 804 3355 pios
832 3290 946 3334 omues
970 3269 1122 3352 religiose

147 3360 236 3424 tueri
256 3359 374 3426 debere
401 3359 555 3426 aeolesiae
581 3360 758 3437 unitatem,
785 3369 880 3424 extra
905 3375 1003 3438 quam
1031 3354 1123 3420 nulla

147 3447 238 3512 salus
259 3449 311 3524 sit,
334 3457 370 3511 et
388 3446 526 3528 ospitale
547 3465 656 3512 eoram
679 3443 822 3510 Domino
843 3443 965 3508 orimen
989 3461 1068 3516 esse,
1092 3442 1121 3506 si

145 3533 270 3617 quisse
286 3531 427 3610 divellat,
450 3543 483 3596 et
497 3553 591 3596 snam
613 3539 733 3596 sectam
756 3529 916 3594 instituat.
950 3528 998 3593 Ut
1010 3536 1120 3592 autem

144 3621 245 3684 nnioa
263 3629 312 3684 est
328 3618 464 3683 eeclesia
484 3617 688 3692 universalis,
711 3635 795 3698 quae
813 3614 884 3696 pios
901 3635 1014 3678 omnes
1032 3633 1120 3677 oom-

144 3706 315 3789 pleotitnr:
349 3705 395 3770 sio
429 3703 527 3768 etiam
560 3704 682 3785 passim
715 3701 867 3766 eeclesias
899 3699 1121 3782 partioulares,

145 3811 232 3875 quae
252 3791 340 3856 illius
363 3793 431 3854 sint
452 3791 555 3855 veluti
578 3789 739 3864 membra,
768 3807 839 3852 esse
862 3784 1062 3862 distributae,
1085 3787 1119 3849 in

144 3897 285 3959 querum
313 3885 405 3942 ooetu
439 3875 578 3941 debeant
604 3874 786 3939 Christiani
817 3873 925 3937 Deum
958 3871 1120 3949 invoonre,

143 3965 219 4028 sire
240 3962 316 4027 fidei
336 3963 562 4028 testimoninm
580 3959 685 4038 edere,
707 3961 920 4026 eaoramentis
936 3958 994 4034 nti,
1013 3977 1122 4024 saeros

142 4050 317 4114 contiones
338 4054 412 4128 [pag.
430 4051 484 4128 40]
508 4045 629 4112 audire.
675 4049 724 4111 Ao
746 4045 880 4127 nequid
898 4043 1031 4110 oonfuse
1053 4045 1120 4120 fiat,

142 4143 294 4219 pastores
311 4135 524 4219 gubernando
536 4132 656 4216 pupulo
667 4129 900 4215 praefiniendos
918 4150 997 4207 esse,
1016 4129 1120 4195 huno·

143 4241 211 4304 que
235 4218 382 4284 ordinem
409 4241 507 4303 quem
534 4219 687 4286 Christus
720 4217 864 4282 instituit
896 4217 1021 4282 turbari
1053 4238 1119 4280 non

142 4307 273 4370 debere.
307 4305 419 4386 Quare
441 4315 475 4370 et
494 4326 549 4370 eos
572 4303 780 4370 honorandos
800 4303 917 4381 iudioo,
940 4302 1030 4367 otiis
1048 4323 1120 4368 esse

141 4391 326 4475 parendum
366 4413 462 4458 snum
501 4391 646 4456 officinm
685 4411 761 4456 vere
798 4388 1000 4454 lenientibus.
1062 4387 1120 4455 Sio

142 4479 236 4542 enim
257 4479 319 4560 ipsi
341 4479 422 4553 Deo,
446 4479 537 4542 ouius
559 4476 607 4540 illi
630 4477 811 4542 doetrinam
829 4482 1026 4557 proponunt,
1049 4495 1118 4539 nro-

141 4564 317 4648 ramgeri.
362 4566 472 4646 Atque
494 4571 531 4628 ut
551 4565 688 4628 fortasse
714 4561 890 4626 dissolutae
917 4561 985 4624 sint
1011 4561 1118 4644 impu·

141 4670 265 4730 raeque
282 4649 386 4726 vitae,
416 4671 481 4714 non
509 4670 580 4714 esse
608 4663 719 4714 tamen
748 4647 869 4731 privati
899 4647 1041 4710 hominis
1064 4669 1118 4712 eos

142 4736 257 4802 statim
280 4736 456 4819 depellere:
485 4735 541 4800 sed
564 4757 603 4800 ea
625 4735 665 4800 de
687 4755 722 4798 re
744 4755 802 4799 suo
824 4731 937 4798 ordine
959 4753 1031 4798 esse
1053 4741 1117 4798 sta-

141 4821 314 4886 tuendum.
357 4825 476 4904 Atque,
504 4833 542 4886 ut
564 4821 702 4886 honesta
722 4819 832 4902 aliqua
854 4819 967 4901 politia
987 4841 1118 4884 oonser-

141 4909 215 4972 rari
237 4909 353 4990 possit,
379 4927 461 4991 opus
489 4928 560 4972 esse
587 4905 780 4989 quibusdam
807 4906 933 4988 legibus
960 4905 1001 4970 ad
1022 4927 1117 4972 nsum

140 4995 351 5077 singularum
373 4993 583 5058 eoelesiarum
605 4992 868 5060 aooommodatis:
896 5011 934 5056 ao
956 4993 1039 5058 siout
1061 5013 1117 5074 pe-

1263 1211 1355 1276 Haeo
1377 1232 1505 1275 summa
1530 1223 1589 1290 est,
1612 1211 1742 1290 Caesar,
1764 1214 1834 1278 eins
1857 1215 2031 1297 religionis,
2055 1237 2154 1299 quam

1178 1317 1307 1379 semper
1329 1297 1499 1380 amplexus
1523 1319 1605 1374 snm,
1627 1307 1660 1362 et
1681 1321 1768 1364 nune
1788 1320 1915 1382 quoqne
1935 1307 2007 1380 [pag.
2027 1308 2079 1379 41]
2101 1323 2153 1366 re-

1178 1382 1276 1460 tineo,
1299 1383 1397 1448 simul
1420 1385 1518 1448 etiam
1541 1404 1650 1448 eoram
1678 1392 1710 1448 ιι
1732 1387 1885 1467 profiteor
1906 1386 1976 1450 siue
1997 1387 2066 1451 ulla
2087 1385 2153 1450 dis·

1179 1467 1396 1534 simulatione.
1447 1470 1498 1534 Ae
1526 1469 1621 1535 faoile
1647 1468 1777 1552 quidem
1805 1481 1861 1535 tna
1888 1471 2041 1538 maiestas
2068 1471 2153 1538 indi-

1178 1571 1251 1617 oare
1273 1563 1391 1635 potest,
1420 1575 1519 1636 quam
1547 1555 1753 1638 simpliciter,
1783 1557 1918 1622 minime
1948 1579 2024 1622 vero
2049 1559 2153 1623 ambi·

1178 1639 1259 1704 tiose
1280 1639 1313 1704 id
1335 1641 1461 1706 faniam.
1496 1641 1602 1706 sionei
1625 1662 1704 1708 saue
1726 1655 1759 1706 ιι
1780 1642 1834 1706 ille
1856 1665 1941 1708 uuus
1963 1643 2045 1708 mihi
2068 1665 2153 1710 sem·

1178 1745 1236 1807 per
1261 1727 1445 1808 propositus
1478 1747 1594 1809 seopus
1621 1729 1697 1806 suit,
1733 1735 1772 1792 ut
1797 1749 1918 1812 magna
1945 1730 2153 1812 simplieitate

1177 1833 1339 1892 sequerer,
1357 1833 1419 1893 quo
1432 1814 1529 1876 timor
1542 1825 1576 1877 ιι
1587 1815 1772 1878 reverentia
1782 1813 1846 1880 Dei
1863 1815 1928 1879 mei
1940 1837 1992 1879 me
2008 1816 2151 1880 vocabat.

1177 1901 1227 1962 Ao
1250 1919 1337 1964 nuno
1359 1897 1488 1980 quidem
1511 1921 1585 1965 oum
1607 1898 1712 1963 Paulo
1739 1921 1816 1965 vere
1838 1902 1983 1982 profiteri
2011 1921 2152 1983 possum,

1177 2003 1215 2046 eo
1237 1993 1367 2047 tautum
1396 1985 1542 2063 nomine,
1570 1985 1656 2066 quod
1685 2005 1814 2066 sperem
1841 1988 1877 2048 iu
1899 1985 2009 2051 Deum
2037 1987 2152 2052 vivon-

1176 2079 1253 2144 tem,
1276 2090 1329 2134 me
1351 2071 1504 2136 eeonsari.
1548 2071 1661 2152 Neque
1691 2071 1780 2136 euim
1809 2070 1976 2150 existimo,
2006 2073 2152 2154 superio-

1177 2176 1246 2218 rem
1275 2176 1382 2220 msam
1412 2157 1655 2230 contessionem,
1685 2177 1784 2238 quum
1814 2167 1882 2221 tota
1915 2156 2080 2239 pertineat
2111 2157 2152 2222 ad

1176 2241 1314 2325 gloriam
1338 2242 1410 2317 boi,
1441 2243 1492 2306 vel
1516 2243 1637 2307 erroris
1668 2243 1819 2318 alieuius,
1849 2242 1901 2306 vel
1931 2243 2151 2326 blasphemiae

1175 2328 1282 2392 notari
1305 2347 1409 2410 posse.

1261 2414 1366 2478 Porro
1385 2414 1666 2479 evidentissimum
1690 2427 1749 2492 est,
1772 2415 1808 2478 iu
1831 2425 1897 2478 toto
1925 2435 2024 2497 prope
2047 2414 2151 2480 ohris·

1175 2499 1265 2563 tiano
1288 2501 1373 2577 orbe,
1402 2499 1546 2582 adeoque
1568 2499 1624 2564 ubi
1645 2500 1728 2564 mihi
1752 2498 1927 2564 vivendum
1949 2513 2029 2577 erut,
2053 2499 2151 2566 huius

1176 2583 1342 2650 doetrinae
1370 2588 1546 2668 puritatem
1579 2587 1662 2650 mire
1691 2607 1761 2650 esse
1788 2584 2014 2650 adulteratam.
2064 2585 2151 2650 Nam

1175 2680 1209 2736 ot
1228 2673 1344 2735 merita
1368 2672 1511 2736 humana
1534 2671 1692 2736 adversus
1704 2671 1829 2736 Christi
1849 2672 1987 2754 gratiam
2010 2670 2077 2736 illie
2094 2693 2150 2737 su·

1174 2757 1274 2840 perbe
1302 2758 1497 2822 efferuntur:
1533 2767 1567 2820 et
1595 2758 1740 2840 gratuita
1767 2771 1972 2838 peecatorum
2000 2758 2150 2822 remissio

1175 2843 1433 2908 satisfaotionum
1455 2844 1621 2927 figmentis
1643 2844 1816 2908 evertitur:
1839 2855 1872 2908 et
1893 2844 2026 2907 iubetur
2047 2865 2149 2926 popu-

1174 2927 1226 2992 lus
1248 2927 1289 2993 de
1311 2951 1371 2994 sna
1391 2929 1496 2994 salute
1518 2945 1674 3012 perpetuo
1697 2927 1856 3006 dubitare,
1884 2936 1918 2992 ιι
1939 2928 2019 2993 fides
2042 2939 2149 2994 trans-

1173 3013 1334 3079 formatur
1354 3015 1391 3079 in
1412 3015 1613 3097 opinionem:
1641 3023 1675 3079 et
1703 3016 1773 3080 loeo
1800 3035 1898 3080 verno
1919 3015 2148 3096 poenitentiae,

1173 3120 1258 3182 quae
1274 3101 1434 3182 spirituali
1452 3102 1663 3167 renovatione
1680 3109 1816 3176 onustat,
1837 3107 1966 3164 tautum
1984 3121 2150 3166 commen-

1174 3185 1296 3251 dantur
1312 3199 1450 3252 externa
1467 3188 1576 3252 neseio
1592 3208 1675 3269 qnae
1693 3187 1835 3268 eorporis
1847 3186 2009 3251 exercitia.
2038 3185 2149 3266 Quum

1174 3271 1215 3338 ad
1235 3272 1404 3338 Christum
1426 3283 1516 3339 reeta
1535 3274 1624 3336 mitti
1652 3271 1793 3338 debeant
1819 3271 1983 3350 homines,
2013 3281 2051 3336 ιιι
2078 3273 2148 3337 eins

1173 3357 1273 3424 duotu
1295 3379 1332 3424 ae
1352 3360 1531 3442 patrocinio
1549 3357 1675 3424 aditum
1692 3357 1732 3423 ad
1749 3367 1877 3440 patrem
1895 3357 2051 3422 habeant:
2071 3378 2148 3440 pro-

1172 3445 1297 3510 misoue
1325 3445 1367 3509 ad
1393 3455 1524 3510 sanatos
1551 3451 1622 3523 [pag.
1642 3449 1695 3524 42]
1723 3442 1925 3526 ablegantur.
1976 3441 2072 3508 Unde
2100 3444 2147 3522 fit,

1172 3530 1258 3612 qnod
1281 3531 1380 3594 etiarn
1402 3529 1528 3613 pridem
1548 3531 1706 3596 iactatum
1734 3543 1784 3593 est
1805 3527 1936 3612 vulgari
1962 3528 2146 3612 proverbio,

1172 3623 1211 3680 nt
1242 3617 1328 3681 inter
1361 3617 1522 3699 apostolos
1552 3638 1619 3682 nou
1652 3627 1849 3699 agnoscatur
1881 3613 2035 3679 Christus
2067 3613 2147 3697 ipse.

1173 3703 1348 3767 Praeterea
1368 3703 1403 3766 in
1424 3702 1530 3767 looum
1554 3700 1684 3766 divinae
1717 3701 1800 3785 legis
1826 3701 2022 3783 ingeruntur
2044 3698 2147 3764 stulta

1173 3789 1343 3852 hominum
1371 3797 1569 3854 oommente:
1599 3788 1691 3870 qnasi
1719 3787 1755 3850 in
1782 3807 1895 3850 eorum
1921 3785 2147 3851 observatione

1173 3874 1317 3940 inolusus
1339 3875 1401 3939 Dei
1424 3873 1531 3940 oultus
1553 3875 1644 3938 foret
1696 3873 1765 3937 Neo
1787 3871 1921 3935 auditur
1942 3871 1999 3935 illa
2021 3870 2146 3937 Christi

1172 3960 1349 4025 sententia:
1377 3961 1498 4026 frustra
1519 3981 1554 4024 ιι
1576 3959 1724 4024 homines
1746 3958 1892 4040 fatigare,
1913 3977 2014 4038 quum
2036 3956 2147 4022 Deum

1172 4046 1283 4112 uolunt
1299 4045 1478 4111 seeundum
1497 4045 1659 4110 humanae
1676 4043 1875 4110 traditiones.
1911 4039 2060 4124 Denique
2078 4051 2147 4108 tota

1171 4131 1310 4215 legitimi
1337 4133 1445 4198 uultus
1473 4133 1523 4196 vis
1552 4131 1715 4206 aboletur,
1750 4128 1835 4212 quod
1867 4131 1973 4192 Deum
2001 4131 2147 4194 externis

1172 4219 1384 4282 eaeremoniis
1406 4217 1528 4300 planari
1556 4218 1700 4300 fingunt:
1735 4235 1771 4278 ao
1797 4216 1922 4279 interea
1951 4214 2147 4296 relinquitur

1171 4327 1209 4372 ao
1231 4323 1344 4370 eeoure
1364 4303 1544 4386 negligitur
1565 4301 1743 4385 spiritualis
1764 4301 1897 4366 veritas.

1257 4388 1467 4454 Tantundem
1488 4401 1586 4471 atque
1608 4389 1707 4452 etiam
1735 4387 1901 4470 aliquanto
1930 4384 2003 4468 plus
2031 4384 2071 4450 de
2092 4407 2145 4450 ee·

1171 4476 1346 4542 oramentis
1367 4475 1444 4540 lieet
1464 4494 1618 4550 asserere,
1642 4473 1746 4555 deque
1768 4472 1932 4536 univorsis
1954 4472 2143 4550 aotiombns,

1170 4583 1253 4643 quae
1275 4559 1389 4628 deeora
1409 4573 1442 4625 et
1463 4559 1569 4624 ordini
1586 4561 1710 4624 servire
1728 4558 1915 4624 debuerant.
1949 4556 2035 4622 Nam
2058 4555 2144 4638 quod

1170 4657 1221 4714 est
1242 4649 1276 4712 in
1299 4646 1511 4712 sacramentis
1528 4647 1747 4728 praeeipunm,
1768 4657 1806 4708 ut
1822 4643 1986 4726 intelligat
2005 4641 2143 4724 populns

1171 4734 1247 4816 quid
1277 4735 1435 4816 figurent,
1469 4731 1548 4814 quid
1576 4733 1724 4814 mysterii
1753 4732 1956 4807 eontineant,
1987 4749 2142 4812 quorsum

1169 4822 1237 4885 sint
1257 4819 1418 4894 instituta,
1448 4818 1480 4883 id
1504 4829 1607 4882 totum
1631 4817 1808 4882 omittitur:
1837 4837 1875 4880 ao
1896 4814 2025 4897 sepulta
2045 4813 2142 4878 intel-

1169 4905 1305 4988 ligentia
1326 4903 1475 4969 saoerdoe
1496 4905 1664 4970 oonfueum
1685 4923 1833 4967 murmur
1850 4901 2014 4966 blatterat.
2050 4897 2142 4979 Quin

1169 4993 1271 5056 otiam'
1297 4991 1388 5054 nefas
1422 5011 1493 5054 esse
1525 4990 1649 5054 duount
1680 4989 1953 5072 significationem
1985 4993 2019 5050 et
2045 5007 2143 5050 usum

140 5101 202 5144 nes
223 5078 392 5145 eoelesiam
414 5089 464 5144 ιιι
484 5101 540 5144 ιιι
560 5077 719 5144 oondendi
741 5077 911 5154 autoritas,
938 5076 986 5142 ite
1007 5077 1117 5142 ooudi·
1168 5079 1228 5141 toti
1261 5075 1416 5141 eeclesiae
1448 5075 1557 5158 palam
1588 5075 1760 5157 explicare.
1809 5073 1862 5137 Ita
1889 5075 1940 5148 fit,
1974 5083 2013 5134 ut
2041 5092 2142 5154 quum

141 5166 187 5230 tis
215 5163 333 5230 debere
359 5185 472 5230 omnes
500 5185 627 5249 parere:
656 5162 752 5230 modo
781 5163 866 5230 letae
890 5185 954 5228 uon
982 5163 1049 5229 sint
1076 5163 1115 5228 ad
1169 5162 1388 5227 manuducere
1420 5182 1479 5225 nos
1501 5161 1542 5225 ad
1572 5161 1740 5226 Christum
1764 5159 1905 5224 debeant
1926 5168 2140 5230 sacramento,

140 5251 358 5318 oonsoientias
378 5248 644 5334 obstringendas,
672 5249 728 5314 sed
755 5247 797 5315 ad
817 5247 1022 5315 retinendam
1044 5257 1116 5314 tan·
1169 5261 1201 5314 et
1223 5247 1406 5326 admonere,
1435 5257 1503 5312 tam
1525 5259 1732 5329 pennatorum
1759 5242 1984 5310 remissionem
2011 5249 2044 5306 ιι
2070 5241 2142 5325 ple·

249 5353 360 5410 Caluini
372 5369 465 5422 opera.
506 5355 562 5410 Vol.
580 5352 616 5406 X.
1902 5343 1935 5397 19
