4820 6016
289 356 354 419 263
1064 343 1327 412 EPIS'I'OLAE
1352 346 1518 409 lec-146
2223 343 2280 408 264

288 557 377 604 neno
399 535 547 602 sublatus
563 534 635 598 fuit
682 530 920 614 etatem
940 529 991 596 bis
1011 531 1111 596 morti
1136 531 1265 595 vicinus
1316 540 1404 597 recte
1421 530 1566 597 habeant
1582 531 1701 609 omnia,
1725 550 1832 614 neque
1849 530 1934 596 clam
1950 550 2055 614 neque
2071 529 2182 614 palem
2199 527 2279 594 aliud

291 624 350 690 vix
371 627 481 705 potest
501 619 672 701 respirare.
716 616 792 697 Quo
820 616 849 682 si
872 637 932 682 nos
960 617 1070 698 privat
1091 616 1262 693 Dominus,
1315 617 1440 696 moliri,
1468 637 1568 699 quam
1596 637 1709 700 paoem
1736 625 1769 682 et
1797 635 1880 700 quae
1907 618 1997 699 pacis
2026 624 2111 681 sunt
2161 612 2278 680 Aderat

291 715 404 774 aetum
421 714 472 771 est
491 703 727 770 de'l'ononensi
745 702 889 780 ecclesia,
908 702 965 767 ubi
986 703 1135 784 privatus
1144 703 1173 784 ²)
1195 703 1265 784 agit
1316 702 1507 781 Himbeetee,
1519 703 1546 788 ⁷)
1568 703 1642 785 pius
1663 722 1742 768 sene
1763 702 1872 779 trater,
1894 703 1950 785 qui
1971 703 2129 784 vertati⁸)
2151 699 2277 778 astabat,

291 793 375 860 eitra
396 791 535 858 fratrum
556 809 751 856 consensum
773 809 832 870 per
850 786 1027 852 &manem
1048 787 1262 852 introductus.
1315 787 1494 853 calumnias
1530 788 1648 871 quibus
1680 785 1918 870 impetebemur
1949 789 2063 870 paucis
2094 785 2276 870 attingebat,

290 877 327 944 Is
348 875 538 961 praedicans
568 874 608 939 de
629 874 762 938 zizaniis
784 894 851 938 non
871 871 1024 938 tollendis
1044 874 1193 938 invectus
1213 881 1265 937 est
1315 873 1373 938 sed
1401 875 1572 956 praecipue
1597 872 1749 954 caeparia
1776 871 1998 938 detestabatur
2026 873 2224 956 pulsionem,
2249 879 2277 934 ιι

292 965 399 1028 ineos
438 961 471 1025 ui
489 967 606 1026 curant
622 967 817 1024 scortatores
833 967 866 1022 et
882 957 1047 1023 adulteros
1066 957 1263 1040 plectendos,
1316 960 1464 1037 Ieearde',
1499 980 1576 1023 nam
1609 957 1694 1023 nihil
1728 959 1871 1040 iniquius
1899 957 2056 1025 Mercede
2083 958 2277 1023 odiosissime

293 1055 326 1115 et
347 983 436 1131 quod
454 1045 610 1129 puniendi
633 1066 698 1109 non
721 1045 801 1122 sint,
831 1043 889 1108 sed
911 1043 1040 1109 sinendi
1062 1063 1134 1108 oum
1155 1044 1263 1108 tritico
1315 1045 1350 1109 iu
1372 1045 1489 1109 fratres
1512 1053 1643 1128 agente,
1671 1053 1705 1108 et
1726 1043 1892 1110 Bereordo
1917 1064 2051 1109 manum
2073 1043 2276 1108 admovente:

293 1133 334 1199 ad
360 1153 499 1198 messem
528 1151 640 1214 usque.
692 1129 882 1194 Fremeetee
917 1148 1033 1212 parum
1057 1129 1203 1213 prudens
1230 1137 1264 1193 et
1315 1149 1391 1194 nam
1414 1131 1585 1194 efeuestra
1600 1129 1817 1211 praecipitere
1828 1129 2002 1194 Iseardem
2022 1130 2161 1194 volebat.
2196 1127 2277 1192 Mor·

291 1240 410 1303 parum
438 1217 596 1282 sollicitus
630 1214 670 1280 de
699 1215 843 1280 ecelesia.
894 1213 967 1280 Scis
993 1224 1031 1278 ut
1057 1233 1132 1278 cum
1159 1234 1263 1280 uxore
1314 1216 1409 1280 curtii
1430 1215 1509 1280 mite
1531 1217 1700 1300 ingenium
1720 1216 1814 1280 nosti.
1849 1213 1906 1282 Sic
1929 1215 2061 1279 tandem
2079 1213 2210 1279 domum
2231 1234 2275 1278 re-

293 1313 378 1389 agat,
401 1304 428 1368 si
450 1324 518 1367 non
540 1309 666 1386 agatur.
718 1300 808 1365 Dum
831 1301 971 1364 Tononii
997 1319 1101 1365 essem
1130 1309 1167 1365 ut
1187 1321 1263 1366 con·
1315 1301 1370 1376 dii,
1393 1301 1499 1366 lassus
1520 1302 1653 1380 itinere,
1682 1309 1827 1366 moestus
1854 1303 1992 1366 fratrum
2014 1303 2080 1366 fato
2102 1302 2275 1378 immature,

291 1391 439 1454 venirem
450 1388 583 1454 fratrias
600 1407 681 1471 quas
698 1407 766 1450 non
787 1387 879 1469 prius
897 1384 1053 1463 videram,
1076 1406 1198 1450 venere
1220 1406 1262 1448 ex
1314 1387 1454 1451 afflictus
1476 1386 1683 1470 dissipatione
1705 1387 1884 1469 insanaque
1901 1386 2164 1470 perseveratione
2187 1435 2193 1448 .
2217 1435 2223 1448 .
2245 1435 2275 1449 ..

292 1474 518 1542 Generatibus
538 1494 597 1556 per
618 1493 707 1555 quos,
737 1491 775 1537 ae
795 1472 1015 1536 visitationem
1039 1469 1262 1552 Obristopbere',
1315 1520 1322 1536 .
1347 1521 1354 1536 .
1379 1522 1386 1535 .
1410 1474 1456 1548 .⁹)
1469 1471 1601 1538 Offendi
1624 1472 1781 1556 collegam
1802 1480 1930 1536 tantum
1952 1493 2018 1536 non
2040 1470 2276 1536 conculcantem

292 1567 326 1627 et
347 1561 551 1636 concionem,
582 1559 638 1622 vix
667 1557 759 1622 licuit
789 1578 885 1640 agere
906 1557 940 1622 id
962 1557 1056 1621 cuius
1078 1559 1185 1640 gratia
1205 1577 1262 1621 ve·
1315 1557 1505 1640 scripturas,
1536 1557 1787 1640 intelligentiam
1814 1557 1892 1622 eolis
1913 1557 2144 1622 attribuentem
2166 1555 2275 1620 veteri·

291 1667 406 1711 ueram
424 1665 460 1710 eo
478 1645 624 1711 conferre
641 1663 715 1731 oum
732 1642 896 1707 fratribus.
930 1642 1117 1708 Narrabant
1136 1650 1175 1706 ut
1191 1643 1262 1724 pios
1314 1643 1384 1707 bus.
1436 1642 1531 1724 Quod
1569 1643 1673 1708 Virete
1701 1643 1811 1718 times,
1848 1642 1922 1708 aliis
1950 1641 2062 1708 itidem
2090 1641 2274 1706 timendum.

291 1730 522 1796 insimularent
544 1729 801 1805 concionatores,
831 1726 915 1810 quod
937 1728 1041 1792 nostri
1065 1735 1175 1792 essent
1196 1727 1261 1792 dis·
1314 1726 1437 1794 Omnia
1454 1729 1520 1792 iam
1538 1737 1616 1794 sunt
1630 1727 1823 1810 composita:
1840 1749 1917 1793 nam
1929 1749 2028 1810 super
2044 1749 2129 1810 pene
2145 1727 2184 1812 ¹⁰)
2193 1727 2274 1810 prius

274 1816 390 1901 cipuli
419 1824 452 1880 et
479 1817 565 1898 ipsos
595 1835 662 1878 non
690 1813 811 1878 habere
839 1813 1013 1895 discipulos
1042 1812 1099 1879 sed
1127 1813 1261 1878 Christo
1314 1825 1386 1878 erat
1407 1815 1595 1892 eonsilium,
1624 1835 1730 1896 neque
1752 1822 1921 1899 supererat
1944 1813 2034 1878 aliud
2054 1815 2118 1878 nisi
2140 1821 2178 1877 ut
2196 1822 2274 1878 reete

291 1899 465 1968 adducere:
489 1899 637 1984 quodque
659 1919 720 1963 nos
742 1899 826 1964 clam
845 1899 1055 1963 hortaremur
1075 1907 1203 1964 nostros
1224 1907 1263 1964 ut
1314 1921 1348 1964 se
1369 1899 1529 1964 haberent
1551 1899 1637 1964 eirea
1664 1899 1805 1981 lapidem
1819 1903 1860 1970 ¹¹)
1878 1900 2037 1977 ministri,
2064 1919 2204 1982 quorum
2224 1897 2275 1960 ali·

290 1995 465 2072 pergerent
493 1988 528 2050 in
550 1985 780 2068 persequendis
802 1993 835 2048 ct
859 1983 1003 2048 vitandis
1025 1985 1261 2050 concionatori·
1313 1987 1367 2066 qui
1401 1985 1500 2069 (proh
1528 1985 1648 2066 scelus)
1687 1986 1750 2048 etsi
1782 1985 1953 2050 Christum
1991 1986 2044 2066 pie
2081 1987 2273 2058 intueantur,

290 2073 361 2151 bus,
385 2093 422 2137 ae
444 2070 535 2136 aliud
556 2091 623 2134 non
644 2079 779 2155 agerent
800 2089 898 2151 quam
921 2080 958 2133 ut
980 2091 1040 2135 nos
1060 2070 1258 2136 morderent.
1313 2079 1407 2134 tanta
1429 2072 1512 2136 sacri
1542 2071 1660 2154 lapidis
1688 2071 1752 2134 fuit
1776 2070 1963 2152 vilipensio,
1993 2081 2030 2134 ut
2051 2070 2161 2135 aversi
2182 2069 2274 2133 intin-

289 2159 465 2240 Hospitem
487 2157 557 2222 ursi
576 2177 675 2240 super
696 2177 793 2220 eausa
819 2153 950 2222 Claudii
972 2155 1172 2232 Sabaudizl)
1200 2155 1261 2221 hoc
1313 2165 1436 2238 gerent.
1470 2157 1567 2222 Nunc
1584 2165 1716 2222 cautum
1737 2165 1788 2220 est
1804 2157 2010 2222 severissime
2032 2177 2074 2220 ne
2096 2157 2171 2238 quis
2188 2175 2274 2220 aver·

290 2243 412 2308 dixisse
432 2263 493 2326 ego
515 2241 616 2306 semel
638 2241 801 2306 uberrime
820 2242 927 2323 accepi
946 2239 1159 2306 deSabaudo.
1192 2241 1261 2307 Sed
1313 2263 1368 2306 sus
1390 2242 1542 2325 intingat
1589 2241 1704 2307 Gallae
1720 2243 1882 2324 praefecto
1900 2242 2042 2306 dicebat:
2065 2241 2205 2306 Habetis
2224 2240 2272 2323 qui

289 2331 410 2394 iterum
440 2349 575 2392 sumam.
637 2328 690 2392 De
716 2327 788 2390 aliis
822 2347 904 2408 quae
939 2334 1077 2392 narrant
1111 2347 1178 2391 non
1211 2335 1261 2391 est
1312 2349 1482 2410 nunquam
1504 2328 1679 2392 audierunt
1699 2327 1886 2392 concionem
1909 2349 2045 2404 sacram,
2075 2347 2183 2408 noque
2203 2327 2272 2389 mis-

288 2414 373 2498 quod
395 2415 543 2478 referam.
575 2412 735 2477 Nonnulli
755 2413 791 2476 in
812 2411 875 2477 hoc
897 2421 973 2476 suut
995 2421 1031 2476 ut
1052 2433 1170 2494 panem
1193 2434 1260 2477 non
1312 2433 1380 2478 sam
1401 2435 1507 2496 neque
1527 2414 1788 2479 concionatorem
1807 2412 1936 2490 habent,
1958 2411 2015 2477 sed
2036 2422 2075 2476 ut
2095 2413 2194 2476 bruta
2210 2411 2272 2476 sine

287 2499 444 2582 frangant
472 2519 546 2564 cum
576 2506 643 2562 tam
671 2498 789 2580 impiis.
841 2498 913 2581 Ego
939 2518 1044 2580 nequo
1071 2498 1133 2563 hoc
1155 2519 1259 2581 neque
1311 2496 1384 2562 Dee
1406 2500 1532 2563 vivunt.
1578 2497 1667 2564 Sunt
1687 2507 1720 2562 et
1747 2499 1872 2583 flagitia
1899 2499 2019 2580 passim
2042 2499 2077 2562 in
2099 2499 2220 2574 Deum,
2244 2505 2271 2560 et

286 2583 370 2649 illud
392 2585 479 2650 suasi
501 2583 703 2660 faciendum,
733 2583 789 2648 sod
817 2591 943 2666 patrem
973 2591 1102 2648 tantum
1124 2604 1258 2666 poscen-
1311 2583 1398 2666 quod
1433 2583 1556 2648 domini
1590 2591 1784 2650 statuerunt.
1839 2585 1931 2650 Haec
1964 2593 2059 2648 erant
2090 2583 2197 2665 primo
2222 2603 2270 2646 ou·

288 2669 367 2736 dum
393 2677 429 2734 ut
457 2678 526 2734 tam
556 2667 693 2752 perditis
723 2669 821 2733 rebus
857 2677 1033 2734 succurrat.
1085 2669 1258 2734 Leusanae
1311 2668 1421 2734 reuda.
1467 2671 1570 2753 Lapis
1598 2669 1680 2734 mihi
1709 2689 1774 2734 non
1803 2680 1861 2734 est.
1919 2669 2122 2754 (legiterae
2149 2667 2268 2734 tandem

286 2755 334 2820 lui
356 2775 393 2821 ac
416 2755 623 2834 contulimus,
654 2754 788 2834 Viretee,
813 2753 919 2820 Comes
941 2763 974 2818 et
998 2753 1119 2819 Gallias.
1127 2756 1157 2834 ⁴)
1203 2753 1259 2820 Go-
1310 2756 1490 2820 constituor
1515 2756 1556 2820 ad
1583 2753 1723 2839 lapidem
1753 2777 1817 2837 qua
1843 2763 1937 2837 parte
1965 2765 2052 2820 stare
2079 2753 2196 2831 debeo,
2221 2773 2268 2836 pa·

285 2861 351 2906 mee
371 2841 523 2906 censebat
552 2839 671 2904 fratres
700 2838 816 2906 debere
844 2861 912 2904 una
938 2861 1052 2906 omnes
1074 2842 1257 2920 convenire,
1309 2841 1386 2906 rebe
1408 2841 1511 2906 facile.
1556 2842 1699 2906 Tantum
1726 2847 1833 2905 statue
1861 2861 1913 2904 me
1940 2848 1978 2905 ut
1999 2840 2140 2906 adducat
2162 2849 2193 2905 et
2212 2837 2267 2905 col-

284 2934 323 2991 ut
334 2925 532 3010 dispiciatur,
551 2925 738 2990 ministrine
755 2933 865 2990 essent
877 2925 1064 2990 (leucrates
1082 2947 1124 2990 an
1141 2927 1255 3011 non.⁶)
1309 2925 1379 2991 loca
1400 2927 1496 2991 iuxta
1523 2926 1609 2992 velle
1635 2923 1850 2991 dominorum.
1901 2925 2035 2991 'Palibus
2057 2926 2204 2990 minutiis
2224 2945 2267 2988 re-

285 3010 456 3094 Siquidem
470 3011 661 3076 Mercedem
678 3011 878 3094 magnifacit
900 3011 941 3075 ab
951 3011 1142 3090 eruditione,
1166 3011 1257 3075 dam-
1308 3020 1389 3094 puto
1412 3033 1523 3077 ansam
1546 3013 1658 3094 quaeri
1680 3033 1745 3094 qua
1765 3013 1868 3094 possit
1879 3012 2045 3080 ‚iratribus
2066 3012 2192 3078 moveri
2212 3025 2268 3076 stc

284 3097 386 3163 nabat
408 3104 442 3161 et
463 3117 519 3162 eos
540 3097 596 3178 qui
618 3117 685 3162 non
708 3095 867 3161 audirent
911 3097 1031 3162 Paucis
1053 3098 1115 3180 egi,
1144 3105 1257 3162 utres
1308 3097 1458 3176 machus,
1487 3096 1622 3163 atinde
1649 3097 1729 3163 ultio
1757 3104 1919 3180 sequatur.
1964 3097 2089 3162 Audivi
2116 3117 2191 3162 eum
2214 3095 2268 3160 huc

284 3191 373 3262 sunt,
396 3204 462 3246 non
483 3182 577 3246 facile
606 3181 640 3246 id
664 3201 752 3247 nuno
773 3203 882 3266 posse,
905 3184 994 3265 ·quin
1016 3203 1052 3247 se
1074 3185 1108 3246 in
1130 3183 1257 3266 pericu·
1308 3182 1464 3248 emissum
1482 3182 1591 3249 fuisse.
1635 3183 1707 3248 Iam
1729 3192 1807 3248 sunt
1827 3190 2011 3266 prostratae
2031 3183 2201 3249 columnae
2220 3179 2268 3244 ubi

283 3267 353 3332 lum
376 3267 560 3333 coniiciant.
593 3268 667 3332 Etsi
689 3268 749 3334 hoo
772 3267 944 3333 videbatur
967 3267 1119 3334 Ghoroldo
1141 3289 1201 3332 nos
1223 3267 1257 3332 id
1308 3267 1371 3332 duo
1403 3275 1461 3332 aut
1487 3276 1554 3332 tres
1582 3269 1683 3333 semel
1711 3269 1846 3333 luerunt
1878 3270 2050 3352 profligati.
2102 3269 2171 3334 Res
2196 3268 2268 3332 bene

283 3355 485 3438 improbasse
506 3362 544 3416 ut
565 3352 722 3418 fratribus
740 3354 971 3419 consuleretur.
1007 3351 1075 3418 Sed
1098 3375 1257 3418 ramesse
1308 3353 1447 3418 habebit.
1493 3355 1543 3418 Tu
1564 3355 1676 3436 procul
1699 3375 1734 3418 es
1757 3375 1776 3418 a
1797 3353 1951 3436 periculo,
1974 3376 2033 3418 nos
2055 3353 2156 3420 undis
2176 3352 2268 3436 quati·

284 3439 422 3504 claram:
453 3461 520 3503 non
542 3460 600 3522 per
621 3439 741 3503 ostium
762 3440 911 3516 intrasse,
934 3460 994 3504 neo
1015 3445 1162 3523 pastores
1185 3460 1256 3504 esse
1307 3460 1390 3504 mur.
1447 3438 1633 3522 Trepidatio
1664 3440 1728 3504 ista
1759 3459 1874 3521 parum
1909 3441 2032 3506 serviet
2063 3441 2195 3523 negotio
2223 3437 2267 3502 cui

283 3525 462 3608 legitimos,
496 3545 557 3590 nee
584 3545 680 3608 posse
709 3523 794 3589 bona
825 3524 1022 3589 conscientia
1051 3523 1256 3589 dissimulare
1308 3525 1418 3590 studet
1444 3525 1600 3591 Soceriue.
1661 3525 1786 3590 Vereor
1819 3547 1860 3590 nc
1888 3527 1987 3590 nimis
2013 3547 2095 3590 vera
2122 3527 2184 3609 ipsi
2210 3525 2267 3588 iam

284 3611 439 3675 iniuriam
466 3609 559 3674 uobis
591 3610 730 3688 illatam,
761 3631 862 3692 quum
885 3631 999 3674 omnes
1020 3611 1174 3676 ecclesiae
1196 3631 1255 3674 nos
1307 3610 1537 3692 praedixerim,
1551 3609 1592 3696 Ι1)
1614 3611 1736 3676 frustra
1757 3612 2056 3695 peregrinationem
2078 3611 2198 3693 suscipi
2213 3611 2267 3672 iac

284 3697 464 3780 approbent
486 3703 519 3758 et
540 3695 660 3759 factum
682 3694 786 3778 plebis
809 3695 980 3760 damnent:
1011 3696 1084 3760 ideo
1104 3705 1256 3761 teneren-
1308 3705 1383 3760 tura
1404 3698 1561 3779 pecuniae
1583 3717 1762 3780 pauperum
1784 3697 1825 3761 de
1847 3716 1913 3778 qua
1933 3718 2000 3761 non
2021 3697 2121 3780 pauci
2141 3694 2265 3760 malain

283 3788 341 3845 tur
369 3779 557 3846 incumbere
586 3782 620 3844 in
649 3779 709 3845 hoo
741 3789 778 3844 ut
806 3781 939 3845 tollatur
969 3789 1061 3846 tanta
1087 3781 1253 3865 iniquitas.
1310 3780 1473 3846 Soecriem
1492 3782 1677 3864 lequuntur.
1723 3781 1790 3847 Sed
1812 3782 1929 3847 vellem
1950 3783 2086 3848 fratrem
2108 3791 2147 3848 ut
2167 3781 2266 3846 admo·

285 3863 453 3932 Addebam
490 3875 524 3929 et
555 3867 698 3930 rationes
726 3865 843 3948 quibus
873 3875 908 3930 tu
942 3887 1020 3931 usus
1047 3890 1081 3932 es
1108 3868 1143 3932 in
1172 3868 1257 3931 Hee-
1307 3875 1424 3931 nerent
1456 3867 1564 3950 pelam
1595 3889 1662 3932 non
1692 3867 1777 3932 clam
1810 3867 1896 3950 apud
1930 3868 2018 3933 alios.
2069 3867 2142 3933 Nisi
2173 3867 2263 3938 fallor,

285 3951 416 4030 molem,
427 3951 454 4036 ⁶)
476 3973 514 4016 ac
528 3951 664 4016 Tboeece
686 3953 784 4015 etiam
806 3953 931 4017 obieeta
943 3951 1099 4018 Mercede
1121 3963 1153 4017 et
1165 3953 1256 4018 Mer·
1307 3953 1486 4018 scribebam
1520 3952 1733 4034 Capenatium
1748 3955 1787 4030 Ι1)
1816 3953 1974 4036 collegam
2007 3953 2221 4018 abalienatum
2247 3969 2263 4012 a

283 4039 383 4101 certio
404 4038 633 4120 proponebam.
681 4035 790 4102 Comes
812 4036 959 4118 addebat,
991 4059 1025 4102 se
1046 4038 1160 4120 procul
1183 4059 1254 4103 esse
1307 4037 1431 4102 Ioanne
1456 4037 1586 4118 Gereite,
1615 4038 1700 4121 quod
1731 4039 1899 4104 nonsatis
1929 4038 2032 4104 amice
2054 4039 2161 4121 ipsum
2183 4055 2263 4102 exce-

284 4119 384 4198 velle,
413 4121 498 4204 quod
521 4123 696 4206 gliscerent
717 4123 805 4188 inter
831 4125 948 4188 fratres
975 4123 1063 4200 odia,
1092 4123 1169 4188 dum
1197 4125 1253 4187 alii
1306 4125 1415 4205 pisset.
1460 4124 1586 4188 Verum
1609 4139 1719 4188 tamen
1742 4133 1855 4190 noster
1875 4125 2078 4208 imprudenti
2106 4124 2185 4189 mibi
2214 4119 2262 4186 Co-

284 4225 401 4281 unum,
431 4207 484 4269 alii
508 4209 595 4272 aliud
618 4216 759 4273 tuentur.
812 4208 997 4282 Admonui,
1026 4209 1066 4274 ob
1094 4209 1253 4292 procellas
1301 4209 1460 4290 peeceles
1481 4210 1671 4292 imposuerit
1692 4231 1792 4274 suasu
1813 4210 2007 4292 complicum
2030 4211 2119 4292 apud
2141 4231 2190 4274 me
2205 4217 2261 4270 tre·

284 4310 351 4353 non
374 4287 536 4356 desereret
557 4315 637 4378 opus
659 4293 794 4358 Domini
817 4293 873 4360 sed
895 4316 982 4360 nuno
1005 4295 1148 4359 maxime
1169 4303 1255 4360 essct
1307 4293 1429 4360 ducens
1447 4295 1493 4359 Io.
1508 4295 1653 4360 Comitem
1675 4295 1894 4360 etmalorum
1917 4295 2098 4360 diffiderem
2121 4307 2258 4360 autorem.

284 4395 366 4460 opus
389 4375 556 4458 diligentia
584 4387 617 4442 et
646 4379 761 4444 labore.
807 4381 873 4444 Per
899 4401 1046 4444 noanon
1066 4388 1153 4445 stare
1174 4381 1254 4464 quin

1307 4469 1509 4476 ———--.-

367 4531 488 4538 —---

1409 4567 1437 4633 7)
1457 4567 1590 4622 Fortoeee
1613 4569 1656 4622 Io.
1678 4569 1838 4624 Htecmas
1855 4569 1931 4636 pros.
1955 4569 1973 4621 1.
1997 4569 2071 4623 hebr.
2095 4569 2256 4624 emm.

388 4629 417 4698 2)
436 4627 557 4696 Raeee,
581 4633 635 4687 IV.
663 4633 711 4688 148
733 4641 834 4689 ecerat
852 4635 1020 4690 Laertem
1049 4651 1083 4689 ea
1106 4635 1254 4689 anemae
1306 4633 1426 4702 Rachel,
1445 4635 1500 4690 IV.
1518 4637 1578 4692 435.

283 4707 398 4757 metae
415 4699 567 4752 Remmia
591 4703 746 4758 adamitae
766 4705 883 4758 Toecee‘a'
904 4719 1006 4758 aeaeae
1023 4719 1104 4757 seem
1121 4705 1253 4773 ceepicc·
1407 4707 1436 4766 8)
1456 4706 1513 4758 sic!

283 4779 341 4826 tam
358 4785 424 4824 ecee.
471 4835 476 4845 Ι
1408 4774 1436 4842 9)
1453 4775 1511 4827 Hic
1528 4781 1593 4828 earet
1609 4775 1744 4829 eoeeada
1760 4775 1831 4828 lecte
1848 4773 2011 4842 difficdlimc
2029 4781 2054 4830 et
2070 4775 2127 4842 sere
2143 4773 2255 4828 caecae

388 4839 417 4906 3)
439 4835 510 4890 Vsde
527 4835 566 4889 Ν.
584 4835 627 4902 59,
644 4845 699 4892 eet.
717 4839 742 4894 2.
1305 4842 1399 4897 ἀιιεια.

386 4909 417 4974 4)
435 4905 480 4959 Dc
496 4903 601 4984 Gemite.
613 4905 675 4960 cide
689 4909 728 4962 N.
749 4908 806 4975 142,
824 4916 880 4964 eet.
900 4909 923 4962 2.
960 4909 1004 4964 De
1022 4909 1102 4965 Gallo
1120 4911 1192 4978 (Iac.
1211 4911 1253 4964 Le
1410 4911 1453 4980 10)
1471 4917 1564 4964 atram
1581 4911 1742 4977 snewetcto
1759 4929 1797 4965 ce
1814 4929 1909 4982 capere
1928 4915 1958 4965 ie
1977 4929 2061 4966 occec
2080 4911 2210 4968 ιιιιιιάιιι.

285 4975 355 5042 Gap)
374 4975 531 5028 Parieieeea
551 4989 644 5042 premo
661 4975 862 5043 Mcrpieneiem
883 4980 1024 5048 minicea,
1047 4979 1188 5046 HeraeieJ‘.
1207 4979 1252 5032 ΙΙ.
1412 4980 1453 5048 11)
1472 4980 1670 5047 baptisterium.

284 5043 344 5097 470.
379 5043 499 5110 Ructat,
518 5043 572 5098 IV.
591 5042 650 5095 405.
1408 5048 1453 5114 12)
1475 5049 1607 5104 Samriee
1631 5065 1737 5118 qaoque
1759 5051 1809 5102 aab
1833 5051 1913 5118 finem
1937 5051 2007 5103 oeni
2032 5067 2139 5105 manere
2160 5047 2253 5102 abdico·

387 5113 416 5180 b)
435 5114 535 5166 scilicet
552 5111 591 5166 cd
614 5115 719 5178 temper
742 5117 848 5168 tantem
865 5133 884 5169 c
900 5117 1069 5172 Bmatebas
1088 5115 1252 5171 (immri-
1305 5121 1350 5168 tae
1366 5115 1429 5181 seit.

286 5177 337 5234 bue
354 5183 480 5234 concessi.
1410 5185 1455 5252 13)
1474 5187 1516 5239 Io.
1536 5187 1740 5255 fflmpceeeoa,
1765 5187 1828 5240 eliae
1846 5187 2004 5255 memmae,
2027 5188 2059 5242 V.
2080 5187 2118 5242 D.
2136 5185 2175 5240 M.
2192 5181 2252 5237 ee

388 5248 417 5314 6)
435 5251 479 5303 De
495 5251 525 5303 lo
541 5249 633 5304 Mare.
1306 5255 1446 5308 σοιιιοιιιιι.
1474 5255 1606 5310 Decedet
1623 5254 1809 5311 caeeGatca'ec
1827 5259 2011 5311 controversia
2029 5257 2092 5312 cide
2107 5255 2144 5310 ed
2157 5273 2180 5309 a.
2191 5245 2253 5304 154³.
