4820 6016
142 365 205 428 att
1006 362 1087 424 1538
1110 357 1271 428 OG'POB.
2075 365 2142 432 268

141 550 289 616 illudere.
322 547 503 616 Salaenim
524 554 574 614 est
594 547 771 613 infidelitas
780 563 864 628 quae
884 547 955 612 eius
977 546 1114 614 fallaciis
1165 557 1230 624 ret,
1269 555 1327 614 aut
1353 547 1467 614 eadem
1495 547 1589 614 nohis
1617 549 1666 612 uti
1694 550 1896 632 permittant
1944 552 2035 636 llrgo
2062 557 2141 636 post

141 637 251 702 locum
279 635 421 716 praebet
477 633 691 700 Oharaoteres
719 642 753 698 et
779 633 918 698 barbara
946 633 1115 712 vocabula,¹
1165 634 1347 700 Dominum
1368 633 1522 700 audacter
1548 634 1595 700 sic
1622 635 1853 701 ratiocinabor:
1891 634 1929 702 Si
1951 639 2059 721 virol)
2082 639 2139 704 di-

143 741 225 806 quae
242 722 463 786 incantatores
481 719 739 794 demurmurant,
762 717 840 801 quid
857 718 1016 784 adversus
1033 717 1114 783 fide·
1165 729 1293 784 vertere
1320 720 1360 786 ab
1389 739 1491 808 uxore
1519 719 1697 796 nonlicet,
1726 727 1763 784 ut
1791 722 1831 786 ab
1860 721 1953 787 initio
1981 723 2139 808 alligatus

142 807 190 872 les
211 806 362 883 valcant,
390 804 466 869 inde
492 805 591 869 ctiam
619 804 773 888 colligere
801 803 885 868 licet.
931 804 1004 870 Nisi
1025 805 1113 868 enim
1165 815 1216 870 cst
1225 805 1320 870 uxori
1330 827 1369 870 ea
1379 805 1451 889 lege
1472 813 1511 870 ut
1531 804 1733 872 individuam
1751 806 1886 872 haberet
1903 825 1977 872 cum
1996 809 2069 890 ipsa
2084 811 2138 874 vi·

143 903 176 956 te
198 891 318 958 diaboli
341 891 478 954 vanitati
499 888 717 974 subigendum
740 889 827 953 ultro
850 891 1034 972 prostitues,
1062 890 1113 953 lu·
1166 900 1218 956 tae
1240 891 1438 970 societatem,
1461 911 1566 974 neque
1586 891 1697 972 plures
1715 892 1813 956 simnl
1830 913 1950 959 uxores
1967 916 2133 962 assumere

142 999 217 1043 mus
239 977 310 1042 erit.
355 977 602 1040 Incantamenta
629 977 748 1042 seimus
770 996 840 1040 esse
863 996 953 1040 mera
981 973 1114 1039 menda·
1165 976 1283 1054 licebit,
1306 977 1459 1058 quoniam
1479 975 1520 1040 ab
1537 975 1632 1040 initio
1649 997 1715 1041 non
1732 976 1837 1059 plura,
1860 979 1916 1044 sed
1934 1001 2039 1046 unum
2056 983 2133 1050 sub-

143 1065 202 1142 cia,
224 1083 307 1144 quac
330 1071 416 1127 certe
434 1062 569 1125 renuite
592 1059 664 1142 plus
686 1082 751 1125 non
772 1069 919 1142 possunt.
974 1060 1050 1124 Non
1074 1059 1114 1124 de
1166 1062 1285 1127 sidium
1317 1062 1366 1126 illi
1401 1061 1589 1126 adiunctum
1617 1060 1687 1126 snit.
1737 1061 1865 1127 Deinde
1897 1086 1963 1130 non
1996 1067 2134 1134 obscure

144 1147 287 1232 qualibet
304 1148 443 1212 veritate
460 1144 670 1228 disputemus,
693 1145 750 1211 sed
768 1167 823 1210 ees
844 1145 1018 1229 seligemus
1040 1166 1112 1227 pro·
1165 1148 1328 1212 Dominus
1345 1147 1497 1224 ostendit,
1516 1146 1647 1230 longius
1663 1149 1867 1230 prospexisse
1884 1171 1982 1232 quam
1999 1152 2035 1216 in
2053 1175 2133 1236 pau·

142 1235 330 1308 missiones,
360 1231 476 1314 quibus
496 1239 702 1314 poeoniorum
723 1232 956 1306 remissionem,
979 1251 1114 1314 regene-
1165 1251 1219 1298 cos
1241 1253 1353 1298 annos.
1392 1231 1448 1298 Sic
1469 1232 1557 1296 enim
1578 1231 1677 1296 habet
1696 1233 1820 1298 Moses:
1843 1234 1917 1299 Non
1939 1244 1989 1301 est
2011 1239 2133 1304 bonum

144 1320 320 1394 rationem,
355 1318 444 1382 vitas
479 1329 629 1382 aeternae
657 1317 909 1400 possessionem,
943 1315 1113 1382 Christum
1166 1318 1291 1382 homini
1311 1337 1383 1383 csse
1401 1317 1479 1396 soli,
1509 1317 1665 1383 faciamus
1694 1339 1771 1402 ergo
1797 1319 1844 1382 illi
1866 1320 1971 1385 simile
1993 1322 2132 1389 admini-

145 1404 284 1487 denique
310 1405 416 1486 ipsum
446 1402 539 1467 nobis
567 1403 697 1483 offert⁴)
721 1401 891 1467 Dominus.
936 1400 1026 1482 Quid
1043 1402 1114 1466 istis
1165 1403 1290 1481 culum,
1320 1415 1358 1468 ut
1387 1405 1454 1467 sint
1481 1403 1544 1467 duo
1571 1402 1606 1466 in
1634 1423 1731 1467 carue
1758 1425 1833 1469 una.
1883 1405 1958 1470 Non
1985 1419 2051 1474 tres
2074 1417 2133 1474 aut

144 1490 301 1555 momenti
322 1489 453 1563 suberit,
478 1489 505 1552 si
527 1489 597 1552 sine
619 1509 731 1566 sensu,
758 1489 828 1553 sine
855 1489 963 1552 animo
984 1497 1018 1552 et
1040 1507 1114 1569 pro-
1165 1497 1305 1570 quatuor
1325 1489 1422 1553 simul
1444 1487 1581 1570 copulat,
1604 1488 1661 1552 sed
1683 1487 1764 1553 duos
1786 1489 1954 1556 duntaxat
1986 1495 2035 1558 Ac
2052 1493 2132 1560 dum
2198 1541 2200 1546 -

144 1578 343 1642 nundentur
371 1583 404 1638 et
424 1572 621 1638 audiantur?
665 1573 738 1638 Non
767 1573 941 1656 plussens
966 1571 1115 1654 quamsi
1165 1574 1200 1638 id
1219 1575 1305 1651 facit,
1323 1595 1390 1640 non
1408 1595 1510 1638 unum
1528 1572 1692 1638 Adamum
1708 1576 1955 1658 contemplatur,
1981 1577 2038 1643 sed
2055 1599 2130 1662 pro-

144 1661 285 1728 cscabus
316 1667 373 1724 aut
404 1659 510 1741 pelvis
542 1657 584 1724 ad
618 1657 768 1724 ciendum
800 1679 915 1724 sonum
944 1659 1113 1723 feriantur.
1166 1660 1262 1742 spicit
1278 1659 1615 1726 universohominum
1636 1661 1757 1742 generi.
1793 1661 1917 1745 Legem
1935 1683 2013 1746 ergo
2026 1664 2131 1730 invio-

144 1746 272 1811 Verum
296 1758 346 1810 est
367 1745 455 1810 enim
473 1744 554 1808 illud
567 1745 752 1828 Augustini,
775 1745 865 1810 verbi
887 1744 1063 1810 efficaciam
1080 1744 1115 1806 in
1165 1745 1297 1809 labilem
1319 1746 1437 1822 sancit,
1467 1751 1504 1808 ut
1525 1743 1589 1808 duo
1611 1746 1677 1809 sint
1698 1745 1850 1828 coniuges
1879 1748 1914 1810 in
1935 1769 2002 1813 una
2023 1769 2130 1815 carne.

145 1831 359 1898 sacramentis
387 1851 543 1913 apparere
569 1836 602 1892 et
628 1839 773 1908 exsmre,
801 1851 866 1894 non
893 1831 967 1912 quia
996 1829 1116 1894 dicitur
1165 1829 1218 1895 Ab
1229 1831 1433 1896 institutione
1445 1830 1487 1895 ad
1509 1829 1689 1912 legitimum
1706 1851 1811 1910 usum,
1833 1833 1937 1914 qualis
1958 1833 2133 1900 verboDei

145 1917 202 1982 red
225 1917 303 1999 quia
324 1915 474 1982 creditur.
518 1913 664 1980 Gravem
682 1915 911 1980 contumeliam
931 1915 1115 1998 irrogamus
1165 1915 1259 1980 nobis
1280 1915 1450 1988 limitatur,
1473 1914 1733 1980 descendendum
1755 1937 1879 1982 censeo.
1913 1918 2051 2000 Propter
2067 1921 2132 1984 for-

145 2002 210 2067 Dai
232 2001 331 2068 verbo
352 2001 379 2066 si
400 2003 510 2065 minus
531 2001 580 2064 illi
597 2001 729 2066 virtutis
747 2001 929 2065 tribuamus
950 2021 1047 2082 quarn
1065 2001 1115 2064 in·
1166 2001 1373 2076 nicationem,
1395 2001 1505 2083 inquit
1526 2000 1664 2078 Paulus,
1691 2002 1914 2084 uuusquisque
1941 2005 1993 2067 vir
2013 2003 2133 2069 habeat

145 2089 235 2154 sanis
253 2087 464 2171 nugamentis
482 2107 519 2150 ao
536 2085 667 2150 deliriis.
698 2085 808 2167 Quare
825 2084 1019 2150 adhortandi
1038 2091 1116 2150 sunt
1166 2108 1303 2150 uxorem
1322 2094 1466 2152 suamet
1487 2105 1700 2168 unaquaeque
1718 2086 1835 2150 mulier
1851 2088 2007 2152 maritum
2026 2109 2130 2154 suum.

146 2174 240 2239 nobis
269 2171 416 2237 homines
445 2193 486 2236 ne
514 2193 549 2236 so
573 2173 728 2253 nequitiis
757 2170 875 2236 diaboli
898 2179 1012 2253 sponte
1033 2171 1115 2234 irre-
1166 2171 1326 2236 Videmus
1345 2181 1383 2236 ut
1402 2172 1576 2254 unicuique
1596 2171 1725 2234 mulieri
1743 2173 1896 2236 maritum
1920 2172 2069 2252 destinet,
2091 2195 2135 2239 ne

147 2257 277 2324 tiendos
299 2255 438 2322 tradant.
483 2255 572 2322 Sunt
594 2267 703 2322 autem
725 2257 910 2322 luculentae
930 2257 1114 2344 promissio-
1167 2257 1291 2341 fragilis
1319 2277 1418 2322 sexus
1446 2255 1589 2322 remedio
1623 2255 1797 2321 destitutus
1822 2258 1858 2321 in
1886 2258 2132 2324 fornicationem

147 2365 221 2422 nes,
249 2343 367 2426 quibus
391 2342 553 2407 Dominus
576 2342 719 2408 declarat
743 2363 778 2408 se
801 2343 951 2406 omnibus
972 2340 1115 2406 Satanae
1167 2342 1303 2407 labatur.
1355 2343 1479 2407 Tamen
1507 2340 1670 2408 Dominus
1696 2343 1730 2406 in
1758 2343 1969 2408 fornicatione
1998 2344 2133 2410 vitanda

145 2427 450 2504 machinationibus,
473 2440 509 2492 ut
531 2435 564 2491 et
585 2430 764 2510 nugacibus
785 2428 857 2492 istis
877 2427 1018 2510 ineptiis,
1048 2447 1115 2491 ser·
1168 2449 1234 2492 non
1261 2429 1370 2492 minus
1397 2437 1528 2492 carrtrrm
1563 2448 1634 2492 esse
1661 2427 1735 2492 vult
1762 2427 1893 2493 mulieri
1923 2450 2021 2512 quam
2052 2431 2131 2496 viro.

145 2538 204 2582 vos
226 2535 302 2580 suos
324 2513 529 2598 exemisset)
563 2511 601 2578 Si
623 2515 685 2578 rite
707 2514 823 2578 animis
842 2513 962 2577 nostris
978 2511 1117 2577 insideat
1167 2513 1356 2578 Videndum
1378 2521 1429 2578 est
1451 2535 1494 2578 an
1514 2513 1622 2576 minus
1644 2513 1779 2595 periculi
1796 2513 1845 2577 illi
1864 2535 1962 2596 quam
1978 2514 2055 2581 huie
2072 2517 2134 2579 im·

145 2599 292 2684 psalmus
320 2599 549 2682 nonagesimus
572 2619 693 2678 nonus,
722 2600 800 2663 satis
826 2599 922 2662 firma
943 2599 1117 2662 securitate
1168 2597 1316 2682 pendeat.
1362 2597 1401 2664 Si
1426 2598 1529 2663 multo
1556 2597 1631 2680 plus
1660 2598 1830 2662 imminere
1858 2607 2001 2680 constat,
2028 2601 2134 2683 qualis

146 2685 305 2751 adversus
323 2684 485 2767 quaelihet
501 2683 769 2749 terriculamenta
785 2703 845 2748 nos
858 2683 991 2748 muniet
1020 2681 1117 2762 Quod
1169 2686 1233 2748 erit
1253 2685 1319 2749 viri
1340 2685 1443 2767 pietas
1466 2684 1522 2767 qui
1549 2703 1626 2748 suae
1648 2685 1742 2748 uxori
1763 2685 1939 2768 praeripiet
1957 2685 2042 2768 quod
2063 2685 2133 2750 Do·

147 2771 176 2836 si
197 2771 371 2837 obiiciatur
392 2770 485 2834 nobis
504 2769 563 2834 Iob
585 2790 604 2832 a
626 2767 753 2834 Setana
774 2767 948 2834 crudeliter
970 2779 1116 2844 vexatus,
1168 2771 1278 2836 minus
1297 2769 1476 2834 remedium
1499 2766 1609 2832 dedit?
1654 2768 1823 2852 Sequitur:
1846 2771 1898 2834 vir
1919 2790 1986 2835 non
2007 2778 2057 2836 est
2077 2771 2134 2834 do-

145 2877 253 2938 neque
283 2875 344 2938 ege
366 2855 488 2919 infitior
511 2852 669 2920 Satanam
696 2875 766 2920 esse
788 2855 851 2918 Dei
881 2853 1046 2936 flagellum
1076 2852 1117 2917 ad
1169 2856 1279 2919 minus
1301 2855 1444 2938 eorporis
1467 2855 1534 2932 sui,
1563 2852 1620 2918 sed
1647 2853 1772 2920 mulier.
1823 2855 1974 2939 Ergocx
1997 2852 2133 2937 quodie

146 2951 278 3008 sauctus
290 2940 343 3005 vel
360 2938 565 3024 castigandos
582 2940 635 3004 vel
653 2939 863 3006 exercendos:
883 2939 940 3004 sed
957 2939 1118 3022 intelliget
1169 2961 1204 3006 se
1226 2938 1375 3024 adiungit
1396 2941 1447 3004 vir
1467 2939 1578 3016 uxori,
1606 2959 1702 3003 snum
1729 2939 1777 3004 illi
1807 2961 1923 3024 corpus
1949 2939 2132 3023 obstringit,

145 3028 239 3110 pium
273 3037 384 3108 pectus
413 3025 498 3090 nihil
533 3026 594 3090 sibi
629 3047 700 3090 esse
734 3045 809 3090 enm
835 3023 959 3090 Satara
984 3025 1116 3108 negotii,
1169 3047 1211 3090 ne
1233 3035 1344 3108 postea
1371 3025 1506 3108 vulgare
1529 3023 1600 3089 aliis
1622 3026 1731 3106 possit
1775 3024 1813 3091 Si
1842 3047 1935 3092 secus
1961 3025 2134 3090 committit

146 3112 226 3178 dum
257 3133 330 3178 rece
354 3121 464 3176 noscet
500 3111 603 3176 solam
635 3112 699 3176 Dei
738 3111 975 3193 providentiam
1011 3129 1116 3194 agere,
1168 3111 1344 3194 fidefragus
1376 3119 1434 3175 est.
1485 3111 1596 3174 Tertio
1623 3110 1848 3192 cogitationem
1878 3117 2023 3176 nostram
2059 3129 2135 3175 oon·

145 3198 276 3264 etiamsi
297 3133 440 3262 subiecta
460 3195 522 3262 sibi
548 3215 672 3280 organa
693 3194 853 3261 adhibeat.
1168 3205 1334 3261 vertamus
1362 3194 1402 3260 ad
1431 3194 1599 3279 generales
1625 3197 1826 3260 matrimonii
1848 3196 1936 3280 leges
1957 3216 2039 3278 quse
2061 3215 2134 3278 pas-

234 3281 412 3347 Multitudo
434 3302 571 3346 uxorum
599 3283 742 3364 speciose
770 3281 902 3364 quidem
930 3302 950 3346 a
977 3280 1117 3364 garrulis
1169 3283 1231 3346 sim
1254 3289 1386 3346 exstant
1412 3281 1448 3344 in
1478 3280 1654 3362 seripturis.
1705 3279 1855 3360 Quarum
1882 3280 1972 3346 nullu
2000 3281 2136 3365 polyga-

146 3369 303 3434 lrstribus
320 3367 521 3450 praetexitur
551 3365 605 3432 ubi
634 3369 705 3432 siue
732 3365 917 3433 adversario
939 3363 1115 3448 disputant.
1169 3367 1254 3432 miae
1276 3367 1505 3449 patrocinatur.
1539 3364 1629 3446 Quin
1651 3365 1758 3447 potius
1780 3364 1821 3429 ad
1843 3387 1943 3432 unam
1965 3387 2078 3430 omnes
2096 3385 2134 3430 eo

145 3453 189 3519 In
211 3475 321 3518 errore
350 3473 461 3517 eorum
489 3451 662 3517 rehrtando
687 3453 734 3518 sic
763 3449 858 3530 ordo,
887 3471 959 3516 meo
987 3449 1116 3529 iudicio,
1169 3453 1310 3517 tendunt
1330 3461 1369 3517 ιιι
1389 3451 1527 3536 singulis
1545 3451 1736 3516 mulieribus
1757 3451 1824 3514 sint
1845 3451 1896 3517 sui
1916 3453 1990 3516 viri.
2022 3451 2064 3515 In
2081 3449 2135 3514 his

146 3538 311 3604 tenendus
333 3546 392 3616 est,
416 3545 452 3602 ut
471 3538 612 3620 primum
640 3537 682 3603 ad
705 3538 847 3621 coniugii
868 3536 1116 3614 institutionem,
1169 3559 1246 3604 vero
1264 3538 1390 3622 legibus
1408 3537 1655 3620 diligentissime
1672 3545 1723 3601 est
1739 3537 1964 3615 insistendum,
1983 3536 2136 3620 quoniam

148 3623 238 3690 unde
260 3631 418 3706 perpetua
446 3623 515 3688 eius
543 3623 659 3706 regula
685 3625 752 3707 peti
774 3621 885 3701 debet,
914 3623 1039 3686 animos
1061 3621 1117 3686 ad-
1169 3624 1204 3686 in
1226 3623 1287 3688 hoe
1309 3623 1488 3688 demessae
1506 3622 1614 3706 palam
1632 3629 1690 3696 est,
1712 3629 1750 3686 ut
1767 3621 1807 3686 ad
1825 3642 1937 3686 earum
1954 3620 2136 3706 praescrip·

59 3724 60 3728 ’
148 3717 327 3775 vertamus.
372 3710 418 3773 Et
439 3709 467 3774 si
489 3709 676 3783 reclamant,
700 3731 738 3775 ac
760 3709 787 3774 si
808 3707 1027 3773 necessarium
1051 3727 1118 3772 non
1169 3717 1240 3772 tum
1257 3709 1466 3772 matrimonia
1487 3709 1686 3772 formentur:
1708 3707 1796 3771 uude
1817 3709 1986 3773 conficitur
2006 3708 2046 3772 ab
2068 3705 2134 3770 illis

150 3805 237 3860 esset
257 3798 383 3878 primae
404 3815 482 3858 suae
504 3794 697 3860 conditionis
719 3793 898 3859 conditioni
926 3803 1012 3858 stare
1041 3813 1118 3858 con·
1170 3793 1291 3858 discedi
1313 3795 1394 3858 citra
1415 3792 1594 3876 periculum
1621 3813 1687 3857 non
1709 3813 1810 3876 posse.
1854 3795 1973 3857 Postea
1995 3812 2072 3858 vero
2094 3789 2136 3855 ad

149 3881 293 3964 ingiam,
327 3879 505 3962 respondeo
539 3899 592 3943 me
618 3880 665 3946 sic
693 3881 872 3962 scripturae
900 3879 1117 3944 oeconomiam
1171 3877 1378 3944 dissolvenda
1387 3879 1415 3961 ⁷)
1442 3899 1555 3942 eorum
1583 3877 1707 3943 obiecta
1728 3885 1926 3960 opportunus
1952 3887 2024 3942 erat
2045 3885 2136 3941 tran·

150 3967 251 4048 sequi.
296 3963 352 4032 Sic
374 3963 507 4041 Paulus,
536 3964 614 4030 dum
633 3986 768 4031 coenam
789 3963 924 4029 Domini
946 3963 1033 4048 apud
1055 3965 1118 4029 Oo-
1171 3965 1262 4032 situs.
1307 3961 1536 4048 Obtenduntfl)
1566 3964 1738 4045 praecipua
1766 3963 1915 4046 exempla
1935 3961 2133 4046 patriarcha

149 4050 290 4116 rinthios
311 4049 461 4115 nonnihil
485 4049 634 4115 vitiatam
660 4071 838 4134 repurgare
867 4049 1048 4128 contendit,
1077 4047 1119 4114 ad
1169 4071 1243 4114 rum
1265 4051 1321 4132 qui
1342 4048 1479 4132 singulis
1497 4048 1650 4112 uxoribus
1678 4069 1746 4112 non
1772 4069 1806 4112 se
1833 4048 2017 4132 alligarunt.
2059 4047 2135 4112 Non

148 4138 292 4220 primam
320 4137 390 4200 eius
414 4135 654 4200 institutionem
679 4145 842 4218 provocat.
890 4136 941 4200 Eo
963 4155 1041 4199 vero
1059 4156 1118 4200 an·
1170 4135 1276 4200 dicam
1297 4156 1351 4199 eos
1373 4133 1564 4216 deliquisse,
1591 4134 1745 4216 quoniam
1773 4135 1936 4216 scriptura
1962 4135 2008 4197 sic
2034 4133 2134 4198 refert

150 4242 215 4288 non
239 4241 299 4304 pro
325 4221 469 4287 confesso
491 4222 641 4298 assumit,
669 4220 705 4286 id
731 4229 837 4286 totum
866 4241 937 4286 esse
965 4220 1118 4286 vitiosum
1169 4229 1208 4285 ut
1229 4241 1431 4303 nequaquam
1454 4219 1587 4283 damnet
1613 4239 1726 4283 eorum
1748 4219 1877 4284 laetum.
1922 4217 1990 4284 Sed
2012 4238 2135 4302 expen-

149 4307 235 4390 quod
264 4331 283 4371 a
310 4327 389 4372 vera
416 4307 540 4390 origine
568 4306 766 4390 degeneret?
816 4305 873 4372 Sic
906 4318 939 4371 et
966 4305 1117 4371 Christus
1170 4307 1284 4370 damus
1306 4305 1443 4388 paulum
1464 4325 1547 4388 quac
1575 4303 1640 4367 illis
1662 4303 1745 4368 ratio
1767 4305 1956 4369 constiterit.
2001 4305 2134 4369 Primus

149 4393 323 4464 Dominus.
351 4401 540 4458 ostensurus
561 4393 806 4474 permissionem
826 4393 928 4456 Mosis
948 4389 988 4455 de
1010 4391 1117 4457 libello
1170 4413 1211 4456 ex
1233 4391 1378 4474 patribus
1401 4389 1567 4455 Abraham
1584 4389 1801 4473 polygamiam
1819 4389 1880 4453 sibi
1897 4389 2053 4472 permisit
2092 4388 2136 4452 In

149 4477 278 4562 repudii
296 4478 451 4543 uxombus
469 4476 574 4542 dando
592 4477 674 4543 nihil
691 4479 838 4542 virorum
855 4476 983 4542 libidini
1000 4477 1118 4540 suffra·
1169 4497 1266 4560 quem
1287 4475 1408 4542 finem?
1442 4475 1567 4557 Nempe
1589 4482 1626 4539 ιιι
1647 4495 1775 4557 compos
1795 4477 1887 4539 fieret
1904 4474 2134 4558 promissionis,

148 4565 231 4648 gari,
254 4564 309 4646 qui
330 4583 368 4628 eo
390 4571 561 4646 praetextu
590 4563 707 4648 probas
735 4563 854 4646 alioqui
883 4583 1001 4627 uxores
1030 4562 1117 4632 eble-
1170 4564 1204 4627 in
1233 4583 1297 4645 qna
1323 4562 1437 4628 salutis
1465 4567 1616 4625 aeternae
1644 4559 1762 4626 fiducia
1789 4561 2010 4641 recumbebat3
2038 4567 2134 4641 atque

150 4657 285 4734 garant,
315 4669 382 4714 non
412 4649 475 4713 alio
503 4670 540 4714 ar
564 4657 697 4714 umento
724 4650 828 4714 utitur
849 4670 947 4731 quarn
969 4647 1055 4730 quod
1077 4647 1117 4714 ab
1170 4648 1203 4713 id
1234 4649 1411 4732 instigante
1443 4665 1558 4723 uxore,
1592 4646 1644 4711 cni
1677 4644 1836 4712 obnoxius
1868 4646 2030 4730 coniugali
2061 4645 2133 4726 lege

148 4736 245 4800 initio
266 4755 333 4798 non
354 4735 400 4799 ita
420 4735 490 4798 luit
534 4670 605 4800 gur
623 4735 659 4799 in
680 4733 814 4817 repudio
839 4733 1040 4799 aestimando
1061 4753 1118 4815 po-
1170 4742 1249 4799 erat.
1283 4735 1382 4798 Ratio
1401 4753 1478 4816 ergo
1495 4730 1644 4798 consistit
1662 4731 1809 4814 specialis
1821 4731 2017 4809 Abrahamo,
2035 4747 2133 4813 quam

149 4821 217 4885 tius
244 4818 326 4903 legis
352 4819 480 4902 pondus
508 4819 626 4885 habeat
651 4821 759 4904 prima
787 4820 930 4904 coniugii
958 4819 1118 4884 ordinatio
1170 4830 1259 4884 aetas
1287 4819 1368 4884 haec
1396 4817 1518 4883 iactare
1547 4817 1668 4899 nequit.
1717 4817 1814 4882 Viam
1843 4818 1930 4882 enim
1959 4813 2134 4899 quaerebat

149 4925 250 4989 quam
271 4925 410 4969 uxorum
432 4905 589 4970 numero?
634 4905 777 4970 Proinde
799 4913 856 4969 aut
878 4905 1027 4970 frivolam
1050 4905 1118 4970 De-
1170 4904 1348 4970 suscitandi
1381 4903 1515 4969 seminis
1548 4901 1633 4967 unde
1665 4901 1753 4966 salus
1792 4903 1913 4968 mundo
1952 4900 2132 4984 affulgeret.

149 4991 234 5057 mini
257 4991 417 5056 rationem
440 4999 587 5068 censent,
618 4991 703 5074 quod
725 4991 930 5074 sacrilegium
955 5011 1049 5054 nemo
1071 4989 1118 5055 fe·
1171 5048 1174 5054 .
1204 5046 1232 5052 ..
1247 5044 1364 5052 ,Μ

149 5131 355 5140 --φ-η-ηά..

1271 5123 1301 5186 6)
1319 5124 1425 5192 Assar.
1441 5125 1465 5177 si
1482 5139 1555 5178 raro.
1591 5121 1629 5176 Η.
1647 5139 1675 5178 se
1693 5141 1766 5179 vero.

253 5195 284 5260 4)
301 5195 500 5278 ahcrtflpogr.
1272 5193 1301 5258 'll
1320 5193 1602 5314 direlrendaffpogr.
1620 5191 1701 5246 0211.
1734 5263 1737 5274 Ι

254 5263 284 5329 ὃ)
303 5280 439 5318 exsrmsse
457 5261 487 5318 S.
505 5263 544 5316 H.
1271 5263 1302 5326 8)
1321 5262 1472 5315 Ostendant
1522 5303 1528 5315 .

256 5349 364 5404 Gelosirr'
377 5365 468 5418 opere.
511 5350 568 5406 Vol.
586 5348 620 5403 X.
649 5348 682 5404 P.
699 5349 742 5402 11.
1898 5340 1929 5394 lt
