4804 6012
131 353 187 415 ιιι
1012 341 1244 411 consuas
2072 325 2138 410 ιιι

130 539 242 608 devoir
260 537 286 603 il
306 537 365 624 luy
386 557 460 604 sera
480 535 557 601 bien
584 533 706 618 permis
734 531 774 598 de
802 535 872 598 s’en
900 531 975 598 fuir.
1019 528 1110 598 θἰιι
1160 529 1293 598 videtur
1315 531 1399 596 alter
1420 529 1515 596 alteri
1534 529 1705 615 obstringi
1740 529 1906 614 Utrosque
1926 537 2038 596 autem
2059 530 2142 596 hor-

131 635 229 716 quant
250 647 299 692 un
319 624 453 690 homme
472 641 514 686 ou
537 621 658 686 lemme
675 639 757 685 aura
772 618 851 684 faiot
868 617 1050 684 confession
1069 615 1110 682 do
1160 623 1252 681 tatur
1278 615 1420 694 Paulus,
1454 625 1493 681 ιιι
1524 615 1668 681 debitam
1696 615 1960 682 benevolentiam
1986 615 2138 698 reddant,

130 737 165 783 sa
183 715 241 798 foy
262 719 296 778 et
316 709 402 794 quila
421 713 541 774 auront
567 711 713 771 monstro
734 705 762 769 si
783 703 921 788 basoing
949 711 1000 769 est
1028 701 1109 785 qu’il
1159 703 1298 768 maritus
1318 701 1424 782 uxori,
1447 709 1481 768 et
1501 723 1587 767 uxor
1603 702 1722 768 marito
1744 701 1788 789 (l.
1808 701 1884 770 (lor.
1903 705 1933 782 7,
1953 699 1996 788 3).
2040 699 2140 784 Quod

130 823 169 867 ne
189 797 286 864 doive
307 804 342 862 et
363 817 406 861 ne
427 813 533 878 peuve
555 790 738 857 nullemont
755 789 921 855 consentit
942 810 1009 854 aux
1030 787 1108 854 abo-
1160 786 1202 853 ad
1230 787 1373 872 coniugii
1401 787 1570 854 vinculum
1597 795 1737 871 spectat,
1770 786 1944 855 insolubile
1971 809 2042 854 esse
2070 795 2140 854 sta·

130 885 306 953 minatione
327 882 367 947 do
388 881 439 948 Pa
462 877 552 945 auita
579 877 631 942 s’il
652 897 688 943 se
709 876 782 943 leve
804 875 1008 958 porsecution
1030 894 1108 939 oon-
1158 873 1293 954 tuimns,
1320 873 1471 957 quamvis
1491 893 1512 938 a
1530 873 1627 938 thoro
1648 881 1819 958 separetur
1840 895 1934 940 uxor.
1978 872 2141 959 Sequitur

130 969 280 1038 meaulx
297 990 381 1054 pour
401 902 472 1032 cela
489 973 523 1030 et
540 963 626 1047 quiln
644 983 678 1029 se
696 961 808 1028 voicnt
823 981 866 1061 en
884 959 1009 1044 danger
1026 960 1107 1024 emi·
1159 961 1321 1042 quaestio:
1354 962 1410 1025 An
1436 957 1683 1043 elephantiasis,
1714 980 1797 1044 quae
1824 959 1923 1060 vulgo
1951 959 2070 1026 dicitur
2089 959 2139 1025 le-

130 1068 207 1125 nent
227 1063 333 1141 quant
354 1053 442 1118 Dieu
473 1051 545 1117 leur
572 1048 719 1114 donnera
745 1047 775 1112 le
801 1067 910 1111 ιιιοιιιι
937 1045 1108 1128 d’esobap-
1159 1065 1233 1128 pra,
1261 1045 1290 1111 si
1317 1065 1355 1110 ea
1382 1065 1558 1128 percussus
1585 1043 1685 1110 fuerit
1711 1045 1784 1123 vir,
1816 1045 1989 1111 mulierem
2015 1065 2036 1110 a
2064 1045 2138 1130 lege

131 1166 186 1228 per
204 1144 250 1224 ilc
272 1141 303 1207 le
331 1143 478 1226 peuvent
497 1137 675 1201 iustement
701 1133 792 1199 faire.
836 1131 904 1198 (lar
931 1131 1002 1198 ocia
1024 1130 1108 1196 n’est
1159 1129 1352 1198 concubitus
1378 1139 1517 1214 separet
1567 1129 1696 1196 Dicunt
1722 1151 1826 1214 genus
1858 1129 1939 1196 illud
1965 1129 2138 1196 hominum

130 1233 223 1316 point
240 1227 323 1294 faire
344 1247 390 1292 un
410 1223 542 1290 divorse
563 1219 744 1288 voluntaire
771 1217 855 1283 mais
888 1217 953 1283 fuir
973 1215 1007 1282 la
1033 1236 1107 1301 por·
1160 1217 1189 1282 si
1206 1217 1376 1302 prurigine
1393 1215 1529 1295 laborat,
1547 1235 1619 1282 esse
1636 1217 1781 1282 maxime
1797 1215 2018 1283 libidinosum
2049 1215 2139 1282 Oau·

131 1317 275 1384 seeution
294 1318 398 1396 quant
418 1329 462 1376 on
483 1330 505 1394 y
527 1315 578 1374 est
593 1308 681 1371 force
701 1311 736 1370 et
757 1305 947 1370 contrainct
1160 1301 1288 1368 subitur
1309 1323 1388 1386 ergo
1410 1301 1472 1368 sibi
1493 1321 1575 1386 opus
1597 1321 1668 1367 esse
1688 1323 1799 1368 uxore.
1850 1299 1918 1368 Sed
1940 1303 2063 1387 siquis
2085 1323 2138 1367 es·

212 1400 265 1467 Or
282 1399 309 1464 il
330 1402 401 1463 s’en
421 1394 505 1460 fault
529 1394 698 1474 beaucoup
725 1409 790 1474 que
816 1389 849 1454 la
871 1390 979 1455 bonne
1000 1385 1108 1452 Dama
1160 1397 1211 1452 set
1232 1387 1447 1454 humanitatis
1468 1407 1584 1453 sensns
1604 1385 1640 1452 in
1661 1387 1794 1453 bomine
1813 1387 2046 1472 elephantiaco,
2069 1387 2138 1470 pri·

131 1491 182 1574 qui
203 1507 290 1553 nous
311 1481 471 1550 demanda
492 1477 613 1545 eonseil
633 1478 699 1543 soit
719 1496 828 1542 venue
853 1475 988 1558 iusques
1013 1473 1047 1537 la
1067 1472 1108 1538 de
1159 1493 1251 1539 mum
1284 1473 1383 1538 uxori
1411 1495 1489 1540 suae
1517 1483 1550 1538 et
1576 1473 1690 1540 liberis
1720 1484 1883 1556 parceret:
1912 1473 2030 1540 deinde
2057 1492 2136 1541 eon·

130 1575 207 1642 aire
242 1593 301 1639 son
334 1569 455 1635 devoir.
506 1565 573 1632 Car
604 1563 696 1628 selon
722 1560 838 1646 qu’elle
867 1560 935 1627 dict
966 1580 1027 1643 par
1055 1579 1108 1625 ses
1160 1560 1285 1624 suleret
1305 1560 1418 1644 generi
1440 1560 1603 1638 humano,
1631 1581 1674 1624 ne
1700 1559 1829 1644 longius
1856 1559 2005 1646 contagio
2026 1579 2138 1642 serpe-

130 1662 228 1728 lotros
259 1657 322 1722 elle
355 1677 391 1722 se
419 1653 500 1718 taist
525 1649 708 1716 seulement
729 1659 762 1712 et
790 1644 972 1712 dissimule:
1000 1652 1109 1710 estant
1159 1654 1219 1710 ret.
1264 1643 1308 1710 In
1329 1667 1367 1710 eo
1388 1645 1455 1710 iam
1477 1644 1743 1728 deprehenditur,
1770 1645 1964 1711 nonfacere
1983 1667 2044 1713 nec
2065 1667 2138 1714 ma·

131 1767 260 1831 pressae
282 1741 323 1807 de
344 1759 380 1808 se
406 1739 534 1823 polluer
560 1756 626 1800 aux
653 1732 819 1799 idolatriae
847 1733 909 1798 elle
936 1730 1050 1796 flecbit
1075 1737 1123 1795 et.
1160 1730 1227 1810 riti,
1249 1751 1309 1796 neo
1330 1731 1435 1880 patris
1456 1731 1614 1797 officium:
1649 1738 1748 1814 atque
1776 1731 1877 1797 etiam
1899 1729 2137 1816 quodammodo

131 1827 376 1918 ycondescent
420 1825 577 1907 Parquoy
599 1821 623 1886 il
649 1825 708 1903 n'y
735 1820 844 1886 auroit
871 1816 962 1883 nulle
990 1835 1108 1882 excuse
1159 1815 1239 1882 boni
1266 1817 1333 1901 pub
1347 1817 1389 1881 ici
1422 1837 1493 1881 esse
1525 1815 1687 1882 inimicus.
1738 1815 1915 1883 Praeterea
1942 1817 2007 1883 nisi
2039 1817 2137 1885 bruto

132 1918 169 1984 de
189 1917 308 1984 laisser
329 1934 388 1980 son
408 1930 505 1993 mary
527 1929 605 1973 sans
626 1905 719 1971 avoir
735 1905 814 1971 faict
828 1903 904 1988 plus
924 1901 1032 1986 ample
1051 1900 1108 1966 de·
1159 1911 1293 1986 stupore
1314 1902 1484 1985 perculsus
1506 1909 1566 1981 cst,
1586 1903 1682 1967 sicuti
1704 1901 1779 1968 aliis
1796 1903 1949 1968 omnibus
1970 1911 2022 1968 est
2042 1905 2136 1969 foeti-

131 2003 289 2072 claration
317 1997 357 2064 de
383 1997 502 2082 saloy
531 2001 565 2059 et
593 1993 686 2058 avoir
713 2011 754 2056 eu
779 1989 853 2074 plus
938 1987 1004 2053 nde
1030 2007 1108 2054 con·
1159 1987 1230 2068 dus,
1252 1989 1300 2053 ita
1323 1995 1439 2072 sponte
1461 1989 1593 2070 propria
1613 1987 1774 2053 modestia
1791 2010 1826 2053 se
1847 1989 1956 2073 ipsum
1974 1990 2136 2072 sepeliret

131 2091 269 2156 trainete
297 2094 331 2150 et
350 2105 374 2169 y
396 2083 489 2147 avoir
515 2079 641 2145 resiste.
676 2078 829 2162 Parquoy
851 2099 870 2142 e
895 2097 914 2140 e
936 2097 956 2140 a
977 2093 997 2138 a
1017 2073 1108 2158 prier
1159 2071 1259 2139 Oerte
1280 2095 1322 2139 ne
1343 2073 1446 2139 simus
1466 2071 1623 2152 crudeles,
1645 2095 1712 2138 non
1733 2073 1893 2139 audemus
1915 2073 1977 2139 hac
1995 2076 2138 2141 necessi·

131 2176 216 2242 Dieu
240 2173 321 2239 affin
343 2168 421 2252 qu’il
448 2167 481 2231 la
507 2165 627 2231 iortifie
654 2177 688 2228 et
713 2165 788 2248 puis
809 2183 829 2226 a
853 2159 1005 2228 batailler
1031 2157 1107 2242 plus
1159 2167 1227 2224 tate
1248 2159 1420 2224 mulierem
1441 2159 1660 2242 obstringere,
1688 2167 1728 2224 ut
1753 2159 1965 2226 contubernio
1987 2169 2019 2224 et
2041 2161 2137 2226 thoro

131 2265 369 2328 constamment
390 2252 506 2337 qu’elle
523 2253 577 2318 n'a
598 2251 676 2316 iaict
697 2269 739 2314 en
760 2249 793 2314 la
808 2257 906 2314 vertu
923 2243 968 2311 du
988 2243 1023 2311 S.
1043 2245 1107 2309 Es-
1158 2245 1316 2330 iungatur
1336 2245 1418 2322 viro,
1441 2245 1496 2329 qui
1518 2265 1632 2310 omnes
1654 2255 1793 2310 naturae
1810 2246 1898 2329 leges
1916 2245 2135 2312 obliviscitur:

131 2347 194 2431 prit
215 2352 291 2410 tant
312 2363 333 2408 a
353 2345 518 2406 monstrer
538 2359 558 2402 a
579 2357 639 2402 son
664 2357 760 2420 mary
787 2355 867 2402 avec
893 2341 986 2398 toute
1013 2329 1107 2396 donl-
1159 2329 1217 2396 sed
1239 2329 1480 2397 concedendum
1502 2351 1687 2406 censemus,
1716 2339 1755 2396 ut
1780 2331 1965 2415 cognitione
1990 2329 2137 2397 iudicum

128 2453 202 2498 esur
224 2439 260 2496 et
280 2427 433 2494 humilite
455 2425 561 2507 quelle
583 2423 639 2508 ioy
660 2421 723 2486 elle
750 2422 842 2497 tient,
865 2423 940 2503 qu’a
960 2417 1020 2502 luy
1050 2414 1106 2481 de·
1158 2417 1354 2500 interposita
1375 2415 1571 2482 viduitatem
1593 2415 1687 2481 colat.
1737 2415 1869 2481 Interea
1896 2437 1976 2482 vero
1998 2415 2136 2500 quibus·

129 2520 232 2586 eiarer
259 2512 377 2599 qu’slle
397 2533 440 2576 ne
467 2509 536 2574 doit
560 2529 645 2592 pour
673 2508 732 2592 luy
762 2504 937 2592 complaire
964 2503 1107 2568 offencer
1159 2523 1286 2585 cunque
1306 2502 1427 2584 poterit
1447 2501 1578 2580 officiis,
1606 2522 1674 2566 non
1696 2501 1825 2568 desinat
1844 2501 2001 2567 maritum
2023 2523 2136 2586 prose-

128 2605 221 2670 Dieu.
277 2602 367 2664 Nous
394 2595 606 2664 considerons
633 2615 724 2660 assez
751 2592 784 2658 la
814 2589 947 2656 nudasse
969 2601 1003 2654 et
1032 2609 1106 2654 cru-
1159 2587 1225 2672 qui,
1247 2587 1344 2654 modo
1366 2609 1408 2654 ne
1429 2587 1515 2671 quod
1537 2587 1605 2652 fere
1626 2583 1851 2671 prodigiosum
1873 2597 1923 2653 est
1945 2588 1986 2653 ab
2008 2609 2047 2653 ea
2064 2585 2143 2654 exi·'

129 2690 213 2754 anlte
236 2685 282 2752 dn
303 2705 398 2769 mary
425 2681 507 2747 dont
527 2681 590 2746 elle
614 2701 700 2745 nous
727 2676 879 2745 advertit.
923 2675 1009 2741 Mais
1036 2681 1108 2738 tout
1159 2683 1225 2758 gat.
1275 2673 1393 2739 Valete
1421 2673 1538 2756 optimi
1566 2681 1600 2738 et
1620 2673 1826 2756 integerrimi
1847 2673 1973 2738 iratres.
2016 2673 2136 2740 Domi·

127 2775 196 2843 cela
221 2770 430 2854 n'empesohe
452 2767 568 2851 qu'elle
599 2787 642 2831 ne
674 2764 769 2831 deire
795 2761 937 2847 prendre
965 2778 1107 2842 eourage
1159 2782 1222 2826 nus
1239 2759 1334 2826 vobis
1356 2780 1485 2843 semper
1507 2757 1602 2836 adsit,
1624 2779 1685 2824 vos
1706 2765 1850 2835 tueatur,
1878 2768 1912 2824 et
1933 2759 2053 2843 spiritu
2075 2781 2136 2826 suo

128 2855 395 2928 recommendant
415 2854 526 2920 l'issue
547 2873 567 2917 a
588 2851 686 2918 Dieu.
731 2849 839 2916 Oaril
861 2857 913 2914 est
934 2847 1008 2912 bien
1035 2865 1106 2911 cer·
1158 2855 1260 2930 regat.
1305 2845 1472 2923 Genavae,
1494 2850 1525 2908 4.
1548 2845 1632 2911 Non.
1655 2843 1810 2910 Decemb.
1838 2849 1927 2909 1561.

128 2949 194 3012 tain
223 2953 327 3029 quant
352 2961 437 3026 pour
464 2949 550 3005 estre
576 2957 773 3021 preoccupes
805 2934 845 3000 de
870 2934 995 3000 crainte
1023 2950 1106 2996 nous

127 3033 255 3098 n’osons
277 3049 337 3113 pas
367 3047 500 3111 essayer
526 3046 563 3091 ce
590 3024 648 3106 qui
675 3031 726 3088 est
752 3021 792 3087 de
820 3028 931 3086 nostre
957 3017 1105 3082 voeation

128 3119 195 3184 cela
221 3113 362 3200 procede
393 3110 604 3210 d'infidellite.
654 3108 750 3208 Ainsi
782 3128 818 3172 oe
849 3111 936 3206 n'uest
968 3122 1027 3187 pas
1060 3123 1106 3168 un
1235 3135 1284 3190 AD
1301 3134 1505 3191 OONJUGIUM
1521 3133 1635 3190 ms
1654 3133 1773 3189 RECTE
1789 3132 2055 3200 mmm„

127 3202 316 3270 fundament
338 3219 396 3264 sur
416 3197 523 3280 lequel
544 3197 569 3260 11
589 3215 673 3260 nous
694 3193 784 3260 faulle
805 3193 917 3258 bastrr.

211 3287 250 3354 Si
272 3307 371 3370 apres
398 3284 491 3349 avoir
517 3289 677 3366 esprouve
704 3279 752 3345 les
780 3279 894 3344 choses
922 3298 978 3343 sus
1002 3275 1106 3342 dietas
1242 3274 1317 3340 Etsi
1337 3275 1374 3338 in
1395 3279 1489 3338 tanto
1515 3271 1774 3338 consultantium
1800 3291 1938 3338 numero
1959 3294 2025 3339 non
2047 3295 2136 3340 sem-

127 3375 188 3441 elle
210 3395 245 3440 se
267 3373 357 3438 ιιοιι
377 3391 419 3434 on
441 3368 523 3453 peril
545 3367 700 3444 eminent,
721 3385 846 3430 mesme
867 3385 931 3446 que
951 3362 983 3428 le
1009 3383 1106 3444 mary
1157 3381 1216 3444 per
1237 3359 1385 3426 omnium
1411 3359 1496 3424 votis
1523 3357 1657 3441 obsequi
1683 3369 1794 3423 vacat:
1828 3378 1894 3422 non
1921 3380 1995 3423 sum
2022 3369 2134 3426 tamon

127 3461 159 3525 la
227 3465 398 3525 rsecutea
425 3455 458 3520 la
478 3463 581 3532 mort,
609 3452 696 3517 alors
724 3451 787 3516 elle
812 3470 935 3533 pourra
956 3469 1032 3514 user
1064 3447 1106 3512 de
1157 3466 1261 3529 usque
1288 3443 1369 3510 adeo
1396 3463 1561 3521 morosus,
1594 3453 1633 3508 ut
1659 3443 1722 3526 piis
1746 3462 1860 3508 eorum
1884 3442 2001 3509 studiis
2029 3445 2133 3510 offen-

127 3546 159 3612 la
184 3481 307 3611 liberte
341 3563 403 3626 que
434 3547 547 3606 nostre
579 3535 743 3622 Seigneur
775 3533 884 3602 donne
911 3556 931 3600 a
957 3543 1032 3599 tous
1058 3533 1106 3598 les
1157 3531 1226 3596 dar.
1270 3531 1323 3596 De
1345 3530 1410 3595 tuis
1431 3538 1541 3594 autem
1569 3529 1674 3594 literis
1702 3528 1874 3594 verissima
1902 3529 1967 3594 fuit
1994 3551 2133 3596 excusa·

126 3634 214 3698 siens
234 3631 363 3697 devitor
379 3627 413 3692 la
433 3646 511 3710 rage
533 3626 591 3690 des
611 3623 715 3708 loups.
730 3621 754 3707 ¹)
1158 3619 1214 3682 tio.
1250 3615 1364 3696 Quum
1384 3616 1474 3681 enim
1494 3613 1706 3678 tumultuarie
1728 3623 1762 3678 et
1783 3613 1905 3679 cursim
1930 3625 2060 3680 tantum
2083 3618 2136 3682 in·

213 3716 371 3798 Quanta
398 3734 434 3778 ce
453 3712 511 3794 qui
537 3729 696 3778 concerno
723 3708 758 3772 la
785 3714 915 3772 seurete
940 3703 984 3770 du
1012 3724 1106 3786 corps
1158 3711 1285 3786 spectas
1306 3701 1428 3766 iterum
1449 3699 1547 3783 paulo
1569 3699 1728 3764 attentius
1756 3699 1864 3782 legere
1892 3701 1927 3764 in
1954 3701 2062 3768 animo
2084 3723 2137 3768 es-

127 3803 157 3868 le
184 3801 420 3888 gentilhomme
446 3805 580 3882 present
614 3803 750 3878 porteur
778 3799 946 3876 raportera
979 3809 1106 3872 oeque
1158 3797 1223 3855 sot:
1246 3785 1333 3872 quod
1355 3787 1522 3852 rarissime
1544 3785 1597 3850 vol
1619 3805 1789 3867 nunquam
1809 3785 1891 3849 mibi
1918 3785 2050 3865 accidit,
2080 3809 2138 3855 aas

127 3909 213 3954 nous
240 3889 300 3972 luy
329 3905 371 3950 en
404 3905 507 3949 avons
533 3883 600 3948 diet
631 3880 672 3946 de
700 3879 826 3945 bouche
854 3897 934 3943 avec
964 3875 1106 3940 l’exeuse
1158 3871 1294 3957 perdidi
1328 3871 1541 3956 Respondere
1562 3892 1640 3936 vero
1658 3871 1869 3935 temerarium
1886 3872 2010 3952 putavi,
2033 3870 2137 3941 donec

127 3993 297 4058 pourquoy
322 3990 406 4036 nous
436 3969 572 4036 n'avons
605 3967 698 4050 point
724 3973 820 4049 passe
847 3963 961 4029 oultre.
1010 3960 1107 4027 Faiet
1158 3960 1277 4026 melius
1298 3967 1501 4040 compertum
1523 3955 1604 4020 mihi
1621 3957 1714 4032 foret,
1737 3977 1804 4020 non
1821 3953 1917 4020 modo
1934 3956 2014 4039 quid
2057 3980 2136 4024 uae-

127 4059 232 4124 1022.
255 4055 425 4124 deiuillet
448 4059 540 4121 1552.
1158 4067 1262 4124 reres,
1292 4043 1350 4109 sed
1376 4063 1457 4127 quos
1486 4041 1544 4107 tibi
1573 4041 1720 4126 expediri
1749 4039 1850 4106 velles
1878 4039 1988 4108 nodos.
2033 3979 2135 4110 lilan-

1158 4132 1286 4198 destina
1296 4129 1458 4212 coniugia,
1480 4149 1564 4211 quae
1585 4129 1787 4193 occasionem
1809 4127 1976 4208 praebent,
1998 4128 2064 4194 imo
2085 4131 2135 4196 ia·

1158 4238 1259 4317 puam
1282 4216 1435 4299 aperiunt
1456 4213 1576 4312 multis·
1591 4213 1741 4311 flagitiis,
1768 4213 1887 4310 merito
1917 4213 1992 4277 boni
2020 4235 2135 4282 omnes

127 4351 160 4406 ιι
177 4347 303 4405 annua
319 4346 372 4402 ux
394 4343 609 4400 corruamus
632 4341 672 4397 m
694 4337 997 4396 auenniensem
1019 4336 1106 4392 rucr-
1157 4301 1354 4403 mprobsnt.
1399 4303 1509 4400 amus
1530 4309 1657 4397 uenam
1678 4307 1740 4362 ¹⁸oe
1767 4299 1916 4381 qusquis
1943 4308 2008 4372 sss,
2035 4299 2135 4398 aliam

541 4428 691 4488 „mm
1158 4389 1220 4454 srbi
1242 4407 1379 4452 uxorem
1400 4395 1508 4468 potrus
1535 4393 1742 4466 sumpsisset,
1770 4405 1868 4466 quam
1893 4385 2133 4453 consobrinam.

1157 4474 1233 4540 Etsi
1253 4473 1341 4537 enim
1363 4478 1432 4536 tam
1452 4471 1525 4552 lege
1547 4468 1660 4548 Mosis‚
1678 4490 1777 4552 quam
1799 4471 1964 4534 communi
1984 4473 2135 4555 gentium

216 4573 404 4654 Antequam
432 4577 559 4634 vestrae
587 4565 681 4632 nobis
709 4561 940 4639 redderentur,
969 4560 1105 4624 ultimae
1157 4561 1230 4625 iure
1250 4557 1285 4624 id
1306 4577 1435 4640 semper
1455 4554 1563 4620 licuit:
1586 4551 1730 4620 tenenda
1751 4562 1802 4620 est
1823 4555 1920 4620 Pauli
1942 4555 2133 4638 admonitio,

129 4667 272 4736 nostrae,
295 4665 334 4720 nt
355 4673 534 4739 speramus,
555 4651 667 4718 advos
683 4649 902 4733 pervenerint.
934 4645 1032 4711 Nunc
1051 4666 1105 4710 res
1158 4666 1201 4710 ne
1221 4644 1296 4728 plus
1324 4642 1387 4709 sibi
1409 4640 1604 4726 permittant
1630 4637 1757 4716 fideles,
1784 4661 1882 4723 quam
1910 4640 2064 4724 expediat
2085 4643 2132 4724 (1.

130 4746 170 4812 de
193 4764 258 4828 qua
277 4740 433 4826 quaeritis
460 4737 555 4806 valde
583 4736 740 4822 perplexa
767 4742 824 4798 est.
874 4731 988 4815 Neque
1015 4731 1105 4796 enim
1158 4729 1283 4803 (lond,
1306 4729 1368 4811 12).
1418 4727 1517 4794 Oerte
1548 4725 1584 4790 in
1611 4726 1770 4810 coniugiis
1802 4725 1924 4810 gradus
1958 4727 2013 4792 ille
2045 4727 2134 4812 apud

129 4834 220 4897 insta
240 4827 372 4895 divortii
398 4845 496 4893 caum
523 4831 574 4890 est
600 4823 748 4900 morbus,
777 4817 1011 4902 qualiscunque
1031 4825 1105 4881 tan-
1157 4838 1217 4882 ιιοι
1239 4813 1346 4880 adhue
1367 4812 1540 4895 excipitur,
1557 4832 1600 4877 ne
1621 4812 1749 4894 probris
1770 4812 1948 4877 obnoxium
1966 4813 2010 4877 sit
2031 4835 2134 4880 evan·

131 4917 208 4982 dem
231 4915 280 4980 eit
316 4911 482 4994 Quamdiu
500 4919 610 4976 antem
627 4911 759 4975 firmum
776 4912 887 4970 manet
905 4901 1104 4986 coniugium,
1158 4901 1282 4986 galium
1304 4898 1440 4965 Christi
1483 4895 1576 4962 Dum
1597 4919 1675 4962 vcro
1697 4898 1752 4963 isti
1770 4897 1910 4962 nimium
1927 4899 2035 4964 carnis
2053 4919 2134 4966 suae

1157 4986 1287 5052 libidini
1307 4984 1491 5069 indulgent,
1514 4984 1720 5049 scortationis
1741 4983 1909 5048 infamiam
1931 4983 2042 5049 subire
2063 5005 2137 5051 ma·

200 5133 730 5272 llfflmddleiddspoabaeldolbldl'dearc.
754 5211 781 5265 p.
799 5193 866 5258 360,
891 5193 979 5248 tem.
999 5207 1028 5261 p.
1045 5189 1105 5260 eat,
1228 5191 1256 5254 l)
1346 5230 1352 5242 .
1377 5196 1403 5244 et
1430 5189 1577 5258 Responsa
1600 5188 1642 5242 ed.
1667 5187 1766 5242 (leaeo.
1786 5203 1816 5256 p.
1833 5185 1899 5254 360,
1925 5183 2012 5241 Laus.
2032 5205 2061 5258 p.
2079 5188 2135 5245 41⁷

132 5275 246 5331 Horror.
260 5290 288 5342 p.
306 5270 365 5340 i03,
385 5269 485 5326 Οιοιιι
498 5286 528 5339 p.
545 5266 605 5336 494,
623 5266 710 5322 Amet.
725 5282 754 5336 p.
773 5263 832 5320 aab.
1141 5257 1252 5316 Honos.
1266 5275 1296 5328 p.
1333 5256 1376 5322 67,
1398 5257 1498 5314 Οιοικι
1519 5274 1548 5328 p.
1565 5255 1625 5319 49⁶,
1643 5257 1730 5311 Amat.
1744 5272 1774 5326 p.
1792 5253 1854 5310 226.

261 5357 351 5412 aloini
365 5371 456 5426 opera
498 5353 553 5410 Vol.
576 5353 608 5408 Χ.
1894 5338 1928 5393 16
