4782 6010
53 2897 55 2902 ,

268 378 312 450 X
1104 375 1375 452 EPISTOLAE.

435 575 528 640 Illud
549 576 678 654 insuper
706 573 869 668 addimus,
896 572 977 653 quod
1001 591 1098 653 quum
1120 570 1289 652 plerasque
1315 571 1486 635 amicorum
1509 567 1635 635 Galoini
1655 570 1706 634 ‘ad
1727 571 1835 652 ipsum
1856 570 1997 635 ariditas
2019 571 2138 646 literas,
2159 587 2195 633 ac
2214 587 2269 632 non

275 687 415 769 perinde
439 685 565 753 Caluini
585 686 690 767 ipsius
710 682 874 767 α’μοιβαίας
895 683 1152 760 nanciscemur,
1173 701 1236 744 non
1258 686 1328 746 ante
1350 681 1484 747 edendas
1505 701 1526 745 a
1548 679 1637 746 nobis
1657 681 1733 746 illas
1754 681 1920 760 iudicasse,
1942 701 2039 762 quam
2056 679 2182 746 aliunde
2200 680 2273 743 15155

286 794 413 864 Caluini
434 819 515 880 quoe
535 797 752 862 desiderantur
774 795 868 878 (quod
890 794 929 860 ab
950 795 1033 875 ipsis
1054 793 1216 858 lectoribus
1236 792 1361 876 benipnc
1380 793 1590 877 postulamur,
1618 793 1650 856 si
1678 812 1758 873 quas
1786 789 1876 857 nobis
1903 791 2040 873 conferre
2055 795 2210 873 potemini,
2231 789 2274 852 uti

279 927 340 972 nos
360 908 414 974 boc
434 931 454 973 a
475 909 585 974 multis
605 909 686 989 quod
707 908 775 972 sine
795 908 938 988 ipsorum
963 903 1154 970 incommodo
1180 923 1218 968 aa
1244 904 1407 987 dispendio
1426 904 1491 985 fiat,
1514 903 1650 968 lrcbenter
1673 903 1928 984 exspectabimus)
1951 903 2121 986 adiumere
2141 921 2178 967 ac
2196 921 2274 982 repo

280 1037 354 1084 neue
368 1040 540 1100 possemus.
584 1018 689 1100 Atque
710 1018 808 1082 iuius
827 1019 874 1082 rei
901 1020 1080 1100 arpumento
1104 1015 1154 1079 bic
1176 1016 1381 1098 agnoscimus,
1408 1035 1448 1079 ue
1468 1015 1638 1080 dimidiam
1659 1015 1784 1096 quidem
1801 1019 1927 1096 partem
1949 1016 2080 1080 istorum
2101 1035 2181 1095 quae
2200 1033 2274 1078 nuuc

281 1135 392 1194 escunt
414 1129 539 1195 Caluini
560 1131 747 1212 scriptorum
767 1129 890 1194 5515555
910 1130 1054 1212 futuram
1070 1147 1167 1209 penes
1188 1147 1243 1191 nos
1263 1127 1375 1208 secuse,
1397 1125 1463 1191 uisi
1484 1126 1532 1190 ael
1554 1126 1683 1190 aliunde
1699 1127 1835 1190 remissa
1856 1125 1903 1190 ael
1923 1147 1962 1192 ea·
1983 1127 2066 1207 ipsis
2086 1125 2275 1210 αὐτογράφοις

281 1240 439 1321 descripta
461 1261 555 1322 quam
568 1241 714 1323 plurima
735 1240 968 1306 habuissemus:
988 1241 1037 1304 uti
1056 1239 1099 1304 ad
1120 1259 1188 1303 eam
1208 1257 1276 1302 rem
1297 1239 1394 1304 unius
1409 1238 1580 1320 praecipue
1593 1233 1700 1302 Caroli
1724 1237 1879 1302 Ionoilaei
1900 1238 2127 1303 studiosissimi
2150 1239 2276 1302 ntorum

207 1383 209 1388 ·
280 1372 388 1416 rerum
410 1353 545 1418 custodis
564 1352 673 1434 fidem,
702 1352 911 1434 diligentiam,
938 1371 1064 1432 operam
1092 1351 1224 1431 denique
1251 1354 1279 1414 et
1306 1369 1466 1430 operosam
1493 1352 1521 1412 et
1547 1353 1764 1428 sumptuosam
1785 1349 1873 1415 nobis
1894 1350 2164 1430 appositissimum
2184 1347 2277 1430 fuisse

279 1462 470 1545 profitemur.
515 1463 560 1528 Et
584 1469 685 1528 tamen
712 1484 809 1545 quarm
836 1465 883 1528 ita
910 1483 944 1528 se
971 1483 1022 1527 res
1050 1461 1206 1539 babuerit,
1233 1461 1306 1525 inde
1332 1480 1371 1525 ea
1393 1464 1489 1542 parte
1513 1458 1633 1541 sactum
1660 1460 1877 1541 admonemus,
1905 1465 1941 1524 ut
1961 1481 2021 1524 uon
2044 1479 2150 1542 pauca
2179 1463 2276 1524 errata

284 1575 368 1640 inter
388 1575 598 1640 mandendum
619 1595 655 1640 ae
676 1574 929 1658 dispunpendum
959 1574 1062 1640 oculos
1088 1577 1115 1640 et
1141 1577 1271 1636 mentem
1292 1572 1467 1655 effugerint,
1495 1591 1575 1652 quoe
1603 1569 1713 1638 saltem
1739 1573 1782 1636 ad
1810 1571 1921 1638 cubem
1943 1571 2019 1636 libri
2040 1577 2123 1637 tardo
2145 1571 2277 1636 caudinas

280 1687 475 1752 connotandu
496 1687 684 1751 duduimus.
1599 1659 1604 1672 ⁸

437 1796 581 1862 Alterum
603 1799 697 1862 etiam
724 1797 934 1862 adiiciendum
957 1797 1155 1878 pmammus,
1182 1795 1303 1860 uenisse
1329 1793 1416 1859 nobis
1445 1795 1480 1858 in
1507 1798 1635 1859 menam
1655 1815 1778 1877 nempe,
1804 1793 1877 1876 fieri
1895 1814 1990 1876 posse
2018 1799 2050 1858 nt
2072 1795 2226 1877 quaedam
2244 1812 2277 1857 ea

280 1907 350 1974 illis
371 1927 452 1989 quae
472 1907 521 1973 bic
540 1909 746 1988 reperiuntur,
769 1909 857 1989 apud
877 1907 1041 1972 nortnullos
1055 1907 1189 1988 sortasse
1209 1925 1306 1978 mauu
1327 1908 1445 1988 scripta
1473 1926 1535 1970 non
1550 1906 1685 1986 perinde
1707 1911 1831 1986 exstent,
1860 1907 1925 1971 siae
1946 1907 2051 1988 apices
2071 1905 2198 1988 sinpuli,
2219 1905 2278 1968 sios

280 2018 438 2097 dictiones,
461 2039 498 2084 ao
516 2020 664 2100 fortassis
685 2020 787 2084 ctam
800 2019 966 2084 sententiae
989 2019 1118 2100 aliquae
1137 2017 1346 2099 curfmaatur,
1374 2023 1439 2081 tum
1461 2017 1543 2100 quod
1563 2016 1671 2082 555555
1697 2017 1747 2082 bic
1773 2017 1868 2100 fidem
1894 2022 1921 2082 et
1948 2023 2064 2083 certam
2089 2015 2277 2100 diligentiam

275 2131 437 2214 praestari
459 2150 480 2195 a
501 2130 589 2195 nobis
610 2131 689 2194 satis
711 2151 777 2196 esse
798 2131 992 2208 duxerimus,
1016 2130 1186 2194 tumeliam
1207 2129 1288 2211 quod
1308 2127 1461 2194 nonnulla
1479 2127 1609 2194 subinde
1629 2127 1812 2215 πρόσκαιρα,
1834 2134 1891 2193 551
1911 2149 1993 2193 merc
2013 2128 2206 2210 familiaria,
2228 2131 2278 2192 aad

280 2241 414 2323 denique
434 2243 541 2306 minus
563 2243 606 2307 aol
627 2243 814 2322 semipsum
829 2243 1021 2324 pertinentia
1041 2261 1138 2322 quum
1159 2246 1354 2319 occurrerent,
1377 2241 1581 2323 expungenda
1597 2242 1665 2305 sine
1682 2240 1751 2306 ulla
1765 2241 1881 2322 froude
1902 2241 2125 2318 indicaremus,
2147 2260 2186 2304 ne
2205 2237 2278 2320 quid

281 2353 421 2418 uidelicet
442 2375 463 2417 a
484 2373 553 2418 aare
572 2354 667 2418 seriis
689 2355 828 2418 lectorem
850 2355 1002 2418 intentum
1023 2356 1184 2417 revocaret.
2181 2409 2185 2418 .

438 2463 597 2529 Postremo
618 2485 714 2546 quum
742 2486 804 2530 non
826 2485 935 2546 panca
962 2485 1001 2529 ea
1027 2463 1153 2547 pollicis
1177 2463 1272 2526 istius
1300 2463 1474 2545 arpumenti
1504 2467 1533 2525 et
1561 2463 1694 2544 corrupti
1721 2464 1849 2544 scriptis
1869 2469 2061 2528 occurrerent
2082 2462 2179 2540 nobis,
2200 2481 2276 2544 quae

280 2591 352 2642 aum
373 2575 521 2642 nonnullo
542 2577 687 2642 lectorum
707 2597 770 2641 usu
792 2577 926 2658 adiunpi
947 2575 1057 2640 latinis
1077 2575 1178 2654 natis,
1206 2575 1238 2638 si
1263 2578 1291 2638 et
1318 2575 1391 2654 ipsa
1412 2573 1512 2638 latino
1532 2573 1619 2655 sada
1646 2579 1758 2653 555551,
1786 2575 1962 2640 sidereum
1984 2575 2074 2658 (dum
2095 2579 2123 2642 et
2143 2576 2278 2655 ipsorum

278 2686 466 2772 pullicorum
487 2691 516 2752 et
534 2687 666 2770 pollione
686 2687 854 2752 tatiaomm
875 2687 1095 2752 translationis
1113 2685 1249 2752 edendae
1266 2685 1385 2752 occasio
1402 2703 1467 2750 sese
1483 2684 1626 2768 deinceps
1643 2685 1787 2768 offerret),
1810 2687 1853 2752 ad
1869 2692 1987 2752 mrtum
2003 2707 2102 2769 usqne
2118 2703 2278 2752 numerum

279 2817 363 2863 stunc
383 2799 510 2880 quidem
527 2799 646 2881 pellica
667 2799 762 2864 latine
783 2799 987 2882 exprimenda
1007 2799 1202 2864 curauimns:
1228 2795 1394 2878 inquibus
1415 2795 1526 2862 bonam
1546 2798 1640 2862 diam
1660 2795 1753 2876 fidem
1768 2799 1958 2888 5551511155
1979 2803 2138 2878 testamur,
2160 2797 2278 2878 roliotsa

281 2913 384 2976 55155
406 2929 486 2990 quoe
506 2911 542 2974 in
562 2909 778 2976 translationis
793 2911 942 2976 ecadimi
963 2930 1059 2990 opera
1080 2909 1340 2987 desiderarentur,
1363 2907 1491 2991 benipne
1512 2908 1680 2973 condonari
1695 2909 1903 2990 postulamus.
1938 2909 2173 2978 translationes
2193 2910 2278 2991 ipsas

273 3040 374 3102 porro
396 3019 454 3085 bac
474 3021 518 3086 ad
538 3022 711 3103 marpiuem
732 3027 821 3087 nota:
842 3021 903 3086 Ea
923 3021 1086 3104 pollice,
1109 3021 1271 3104 desmnari
1291 3019 1455 3084 noluimus.

434 3131 489 3196 Ad
511 3131 591 3197 haec
613 3131 772 3197 nonnulla
792 3131 891 3199 115551
919 3139 1085 3198 annotare.
1130 3133 1177 3197 111
1198 3131 1343 3216 quidem,
1370 3137 1530 3213 quantum
1552 3129 1594 3195 ad
1621 3131 1739 3196 sedem
1767 3130 1979 3215 epistolarum
2008 3132 2273 3210 constituendam,

279 3264 315 3310 se
338 3263 499 3308 annornm
521 3243 696 3323 rationem,
725 3245 811 3309 bona
839 3243 956 3309 saltem
983 3250 1155 3326 exparte,
1184 3241 1373 3308 observasse
1400 3242 1559 3317 affirmat,
1588 3248 1733 3307 attamen
1755 3251 1868 3309 exacte
1890 3243 1923 3307 id
1946 3253 2114 3326 praestare
2135 3267 2201 3310 555
2220 3264 2273 3326 pn·

279 3354 384 3420 tuisse
406 3353 529 3419 fatetur
550 3362 684 3437 propter
705 3375 860 3440 magnam
882 3355 1077 3421 schedarum
1099 3355 1284 3439 congeriem
1308 3361 1341 3420 51
1362 3352 1573 3420 difficultates
1595 3375 1613 3418 e
1634 3375 1671 3420 re
1693 3355 1765 3438 ipsa
1787 3363 1967 3421 nascentes.
2004 3355 2098 3437 Quae
2120 3355 2197 3439 quid
2217 3352 2271 3420 sibi

279 3466 385 3532 velint
406 3488 448 3532 ex
477 3466 677 3532 accuratiore
705 3468 812 3549 operis
838 3468 1029 3533 recensione
1056 3488 1075 3531 a
1103 3467 1198 3532 nobis
1225 3467 1378 3532 instituta
1403 3465 1515 3548 paneis
1543 3463 1669 3531 edoceri
1698 3473 1731 3531 15
1759 3465 1906 3549 patiaris.
1955 3465 2095 3533 Librum
2125 3468 2273 3533 attentius

278 3579 495 3662 pertractanti
516 3599 594 3642 mox
616 3579 784 3657 constabit,
807 3580 842 3643 in
864 3585 931 3644 tres
952 3585 1062 3662 partas
1085 3599 1162 3643 eum
1185 3577 1325 3662 dispesci
1345 3597 1449 3660 posse,
1473 3577 1591 3660 quibus
1614 3573 1784 3656 distinctis,
1807 3599 1869 3661 quo
1891 3578 1987 3643 modo
2010 3577 2116 3644 editor
2133 3585 2273 3661 suscepto

278 3710 417 3754 munere
439 3689 612 3755 defunctus
634 3689 686 3768 sit,
708 3689 801 3755 facile
824 3691 940 3772 auique
962 3691 1094 3773 patebit.
1131 3692 1181 3755 Ac
1203 3689 1347 3774 primum
1365 3687 1498 3772 quidem
1520 3711 1562 3753 ex
1584 3690 1684 3772 copiis
1703 3690 1773 3755 suis
1795 3710 1850 3755 aas
1873 3689 1990 3774 selegit
2011 3691 2174 3773 epistolas,
2197 3709 2272 3774 quae

279 3801 344 3884 ipsi
371 3800 504 3865 omnino
534 3799 605 3866 eius
634 3801 792 3866 momenti
826 3822 896 3867 esee
926 3799 1124 3868 videbantur
1155 3808 1195 3865 ut
1221 3800 1377 3865 oblivioni
1406 3807 1538 3882 ereptae
1565 3801 1713 3866 virorum
1742 3799 1911 3866 doctorum
1938 3801 2182 3885 amicorumque
2207 3799 2273 3867 usui

279 3911 486 3976 inservirent.
531 3911 604 3976 Hae
632 3912 725 3995 quasi
752 3913 913 3994 primitias
940 3913 1052 3979 sedulo
1078 3913 1120 3976 ad
1143 3931 1317 3989 annorum,
1347 3931 1414 3976 non
1441 3932 1520 3975 vero
1542 3911 1583 3976 ad
1605 3913 1781 3990 meusium,
1810 3912 1958 3977 ordinem
1982 3911 2151 3997 disposuit,
2179 3915 2224 3978 ita
2242 3919 2275 3976 ut

279 4023 447 4088 rarissime
469 4023 556 4090 hune
585 4024 840 4090 interturbatam
870 4023 1138 4108 deprehenderis,
1165 4031 1200 4089 51
1227 4045 1389 4106 nusquam
1417 4024 1572 4107 graviter.
1618 4023 1672 4087 Ad
1695 4043 1793 4106 quam
1816 4025 1955 4106 primam
1977 4025 2095 4090 seriem
2118 4027 2276 4109 pertinent

281 4133 442 4200 ducentae
469 4137 652 4220 nonaginta
679 4143 713 4201 51
741 4143 897 4219 quatuor,
929 4135 1030 4202 nullis
1059 4143 1169 4201 tamen
1197 4135 1345 4200 numeris
1372 4134 1544 4218 adscriptis
1572 4117 1762 4218 insignitae,
1789 4155 1928 4218 quarum
1955 4137 2063 4220 prima
2089 4135 2131 4202 ad
2159 4155 2275 4203 annum

285 4249 367 4310 1533
389 4245 547 4330 pertinet,
575 4245 692 4313 ultima
719 4247 761 4313 ad
782 4247 953 4313 Farellum
982 4245 1194 4314 valedictoria
1218 4247 1290 4329 ipso
1319 4246 1443 4312 autoris
1472 4266 1585 4311 mense
1613 4246 1785 4311 emortuali
1808 4247 1932 4330 scripta
1953 4247 2024 4314 fuit.
2069 4249 2134 4314 Oui
2156 4250 2273 4332 primae

282 4358 380 4424 serici
400 4378 474 4442 pag.
498 4359 560 4422 276
581 4379 666 4442 seqq.
689 4358 737 4424 ed.
764 4363 844 4423 1575
867 4359 1059 4426 subiunctas
1086 4365 1164 4424 sunt
1190 4357 1379 4441 appendicis
1406 4357 1476 4424 1555
1502 4359 1700 4440 paucissima
1721 4359 1785 4423 alia
1809 4380 1877 4424 non
1904 4359 2004 4425 unius
2033 4361 2163 4444 generis
2185 4359 2273 4424 docu-

282 4477 404 4548 menta,
425 4471 604 4552 praemisso
626 4469 735 4536 titulo:
766 4471 829 4536 Sec
849 4471 996 4554 epistolae
1017 4490 1098 4554 quac
1119 4474 1291 4550 sequnntur
1310 4489 1366 4534 saco
1394 4469 1456 4534 loco
1483 4470 1564 4534 inter
1592 4471 1802 4536 auduom
1823 4491 1885 4536 non
1906 4477 2111 4537 occurrerunt.
2155 4469 2273 4536 Verum

283 4587 418 4664 praeter
439 4601 497 4646 sex
521 4580 601 4646 istas
628 4581 781 4664 epistolas
808 4581 929 4648 adsunt
950 4581 1049 4647 etiam
1072 4587 1214 4665 quatuor
1235 4579 1356 4662 scripta
1377 4579 1507 4664 publica
1533 4581 1718 4665 principum
1741 4581 1980 4650 Germanorum
2004 4581 2046 4646 ad
2067 4603 2179 4667 regem
2200 4579 2273 4648 arl-

285 4689 348 4758 liae
371 4691 487 4779 (1541)
509 4702 542 4756 51
564 4691 605 4755 ad
632 4691 758 4778 legatos
786 4693 969 4775 pontificios
991 4693 1106 4776 (1561)
1136 4691 1227 4770 data,
1251 4697 1285 4757 51
1305 4691 1488 4775 legatorum
1518 4691 1559 4756 ad
1588 4691 1717 4758 eosdem
1743 4693 1908 4777 principes
1936 4693 2107 4760 orationes.
2151 4695 2272 4760 Novum
2375 4719 2376 4732 2

284 4803 418 4870 titulum
440 4823 518 4887 prae
540 4824 575 4868 se
597 4803 662 4868 fert
682 4805 803 4888 pagina
821 4807 899 4870 286:
926 4805 1012 4887 Quae
1028 4803 1171 4886 deinceps
1188 4807 1359 4885 sequuntur
1376 4801 1541 4886 tbeolopica
1555 4805 1622 4886 sere
1641 4809 1714 4869 sunt
1730 4809 1758 4870 et
1774 4805 1817 4871 ad
1834 4825 1984 4888 responsa
2000 4805 2102 4889 anapia
2118 4808 2271 4890 pertinent
2375 4805 2376 4890 t

285 4917 339 4982 De
360 4916 413 4980 his
435 4915 512 4981 vide
534 4935 616 4998 qnae
638 4935 740 4998 supra
760 4915 947 4982 monuimus
967 4917 1002 4982 in
1023 4911 1271 5000 Prolegomenis
1293 4911 1335 4978 ad
1356 4920 1483 4997 partem
1503 4917 1642 4998 primam
1664 4914 1960 4982 huius-voluminis
1981 4937 2054 5002 pag.
2077 4940 2121 4982 ιι.
2164 4913 2271 4983 Memi-
2375 4909 2376 4954 t

286 5029 385 5106 neris,
413 5028 501 5092 inter
521 5025 702 5110 nonaginta
723 5025 864 5110 quinque
886 5026 1018 5094 chartas
1044 5027 1107 5094 huo
1128 5027 1189 5093 sub
1211 5025 1343 5091 rubrica
1364 5026 1626 5109 comprehensas,
1648 5047 1716 5091 non
1738 5027 1802 5092 nisi
1824 5028 2040 5112 quadraginta
2061 5037 2095 5094 51
2116 5025 2198 5113 qnod
2219 5047 2270 5091 ex·

286 5140 391 5206 currit
412 5138 558 5222 reperiri,
581 5159 662 5222 quas
684 5137 793 5221 aliqua
814 5138 920 5220 specie
942 5137 1078 5204 consilia
1098 5139 1207 5223 potius
1233 5143 1291 5203 aut
1311 5137 1579 5204 tractatiunoulas
1601 5135 1707 5204 dicere
1734 5139 1839 5221 possis
1866 5161 1966 5222 qnam
1992 5160 2101 5207 meras
2128 5137 2267 5224 epistolas

285 5249 480 5316 familiares:
510 5249 557 5316 115
578 5257 616 5315 51
637 5248 717 5316 haee
746 5247 863 5314 ultima
892 5247 967 5314 libri
989 5251 1089 5317 555115
1110 5251 1234 5315 maiore
1261 5269 1304 5314 ex
1325 5255 1420 5331 parta
1447 5249 1712 5334 supplementum
1739 5251 1811 5318 siva
1828 5251 2011 5317 auctarium
2031 5253 2154 5336 primae
2173 5249 2262 5322 sistat,
2375 5279 2376 5318 2
