<?xml version="1.0" encoding="UTF-8"?>
<!DOCTYPE html PUBLIC "-//W3C//DTD XHTML 1.0 Transitional//EN"
    "http://www.w3.org/TR/xhtml1/DTD/xhtml1-transitional.dtd">
<html xmlns="http://www.w3.org/1999/xhtml" xml:lang="en" lang="en">
 <head>
  <title>
</title>
<meta http-equiv="Content-Type" content="text/html;charset=utf-8" />
  <meta name='ocr-system' content='tesseract 3.04.00' />
  <meta name='ocr-capabilities' content='ocr_page ocr_carea ocr_par ocr_line ocrx_word'/>
</head>
<body>
  <div class='ocr_page' id='page_1' title='image "./ioanniscalvinio05reusgoog_0258.png"; bbox 0 0 4782 6010; ppageno 0'>
   <div class='ocr_carea' id='block_1_1' title="bbox 174 359 2163 428">
    <p class='ocr_par' dir='ltr' id='par_1_1' title="bbox 174 359 2163 428">
     <span class='ocr_line' id='line_1_1' title="bbox 174 359 2163 428; baseline 0.005 -8"><span class='ocrx_word' id='word_1_1' title='bbox 174 359 215 420; x_wconf 80' lang='lat'><strong><em>93</em></strong></span> <span class='ocrx_word' id='word_1_2' title='bbox 1039 364 1120 426; x_wconf 81' lang='lat'><strong>153⁷</strong></span> <span class='ocrx_word' id='word_1_3' title='bbox 1142 360 1296 428; x_wconf 79' lang='lat' dir='ltr'><strong><em>APRJL.</em></strong></span> <span class='ocrx_word' id='word_1_4' title='bbox 2121 366 2163 428; x_wconf 79' lang='lat'><strong><em>94</em></strong></span> 
     </span>
    </p>
   </div>
   <div class='ocr_carea' id='block_1_2' title="bbox 141 543 2165 4063">
    <p class='ocr_par' dir='ltr' id='par_1_2' title="bbox 167 543 2165 891">
     <span class='ocr_line' id='line_1_2' title="bbox 170 543 2165 631; baseline 0.004 -21"><span class='ocrx_word' id='word_1_5' title='bbox 170 543 285 610; x_wconf 88' lang='lat' dir='ltr'><strong><em>eadem</em></strong></span> <span class='ocrx_word' id='word_1_6' title='bbox 307 547 508 628; x_wconf 80' lang='lat' dir='ltr'>professione</span> <span class='ocrx_word' id='word_1_7' title='bbox 530 547 665 613; x_wconf 87' lang='lat' dir='ltr'><strong><em>eandem</em></strong></span> <span class='ocrx_word' id='word_1_8' title='bbox 684 550 869 615; x_wconf 90' lang='lat' dir='ltr'><strong><em>animorum</em></strong></span> <span class='ocrx_word' id='word_1_9' title='bbox 886 549 1090 616; x_wconf 86' lang='lat' dir='ltr'><strong><em>voluntatem</em></strong></span> <span class='ocrx_word' id='word_1_10' title='bbox 1112 559 1146 616; x_wconf 88' lang='lat' dir='ltr'><strong><em>et</em></strong></span> <span class='ocrx_word' id='word_1_11' title='bbox 1196 551 1361 616; x_wconf 76' lang='lat' dir='ltr'><strong><em>instantem</em></strong></span> <span class='ocrx_word' id='word_1_12' title='bbox 1381 549 1452 616; x_wconf 84' lang='lat' dir='ltr'><strong><em>benc</em></strong></span> <span class='ocrx_word' id='word_1_13' title='bbox 1473 548 1663 630; x_wconf 82' lang='lat' dir='ltr'><strong><em>praeparati</em></strong></span> <span class='ocrx_word' id='word_1_14' title='bbox 1688 567 1791 614; x_wconf 85' lang='lat' dir='ltr'><strong><em>omnes</em></strong></span> <span class='ocrx_word' id='word_1_15' title='bbox 1815 550 1958 615; x_wconf 78' lang='lat' dir='ltr'><strong><em>accedant</em></strong></span> <span class='ocrx_word' id='word_1_16' title='bbox 1981 556 2106 631; x_wconf 74' lang='lat' dir='ltr'><strong><em>aposta,</em></strong></span> <span class='ocrx_word' id='word_1_17' title='bbox 2136 555 2165 618; x_wconf 83' lang='lat' dir='ltr'><strong><em>u</em></strong></span> 
     </span>
     <span class='ocr_line' id='line_1_3' title="bbox 170 631 2165 717; baseline 0.002 -19"><span class='ocrx_word' id='word_1_18' title='bbox 170 631 444 710; x_wconf 87' lang='lat' dir='ltr'><strong><em>coniunctionem,</em></strong></span> <span class='ocrx_word' id='word_1_19' title='bbox 467 641 555 700; x_wconf 86' lang='lat' dir='ltr'><strong><em>certa</em></strong></span> <span class='ocrx_word' id='word_1_20' title='bbox 577 644 613 698; x_wconf 93' lang='lat' dir='ltr'><strong><em>ut</em></strong></span> <span class='ocrx_word' id='word_1_21' title='bbox 636 633 790 700; x_wconf 82' lang='lat' dir='ltr'><strong><em>Carolum</em></strong></span> <span class='ocrx_word' id='word_1_22' title='bbox 811 635 1088 702; x_wconf 73' lang='lat' dir='ltr'><strong><em>Sammadbanum</em></strong></span> <span class='ocrx_word' id='word_1_23' title='bbox 1109 637 1145 701; x_wconf 92' lang='lat' dir='ltr'><strong><em>in</em></strong></span> <span class='ocrx_word' id='word_1_24' title='bbox 1195 637 1381 716; x_wconf 79' lang='lat' dir='ltr'><strong><em>consessione</em></strong></span> <span class='ocrx_word' id='word_1_25' title='bbox 1403 639 1431 700; x_wconf 90' lang='lat' dir='ltr'><strong><em>et</em></strong></span> <span class='ocrx_word' id='word_1_26' title='bbox 1450 635 1667 698; x_wconf 82' lang='lat' dir='ltr'><strong><em>deliberatione</em></strong></span> <span class='ocrx_word' id='word_1_27' title='bbox 1686 635 1858 700; x_wconf 71' lang='lat' dir='ltr'><strong><em>unianimes.</em></strong></span> <span class='ocrx_word' id='word_1_28' title='bbox 1901 634 2038 700; x_wconf 84' lang='lat' dir='ltr'><strong><em>Viretum</em></strong></span> <span class='ocrx_word' id='word_1_29' title='bbox 2059 638 2165 717; x_wconf 85' lang='lat' dir='ltr'><strong><em>ipsum</em></strong></span> 
     </span>
     <span class='ocr_line' id='line_1_4' title="bbox 169 717 2165 805; baseline 0.004 -24"><span class='ocrx_word' id='word_1_30' title='bbox 169 717 350 782; x_wconf 87' lang='lat' dir='ltr'><strong><em>amicorum</em></strong></span> <span class='ocrx_word' id='word_1_31' title='bbox 372 727 503 784; x_wconf 89' lang='lat' dir='ltr'><strong><em>tuorum</em></strong></span> <span class='ocrx_word' id='word_1_32' title='bbox 525 741 699 785; x_wconf 88' lang='lat' dir='ltr'><strong><em>nnmerum</em></strong></span> <span class='ocrx_word' id='word_1_33' title='bbox 717 722 891 799; x_wconf 89' lang='lat' dir='ltr'><strong><em>adscribas,</em></strong></span> <span class='ocrx_word' id='word_1_34' title='bbox 913 729 947 786; x_wconf 90' lang='lat' dir='ltr'><strong><em>et</em></strong></span> <span class='ocrx_word' id='word_1_35' title='bbox 967 722 1023 788; x_wconf 94' lang='lat' dir='ltr'><strong><em>illo</em></strong></span> <span class='ocrx_word' id='word_1_36' title='bbox 1044 722 1144 805; x_wconf 89' lang='lat' dir='ltr'><strong><em>phar·</em></strong></span> <span class='ocrx_word' id='word_1_37' title='bbox 1198 721 1340 786; x_wconf 71' lang='lat' dir='ltr'><strong><em>Gaianae</em></strong></span> <span class='ocrx_word' id='word_1_38' title='bbox 1366 721 1587 786; x_wconf 79' lang='lat' dir='ltr'><strong><em>restituendam</em></strong></span> <span class='ocrx_word' id='word_1_39' title='bbox 1613 740 1646 784; x_wconf 92' lang='lat' dir='ltr'><strong><em>eo</em></strong></span> <span class='ocrx_word' id='word_1_40' title='bbox 1672 721 1773 802; x_wconf 79' lang='lat' dir='ltr'><strong><em>mepte</em></strong></span> <span class='ocrx_word' id='word_1_41' title='bbox 1798 725 1882 801; x_wconf 82' lang='lat' dir='ltr'><strong><em>optat</em></strong></span> <span class='ocrx_word' id='word_1_42' title='bbox 1910 723 1990 803; x_wconf 80' lang='lat' dir='ltr'><strong><em>quad</em></strong></span> <span class='ocrx_word' id='word_1_43' title='bbox 2017 721 2165 788; x_wconf 81' lang='lat' dir='ltr'><strong><em>Fareffue</em></strong></span> 
     </span>
     <span class='ocr_line' id='line_1_5' title="bbox 167 803 1792 891; baseline 0.001 -23"><span class='ocrx_word' id='word_1_44' title='bbox 167 822 264 868; x_wconf 88' lang='lat' dir='ltr'><strong><em>mace</em></strong></span> <span class='ocrx_word' id='word_1_45' title='bbox 285 803 435 870; x_wconf 85' lang='lat' dir='ltr'><strong><em>subleves</em></strong></span> <span class='ocrx_word' id='word_1_46' title='bbox 457 815 636 889; x_wconf 85' lang='lat' dir='ltr'><strong><em>aegrotum.</em></strong></span> <span class='ocrx_word' id='word_1_47' title='bbox 680 807 746 872; x_wconf 87' lang='lat' dir='ltr'><strong><em>Hie</em></strong></span> <span class='ocrx_word' id='word_1_48' title='bbox 768 827 829 891; x_wconf 86' lang='lat' dir='ltr'><strong><em>ego</em></strong></span> <span class='ocrx_word' id='word_1_49' title='bbox 851 807 1030 874; x_wconf 88' lang='lat' dir='ltr'><strong><em>carnalium</em></strong></span> <span class='ocrx_word' id='word_1_50' title='bbox 1053 829 1143 873; x_wconf 88' lang='lat' dir='ltr'><strong><em>more</em></strong></span> <span class='ocrx_word' id='word_1_51' title='bbox 1195 805 1298 872; x_wconf 73' lang='lat' dir='ltr'><strong><em>labore</em></strong></span> <span class='ocrx_word' id='word_1_52' title='bbox 1319 811 1348 872; x_wconf 91' lang='lat' dir='ltr'><strong><em>et</em></strong></span> <span class='ocrx_word' id='word_1_53' title='bbox 1368 807 1470 872; x_wconf 85' lang='lat' dir='ltr'><strong><em>taedia</em></strong></span> <span class='ocrx_word' id='word_1_54' title='bbox 1491 807 1642 888; x_wconf 75' lang='lat' dir='ltr'><strong><em>contectus</em></strong></span> <span class='ocrx_word' id='word_1_55' title='bbox 1662 805 1792 870; x_wconf 80' lang='lat' dir='ltr'><strong><em>uidetur.</em></strong></span> 
     </span>
    </p>

    <p class='ocr_par' dir='ltr' id='par_1_3' title="bbox 166 889 1142 959">
     <span class='ocr_line' id='line_1_6' title="bbox 166 889 1142 959; baseline 0.006 -6"><span class='ocrx_word' id='word_1_56' title='bbox 166 889 259 954; x_wconf 79' lang='grc' dir='ltr'>ιίιιιιι</span> <span class='ocrx_word' id='word_1_57' title='bbox 281 910 347 954; x_wconf 89' lang='lat' dir='ltr'><strong><em>non</em></strong></span> <span class='ocrx_word' id='word_1_58' title='bbox 369 890 490 956; x_wconf 88' lang='lat' dir='ltr'><strong><em>carabo</em></strong></span> <span class='ocrx_word' id='word_1_59' title='bbox 511 891 594 956; x_wconf 92' lang='lat' dir='ltr'><strong><em>mibi</em></strong></span> <span class='ocrx_word' id='word_1_60' title='bbox 614 893 717 958; x_wconf 90' lang='lat' dir='ltr'><strong><em>sterni</em></strong></span> <span class='ocrx_word' id='word_1_61' title='bbox 739 893 780 958; x_wconf 88' lang='lat' dir='ltr'><strong><em>ad</em></strong></span> <span class='ocrx_word' id='word_1_62' title='bbox 803 914 946 958; x_wconf 85' lang='lat' dir='ltr'><strong><em>amorem</em></strong></span> <span class='ocrx_word' id='word_1_63' title='bbox 968 903 1063 958; x_wconf 91' lang='lat' dir='ltr'><strong><em>tuum</em></strong></span> <span class='ocrx_word' id='word_1_64' title='bbox 1085 915 1142 959; x_wconf 90' lang='lat' dir='ltr'><strong><em>en·</em></strong></span> 
     </span>
    </p>

    <p class='ocr_par' dir='ltr' id='par_1_4' title="bbox 162 975 2164 1321">
     <span class='ocr_line' id='line_1_7' title="bbox 166 975 2164 1061; baseline 0.005 -23"><span class='ocrx_word' id='word_1_65' title='bbox 166 975 278 1055; x_wconf 88' lang='lat' dir='ltr'><strong><em>comio</em></strong></span> <span class='ocrx_word' id='word_1_66' title='bbox 297 975 426 1042; x_wconf 87' lang='lat' dir='ltr'><strong><em>divinae</em></strong></span> <span class='ocrx_word' id='word_1_67' title='bbox 448 977 582 1042; x_wconf 82' lang='lat' dir='ltr'><strong><em>virtutis</em></strong></span> <span class='ocrx_word' id='word_1_68' title='bbox 608 985 642 1042; x_wconf 90' lang='lat' dir='ltr'><strong><em>et</em></strong></span> <span class='ocrx_word' id='word_1_69' title='bbox 669 978 799 1060; x_wconf 89' lang='lat' dir='ltr'><strong><em>pietatis</em></strong></span> <span class='ocrx_word' id='word_1_70' title='bbox 821 988 906 1050; x_wconf 85' lang='lat' dir='ltr'><strong><em>tuae.</em></strong></span> <span class='ocrx_word' id='word_1_71' title='bbox 929 999 994 1060; x_wconf 88' lang='lat' dir='ltr'><strong><em>qua</em></strong></span> <span class='ocrx_word' id='word_1_72' title='bbox 1015 1001 1142 1061; x_wconf 88' lang='lat' dir='ltr'><strong><em>permo-</em></strong></span> <span class='ocrx_word' id='word_1_73' title='bbox 1196 977 1251 1042; x_wconf 82' lang='lat' dir='ltr'><strong><em>OE¹</em></strong></span> <span class='ocrx_word' id='word_1_74' title='bbox 1274 977 1443 1046; x_wconf 73' lang='lat' dir='ltr'><strong><em>autographo</em></strong></span> <span class='ocrx_word' id='word_1_75' title='bbox 1464 977 1531 1030; x_wconf 84' lang='lat' dir='ltr'><strong><em>bibl.</em></strong></span> <span class='ocrx_word' id='word_1_76' title='bbox 1557 975 1658 1030; x_wconf 72' lang='lat' dir='ltr'><strong><em>Genea.</em></strong></span> <span class='ocrx_word' id='word_1_77' title='bbox 1682 975 1747 1030; x_wconf 66' lang='lat'>⁰⁰1¹·</span> <span class='ocrx_word' id='word_1_78' title='bbox 1772 975 1836 1038; x_wconf 68' lang='lat'><strong><em>¹⁰⁶2</em></strong></span> <span class='ocrx_word' id='word_1_79' title='bbox 1860 977 1905 1030; x_wconf 71' lang='lat' dir='ltr'><strong><em>f⁰l</em></strong></span> <span class='ocrx_word' id='word_1_80' title='bbox 1928 975 1952 1030; x_wconf 77' lang='lat'><strong><em>⁸·</em></strong></span> <span class='ocrx_word' id='word_1_81' title='bbox 1993 976 2076 1059; x_wconf 45' lang='lat' dir='ltr'><strong><em>,0¹¹³ss</em></strong></span> <span class='ocrx_word' id='word_1_82' title='bbox 2099 993 2164 1059; x_wconf 58' lang='grc' dir='ltr'><em>Ψ</em></span> 
     </span>
     <span class='ocr_line' id='line_1_8' title="bbox 165 1043 2164 1167; baseline 0.002 -45"><span class='ocrx_word' id='word_1_83' title='bbox 165 1067 223 1126; x_wconf 88' lang='lat' dir='ltr'><strong><em>tus</em></strong></span> <span class='ocrx_word' id='word_1_84' title='bbox 245 1059 329 1124; x_wconf 91' lang='lat' dir='ltr'><strong>nihil</strong></span> <span class='ocrx_word' id='word_1_85' title='bbox 351 1071 514 1144; x_wconf 86' lang='lat' dir='ltr'><strong><em>parentes,</em></strong></span> <span class='ocrx_word' id='word_1_86' title='bbox 545 1062 629 1126; x_wconf 88' lang='lat' dir='ltr'>nihil</span> <span class='ocrx_word' id='word_1_87' title='bbox 650 1066 806 1146; x_wconf 89' lang='lat' dir='ltr'><strong><em>patriam,</em></strong></span> <span class='ocrx_word' id='word_1_88' title='bbox 834 1063 918 1128; x_wconf 89' lang='lat' dir='ltr'>nihil</span> <span class='ocrx_word' id='word_1_89' title='bbox 944 1085 1021 1147; x_wconf 92' lang='lat' dir='ltr'><strong><em>opos</em></strong></span> <span class='ocrx_word' id='word_1_90' title='bbox 1043 1065 1142 1130; x_wconf 89' lang='lat' dir='ltr'><strong><em>aesti—</em></strong></span> <span class='ocrx_word' id='word_1_91' title='bbox 1193 1045 1299 1167; x_wconf 48' lang='lat' dir='ltr'><strong><em>gaspha</em></strong></span> <span class='ocrx_word' id='word_1_92' title='bbox 1314 1047 1529 1167; x_wconf 51' lang='lat' dir='ltr'><strong><em>⁰¹⁸l²fi¹l4l³¹¹¹¹g⁸²</em></strong></span> <span class='ocrx_word' id='word_1_93' title='bbox 1549 1043 1700 1166; x_wconf 61' lang='lat' dir='ltr'>Cfd·¹¹¹⁸’</span> <span class='ocrx_word' id='word_1_94' title='bbox 1717 1043 1808 1146; x_wconf 46' lang='lat' dir='ltr'><strong><em>s.⁰¹·,2⁷</em></strong></span> <span class='ocrx_word' id='word_1_95' title='bbox 1826 1063 1906 1098; x_wconf 74' lang='lat'><strong><em>¹¹¹⁸¹¹¹¹</em></strong></span> <span class='ocrx_word' id='word_1_96' title='bbox 1919 1046 2062 1166; x_wconf 55' lang='lat' dir='ltr'><strong><em>pervulsa</em></strong></span> <span class='ocrx_word' id='word_1_97' title='bbox 2080 1063 2164 1118; x_wconf 53' lang='grc' dir='ltr'><strong><em>ΜΨ·</em></strong></span> 
     </span>
     <span class='ocr_line' id='line_1_9' title="bbox 164 1115 2163 1252; baseline 0.004 -43"><span class='ocrx_word' id='word_1_98' title='bbox 164 1147 277 1224; x_wconf 90' lang='lat' dir='ltr'><strong><em>masti,</em></strong></span> <span class='ocrx_word' id='word_1_99' title='bbox 300 1155 333 1210; x_wconf 90' lang='lat' dir='ltr'><strong><em>to</em></strong></span> <span class='ocrx_word' id='word_1_100' title='bbox 355 1147 463 1230; x_wconf 89' lang='lat' dir='ltr'><strong><em>ipsum</em></strong></span> <span class='ocrx_word' id='word_1_101' title='bbox 485 1147 625 1226; x_wconf 85' lang='lat' dir='ltr'><strong><em>nudasti,</em></strong></span> <span class='ocrx_word' id='word_1_102' title='bbox 647 1158 685 1213; x_wconf 92' lang='lat' dir='ltr'><strong><em>ut</em></strong></span> <span class='ocrx_word' id='word_1_103' title='bbox 707 1149 787 1214; x_wconf 91' lang='lat' dir='ltr'><strong><em>alios</em></strong></span> <span class='ocrx_word' id='word_1_104' title='bbox 809 1149 987 1233; x_wconf 88' lang='lat' dir='ltr'><strong><em>locupletes</em></strong></span> <span class='ocrx_word' id='word_1_105' title='bbox 1008 1151 1140 1228; x_wconf 87' lang='lat' dir='ltr'><strong><em>faceres,</em></strong></span> <span class='ocrx_word' id='word_1_106' title='bbox 1193 1125 1260 1236; x_wconf 49' lang='lat' dir='ltr'><strong><em>tis?</em></strong></span> <span class='ocrx_word' id='word_1_107' title='bbox 1278 1115 1343 1252; x_wconf 47' lang='grc' dir='ltr'><strong><em>.ζέ</em></strong></span> <span class='ocrx_word' id='word_1_108' title='bbox 1362 1183 1390 1236; x_wconf 66' lang='lat' dir='ltr'><strong><em>i„</em></strong></span> <span class='ocrx_word' id='word_1_109' title='bbox 1407 1131 1492 1236; x_wconf 50' lang='lat' dir='ltr'><strong><em>ffel,</em></strong></span> <span class='ocrx_word' id='word_1_110' title='bbox 1516 1115 2163 1252; x_wconf 36' lang='lat' dir='ltr'><strong><em>fflssffxhibui}gissp‘lssffigffussmbgssss</em></strong></span> 
     </span>
     <span class='ocr_line' id='line_1_10' title="bbox 162 1231 1937 1321; baseline 0.006 -27"><span class='ocrx_word' id='word_1_111' title='bbox 162 1251 289 1314; x_wconf 85' lang='lat' dir='ltr'><strong><em>magno</em></strong></span> <span class='ocrx_word' id='word_1_112' title='bbox 316 1231 447 1298; x_wconf 83' lang='lat' dir='ltr'><strong><em>interim</em></strong></span> <span class='ocrx_word' id='word_1_113' title='bbox 476 1233 564 1298; x_wconf 90' lang='lat' dir='ltr'><strong><em>vitae</em></strong></span> <span class='ocrx_word' id='word_1_114' title='bbox 590 1235 743 1317; x_wconf 91' lang='lat' dir='ltr'><strong><em>periculo.</em></strong></span> <span class='ocrx_word' id='word_1_115' title='bbox 787 1235 835 1300; x_wconf 88' lang='lat' dir='ltr'><strong><em>Et</em></strong></span> <span class='ocrx_word' id='word_1_116' title='bbox 860 1257 1047 1318; x_wconf 84' lang='lat' dir='ltr'><strong><em>quanquam</em></strong></span> <span class='ocrx_word' id='word_1_117' title='bbox 1074 1257 1140 1301; x_wconf 92' lang='lat' dir='ltr'><strong><em>non</em></strong></span> <span class='ocrx_word' id='word_1_118' title='bbox 1424 1251 1529 1321; x_wconf 78' lang='lat' dir='ltr'><strong><em>anglica</em></strong></span> <span class='ocrx_word' id='word_1_119' title='bbox 1546 1267 1588 1321; x_wconf 78' lang='lat' dir='ltr'><strong><em>ap.</em></strong></span> <span class='ocrx_word' id='word_1_120' title='bbox 1607 1251 1682 1304; x_wconf 78' lang='lat' dir='ltr'><strong><em>tt-o.</em></strong></span> <span class='ocrx_word' id='word_1_121' title='bbox 1702 1251 1777 1304; x_wconf 70' lang='lat' dir='ltr'><strong><em>tom.</em></strong></span> <span class='ocrx_word' id='word_1_122' title='bbox 1795 1252 1816 1304; x_wconf 94' lang='lat'><strong><em>1.</em></strong></span> <span class='ocrx_word' id='word_1_123' title='bbox 1835 1267 1863 1321; x_wconf 91' lang='lat' dir='ltr'><strong><em>p.</em></strong></span> <span class='ocrx_word' id='word_1_124' title='bbox 1882 1249 1937 1319; x_wconf 77' lang='lat' dir='ltr'><strong><em>ut.)</em></strong></span> 
     </span>
    </p>

    <p class='ocr_par' dir='ltr' id='par_1_5' title="bbox 163 1316 1140 1404">
     <span class='ocr_line' id='line_1_11' title="bbox 163 1316 1140 1404; baseline 0.007 -24"><span class='ocrx_word' id='word_1_125' title='bbox 163 1316 325 1394; x_wconf 89' lang='lat' dir='ltr'><strong><em>diffidam,</em></strong></span> <span class='ocrx_word' id='word_1_126' title='bbox 345 1319 393 1383; x_wconf 90' lang='lat' dir='ltr'><strong><em>tui</em></strong></span> <span class='ocrx_word' id='word_1_127' title='bbox 417 1319 578 1384; x_wconf 82' lang='lat' dir='ltr'>similibus</span> <span class='ocrx_word' id='word_1_128' title='bbox 604 1320 700 1384; x_wconf 91' lang='lat' dir='ltr'><strong><em>aliter</em></strong></span> <span class='ocrx_word' id='word_1_129' title='bbox 717 1321 831 1386; x_wconf 86' lang='lat' dir='ltr'><strong><em>cedere</em></strong></span> <span class='ocrx_word' id='word_1_130' title='bbox 849 1343 914 1386; x_wconf 95' lang='lat' dir='ltr'><strong><em>non</em></strong></span> <span class='ocrx_word' id='word_1_131' title='bbox 932 1341 1027 1404; x_wconf 88' lang='lat' dir='ltr'><strong><em>possa</em></strong></span> <span class='ocrx_word' id='word_1_132' title='bbox 1042 1342 1140 1404; x_wconf 91' lang='lat' dir='ltr'><strong><em>quam</em></strong></span> 
     </span>
    </p>

    <p class='ocr_par' dir='ltr' id='par_1_6' title="bbox 161 1403 2164 1590">
     <span class='ocr_line' id='line_1_12' title="bbox 161 1403 2164 1518; baseline 0.002 -16"><span class='ocrx_word' id='word_1_133' title='bbox 161 1403 227 1468; x_wconf 61' lang='lat' dir='ltr'><strong><em>‘ibi</em></strong></span> <span class='ocrx_word' id='word_1_134' title='bbox 249 1405 545 1518; x_wconf 62' lang='lat' dir='ltr'><strong><em>⁰9⁸⁸⁰fi‘’.¹¹⁶mp⁰</em></strong></span> <span class='ocrx_word' id='word_1_135' title='bbox 571 1405 773 1506; x_wconf 62' lang='lat' dir='ltr'><strong><em>s⁰¹i⁰i⁸⁸i¹l¹⁰c</em></strong></span> <span class='ocrx_word' id='word_1_136' title='bbox 800 1427 861 1490; x_wconf 62' lang='lat'><strong><em>‘³3⁰</em></strong></span> <span class='ocrx_word' id='word_1_137' title='bbox 886 1415 997 1471; x_wconf 53' lang='lat' dir='ltr'><strong><em>”men</em></strong></span> <span class='ocrx_word' id='word_1_138' title='bbox 1019 1408 1141 1507; x_wconf 54' lang='lat' dir='ltr'><strong><em>mum</em></strong></span> <span class='ocrx_word' id='word_1_139' title='bbox 1191 1439 1308 1506; x_wconf 86' lang='lat' dir='ltr'><strong><em>Vireto</em></strong></span> <span class='ocrx_word' id='word_1_140' title='bbox 1331 1439 1425 1505; x_wconf 88' lang='lat' dir='ltr'><strong><em>fratri</em></strong></span> <span class='ocrx_word' id='word_1_141' title='bbox 1446 1439 1530 1504; x_wconf 94' lang='lat' dir='ltr'><strong><em>mihi</em></strong></span> <span class='ocrx_word' id='word_1_142' title='bbox 1550 1441 1718 1506; x_wconf 90' lang='lat' dir='ltr'><strong><em>carissimo</em></strong></span> <span class='ocrx_word' id='word_1_143' title='bbox 1739 1441 1986 1506; x_wconf 86' lang='lat' dir='ltr'><strong><em>Lausannensis</em></strong></span> <span class='ocrx_word' id='word_1_144' title='bbox 2010 1439 2164 1507; x_wconf 83' lang='lat' dir='ltr'><strong><em>ecelesiae</em></strong></span> 
     </span>
     <span class='ocr_line' id='line_1_13' title="bbox 161 1489 1712 1590; baseline 0.004 -36"><span class='ocrx_word' id='word_1_145' title='bbox 161 1497 308 1570; x_wconf 85' lang='lat' dir='ltr'><strong><em>optanm</em></strong></span> <span class='ocrx_word' id='word_1_146' title='bbox 322 1489 485 1568; x_wconf 62' lang='lat' dir='ltr'><strong><em>(calvinus,</em></strong></span> <span class='ocrx_word' id='word_1_147' title='bbox 503 1491 627 1556; x_wconf 90' lang='lat' dir='ltr'><strong><em>multas</em></strong></span> <span class='ocrx_word' id='word_1_148' title='bbox 639 1489 763 1561; x_wconf 79' lang='lat' dir='ltr'><strong><em>Calvcm</em></strong></span> <span class='ocrx_word' id='word_1_149' title='bbox 782 1491 883 1569; x_wconf 86' lang='lat' dir='ltr'><strong><em>dotes,</em></strong></span> <span class='ocrx_word' id='word_1_150' title='bbox 901 1493 1023 1557; x_wconf 91' lang='lat' dir='ltr'><strong><em>multos</em></strong></span> <span class='ocrx_word' id='word_1_151' title='bbox 1041 1502 1139 1557; x_wconf 82' lang='lat' dir='ltr'><strong><em>ettam</em></strong></span> <span class='ocrx_word' id='word_1_152' title='bbox 1637 1527 1643 1539; x_wconf 93' lang='lat'><strong>·</strong></span> <span class='ocrx_word' id='word_1_153' title='bbox 1672 1528 1678 1540; x_wconf 89' lang='lat'><strong>·</strong></span> <span class='ocrx_word' id='word_1_154' title='bbox 1700 1537 1712 1590; x_wconf 61' lang='lat' dir='ltr'>t</span> 
     </span>
    </p>

    <p class='ocr_par' dir='ltr' id='par_1_7' title="bbox 160 1548 1758 1661">
     <span class='ocr_line' id='line_1_14' title="bbox 160 1548 1758 1661; baseline 0.003 -23"><span class='ocrx_word' id='word_1_155' title='bbox 160 1574 223 1656; x_wconf 91' lang='lat' dir='ltr'><strong><em>qui</em></strong></span> <span class='ocrx_word' id='word_1_156' title='bbox 248 1573 375 1640; x_wconf 82' lang='lat' dir='ltr'><strong><em>Caluini</em></strong></span> <span class='ocrx_word' id='word_1_157' title='bbox 396 1576 576 1642; x_wconf 89' lang='lat' dir='ltr'><strong><em>imitatores</em></strong></span> <span class='ocrx_word' id='word_1_158' title='bbox 598 1585 667 1642; x_wconf 91' lang='lat' dir='ltr'><strong><em>tam</em></strong></span> <span class='ocrx_word' id='word_1_159' title='bbox 689 1578 829 1661; x_wconf 87' lang='lat' dir='ltr'><strong><em>benigne</em></strong></span> <span class='ocrx_word' id='word_1_160' title='bbox 851 1581 1046 1660; x_wconf 77' lang='lat' dir='ltr'><strong><em>exciperent.</em></strong></span> <span class='ocrx_word' id='word_1_161' title='bbox 1080 1579 1140 1644; x_wconf 89' lang='lat' dir='ltr'><strong><em>Ni·</em></strong></span> <span class='ocrx_word' id='word_1_162' title='bbox 1600 1548 1698 1592; x_wconf 56' lang='lat' dir='ltr'><strong><em>mmm</em></strong></span> <span class='ocrx_word' id='word_1_163' title='bbox 1714 1548 1758 1591; x_wconf 58' lang='grc' dir='ltr'><strong><em>ω’</em></strong></span> 
     </span>
    </p>

    <p class='ocr_par' dir='ltr' id='par_1_8' title="bbox 141 1657 2164 4063">
     <span class='ocr_line' id='line_1_15' title="bbox 158 1657 2164 1748; baseline 0.002 -24"><span class='ocrx_word' id='word_1_164' title='bbox 158 1657 211 1724; x_wconf 90' lang='lat' dir='ltr'><strong><em>bil</em></strong></span> <span class='ocrx_word' id='word_1_165' title='bbox 234 1659 296 1724; x_wconf 89' lang='lat' dir='ltr'><strong><em>tibi</em></strong></span> <span class='ocrx_word' id='word_1_166' title='bbox 317 1659 464 1726; x_wconf 86' lang='lat' dir='ltr'><strong><em>invideo:</em></strong></span> <span class='ocrx_word' id='word_1_167' title='bbox 488 1662 550 1726; x_wconf 90' lang='lat' dir='ltr'><strong><em>hoo</em></strong></span> <span class='ocrx_word' id='word_1_168' title='bbox 571 1661 664 1727; x_wconf 88' lang='lat' dir='ltr'><strong><em>doleo</em></strong></span> <span class='ocrx_word' id='word_1_169' title='bbox 686 1673 815 1728; x_wconf 89' lang='lat' dir='ltr'><strong><em>tantum</em></strong></span> <span class='ocrx_word' id='word_1_170' title='bbox 837 1663 924 1745; x_wconf 92' lang='lat' dir='ltr'><strong><em>quod</em></strong></span> <span class='ocrx_word' id='word_1_171' title='bbox 946 1677 1139 1748; x_wconf 87' lang='lat' dir='ltr'><strong><em>praereptus</em></strong></span> <span class='ocrx_word' id='word_1_172' title='bbox 1276 1661 1323 1728; x_wconf 87' lang='lat' dir='ltr'><strong><em>Ut</em></strong></span> <span class='ocrx_word' id='word_1_173' title='bbox 1344 1661 1436 1726; x_wconf 88' lang='lat' dir='ltr'><strong><em>nulla</em></strong></span> <span class='ocrx_word' id='word_1_174' title='bbox 1457 1661 1541 1726; x_wconf 92' lang='lat' dir='ltr'><strong><em>mihi</em></strong></span> <span class='ocrx_word' id='word_1_175' title='bbox 1562 1662 1725 1728; x_wconf 88' lang='lat' dir='ltr'><strong><em>scribendi</em></strong></span> <span class='ocrx_word' id='word_1_176' title='bbox 1742 1663 1880 1727; x_wconf 89' lang='lat' dir='ltr'><strong><em>materia</em></strong></span> <span class='ocrx_word' id='word_1_177' title='bbox 1897 1683 1932 1727; x_wconf 90' lang='lat' dir='ltr'><strong><em>se</em></strong></span> <span class='ocrx_word' id='word_1_178' title='bbox 1952 1662 1988 1726; x_wconf 91' lang='lat' dir='ltr'><strong><em>in</em></strong></span> <span class='ocrx_word' id='word_1_179' title='bbox 2009 1683 2164 1745; x_wconf 90' lang='lat' dir='ltr'><strong><em>praesens</em></strong></span> 
     </span>
     <span class='ocr_line' id='line_1_16' title="bbox 157 1743 2163 1832; baseline 0.001 -22"><span class='ocrx_word' id='word_1_180' title='bbox 157 1743 259 1810; x_wconf 91' lang='lat' dir='ltr'><strong><em>nobis</em></strong></span> <span class='ocrx_word' id='word_1_181' title='bbox 287 1747 348 1824; x_wconf 90' lang='lat' dir='ltr'><strong><em>sis,</em></strong></span> <span class='ocrx_word' id='word_1_182' title='bbox 376 1747 526 1830; x_wconf 89' lang='lat' dir='ltr'><strong><em>quodque</em></strong></span> <span class='ocrx_word' id='word_1_183' title='bbox 552 1749 637 1814; x_wconf 91' lang='lat' dir='ltr'><strong><em>altor</em></strong></span> <span class='ocrx_word' id='word_1_184' title='bbox 662 1749 797 1831; x_wconf 89' lang='lat' dir='ltr'><strong><em>loquens</em></strong></span> <span class='ocrx_word' id='word_1_185' title='bbox 827 1748 991 1829; x_wconf 84' lang='lat' dir='ltr'><strong><em>Caluinus,</em></strong></span> <span class='ocrx_word' id='word_1_186' title='bbox 1020 1771 1139 1832; x_wconf 85' lang='lat' dir='ltr'><strong><em>nempe</em></strong></span> <span class='ocrx_word' id='word_1_187' title='bbox 1190 1747 1307 1814; x_wconf 86' lang='lat' dir='ltr'><strong><em>ollerre</em></strong></span> <span class='ocrx_word' id='word_1_188' title='bbox 1330 1747 1516 1825; x_wconf 86' lang='lat' dir='ltr'><strong><em>videbatur,</em></strong></span> <span class='ocrx_word' id='word_1_189' title='bbox 1545 1750 1592 1812; x_wconf 90' lang='lat' dir='ltr'><strong><em>ita</em></strong></span> <span class='ocrx_word' id='word_1_190' title='bbox 1619 1749 1759 1814; x_wconf 87' lang='lat' dir='ltr'><strong><em>scribere</em></strong></span> <span class='ocrx_word' id='word_1_191' title='bbox 1787 1749 1921 1812; x_wconf 90' lang='lat' dir='ltr'><strong><em>minime</em></strong></span> <span class='ocrx_word' id='word_1_192' title='bbox 1948 1749 2163 1828; x_wconf 87' lang='lat' dir='ltr'><strong><em>institueram,</em></strong></span> 
     </span>
     <span class='ocr_line' id='line_1_17' title="bbox 156 1830 2164 1918; baseline 0.003 -24"><span class='ocrx_word' id='word_1_193' title='bbox 156 1830 334 1896; x_wconf 80' lang='lat' dir='ltr'><strong><em>Institutio</em></strong></span> <span class='ocrx_word' id='word_1_194' title='bbox 351 1832 539 1910; x_wconf 87' lang='lat' dir='ltr'><strong><em>christiana,</em></strong></span> <span class='ocrx_word' id='word_1_195' title='bbox 562 1834 603 1898; x_wconf 90' lang='lat' dir='ltr'><strong><em>ad</em></strong></span> <span class='ocrx_word' id='word_1_196' title='bbox 627 1855 686 1898; x_wconf 92' lang='lat' dir='ltr'><strong><em>nos</em></strong></span> <span class='ocrx_word' id='word_1_197' title='bbox 703 1856 770 1899; x_wconf 94' lang='lat' dir='ltr'><strong><em>non</em></strong></span> <span class='ocrx_word' id='word_1_198' title='bbox 788 1835 966 1917; x_wconf 87' lang='lat' dir='ltr'><strong><em>perveniat.</em></strong></span> <span class='ocrx_word' id='word_1_199' title='bbox 999 1835 1138 1901; x_wconf 85' lang='lat' dir='ltr'><strong><em>Invideo</em></strong></span> <span class='ocrx_word' id='word_1_200' title='bbox 1190 1834 1256 1898; x_wconf 90' lang='lat' dir='ltr'><strong><em>nisi</em></strong></span> <span class='ocrx_word' id='word_1_201' title='bbox 1278 1833 1405 1900; x_wconf 83' lang='lat' dir='ltr'><strong><em>Farella</em></strong></span> <span class='ocrx_word' id='word_1_202' title='bbox 1434 1853 1527 1898; x_wconf 87' lang='lat' dir='ltr'><strong><em>secus</em></strong></span> <span class='ocrx_word' id='word_1_203' title='bbox 1553 1834 1660 1899; x_wconf 88' lang='lat' dir='ltr'><strong><em>visum</em></strong></span> <span class='ocrx_word' id='word_1_204' title='bbox 1697 1841 1793 1900; x_wconf 81' lang='lat' dir='ltr'><strong><em>esset</em></strong></span> <span class='ocrx_word' id='word_1_205' title='bbox 1846 1834 1937 1918; x_wconf 86' lang='lat' dir='ltr'><strong><em>Ergo</em></strong></span> <span class='ocrx_word' id='word_1_206' title='bbox 1957 1835 2028 1899; x_wconf 90' lang='lat' dir='ltr'><strong><em>eius</em></strong></span> <span class='ocrx_word' id='word_1_207' title='bbox 2052 1844 2164 1917; x_wconf 86' lang='lat' dir='ltr'><strong><em>postu·</em></strong></span> 
     </span>
     <span class='ocr_line' id='line_1_18' title="bbox 155 1915 2163 2004; baseline 0.002 -20"><span class='ocrx_word' id='word_1_208' title='bbox 155 1915 363 1984; x_wconf 83' lang='lat' dir='ltr'><strong><em>Germaniae</em></strong></span> <span class='ocrx_word' id='word_1_209' title='bbox 385 1920 474 2000; x_wconf 90' lang='lat' dir='ltr'><strong><em>quia,</em></strong></span> <span class='ocrx_word' id='word_1_210' title='bbox 503 1920 588 2002; x_wconf 91' lang='lat' dir='ltr'><strong><em>quod</em></strong></span> <span class='ocrx_word' id='word_1_211' title='bbox 611 1920 682 1997; x_wconf 91' lang='lat' dir='ltr'><strong><em>illa,</em></strong></span> <span class='ocrx_word' id='word_1_212' title='bbox 712 1920 845 2003; x_wconf 80' lang='lat' dir='ltr'><strong><em>adsequi</em></strong></span> <span class='ocrx_word' id='word_1_213' title='bbox 867 1942 934 1984; x_wconf 93' lang='lat' dir='ltr'><strong><em>non</em></strong></span> <span class='ocrx_word' id='word_1_214' title='bbox 956 1943 1136 2004; x_wconf 89' lang='lat' dir='ltr'><strong><em>possumus.</em></strong></span> <span class='ocrx_word' id='word_1_215' title='bbox 1190 1919 1303 1984; x_wconf 88' lang='lat' dir='ltr'><strong><em>lationi</em></strong></span> <span class='ocrx_word' id='word_1_216' title='bbox 1326 1929 1365 1983; x_wconf 89' lang='lat' dir='ltr'><strong><em>ut</em></strong></span> <span class='ocrx_word' id='word_1_217' title='bbox 1386 1919 1605 1984; x_wconf 86' lang='lat' dir='ltr'><strong><em>satisfacerem</em></strong></span> <span class='ocrx_word' id='word_1_218' title='bbox 1634 1921 1742 2003; x_wconf 92' lang='lat' dir='ltr'><strong><em>potius</em></strong></span> <span class='ocrx_word' id='word_1_219' title='bbox 1772 1941 1870 2002; x_wconf 90' lang='lat' dir='ltr'><strong><em>quam</em></strong></span> <span class='ocrx_word' id='word_1_220' title='bbox 1897 1919 1985 2003; x_wconf 93' lang='lat' dir='ltr'><strong><em>quod</em></strong></span> <span class='ocrx_word' id='word_1_221' title='bbox 2014 1941 2163 1988; x_wconf 86' lang='lat' dir='ltr'><strong><em>necessa·</em></strong></span> 
     </span>
     <span class='ocr_line' id='line_1_19' title="bbox 153 2002 2164 2088; baseline 0.002 -22"><span class='ocrx_word' id='word_1_222' title='bbox 153 2002 264 2068; x_wconf 86' lang='lat' dir='ltr'><strong><em>Forte</em></strong></span> <span class='ocrx_word' id='word_1_223' title='bbox 286 2003 348 2070; x_wconf 91' lang='lat' dir='ltr'><strong><em>hoe</em></strong></span> <span class='ocrx_word' id='word_1_224' title='bbox 369 2025 429 2070; x_wconf 90' lang='lat' dir='ltr'><strong><em>nos</em></strong></span> <span class='ocrx_word' id='word_1_225' title='bbox 451 2003 505 2070; x_wconf 91' lang='lat' dir='ltr'><strong><em>hie</em></strong></span> <span class='ocrx_word' id='word_1_226' title='bbox 527 2005 651 2070; x_wconf 88' lang='lat' dir='ltr'><strong><em>solatur</em></strong></span> <span class='ocrx_word' id='word_1_227' title='bbox 669 2006 754 2088; x_wconf 89' lang='lat' dir='ltr'><strong><em>qnod</em></strong></span> <span class='ocrx_word' id='word_1_228' title='bbox 777 2004 942 2070; x_wconf 87' lang='lat' dir='ltr'><strong><em>academia</em></strong></span> <span class='ocrx_word' id='word_1_229' title='bbox 964 2015 1076 2072; x_wconf 89' lang='lat' dir='ltr'><strong><em>nostra</em></strong></span> <span class='ocrx_word' id='word_1_230' title='bbox 1097 2007 1137 2072; x_wconf 91' lang='lat' dir='ltr'><strong><em>li·</em></strong></span> <span class='ocrx_word' id='word_1_231' title='bbox 1190 2007 1277 2069; x_wconf 91' lang='lat' dir='ltr'><strong><em>rium</em></strong></span> <span class='ocrx_word' id='word_1_232' title='bbox 1295 2003 1533 2070; x_wconf 90' lang='lat' dir='ltr'><strong><em>esseduoerem</em></strong></span> <span class='ocrx_word' id='word_1_233' title='bbox 1551 2025 1692 2088; x_wconf 89' lang='lat' dir='ltr'><strong><em>pennam</em></strong></span> <span class='ocrx_word' id='word_1_234' title='bbox 1712 2006 1748 2069; x_wconf 92' lang='lat' dir='ltr'><strong><em>in</em></strong></span> <span class='ocrx_word' id='word_1_235' title='bbox 1766 2025 1901 2069; x_wconf 88' lang='lat' dir='ltr'><strong><em>manum</em></strong></span> <span class='ocrx_word' id='word_1_236' title='bbox 1920 2007 2053 2088; x_wconf 91' lang='lat' dir='ltr'><strong><em>sumpsi.</em></strong></span> <span class='ocrx_word' id='word_1_237' title='bbox 2086 2005 2164 2071; x_wconf 90' lang='lat' dir='ltr'><strong><em>Non</em></strong></span> 
     </span>
     <span class='ocr_line' id='line_1_20' title="bbox 154 2087 2163 2175; baseline 0.001 -21"><span class='ocrx_word' id='word_1_238' title='bbox 154 2087 240 2154; x_wconf 86' lang='lat' dir='ltr'><strong><em>bera</em></strong></span> <span class='ocrx_word' id='word_1_239' title='bbox 263 2089 322 2166; x_wconf 90' lang='lat' dir='ltr'><strong><em>sit,</em></strong></span> <span class='ocrx_word' id='word_1_240' title='bbox 353 2089 450 2172; x_wconf 87' lang='lat' dir='ltr'><strong><em>plena</em></strong></span> <span class='ocrx_word' id='word_1_241' title='bbox 471 2092 551 2156; x_wconf 87' lang='lat' dir='ltr'><strong><em>viris</em></strong></span> <span class='ocrx_word' id='word_1_242' title='bbox 574 2092 636 2174; x_wconf 92' lang='lat' dir='ltr'><strong><em>piis</em></strong></span> <span class='ocrx_word' id='word_1_243' title='bbox 657 2091 838 2175; x_wconf 89' lang='lat' dir='ltr'><strong><em>iisdemque</em></strong></span> <span class='ocrx_word' id='word_1_244' title='bbox 860 2091 963 2158; x_wconf 90' lang='lat' dir='ltr'><strong><em>doctis</em></strong></span> <span class='ocrx_word' id='word_1_245' title='bbox 971 2115 979 2172; x_wconf 89' lang='lat'>;</span> <span class='ocrx_word' id='word_1_246' title='bbox 1005 2093 1062 2158; x_wconf 88' lang='lat' dir='ltr'><strong><em>scd</em></strong></span> <span class='ocrx_word' id='word_1_247' title='bbox 1084 2093 1136 2156; x_wconf 92' lang='lat' dir='ltr'><strong><em>in·</em></strong></span> <span class='ocrx_word' id='word_1_248' title='bbox 1189 2092 1277 2154; x_wconf 88' lang='lat' dir='ltr'><strong><em>enim</em></strong></span> <span class='ocrx_word' id='word_1_249' title='bbox 1307 2088 1419 2155; x_wconf 90' lang='lat' dir='ltr'><strong><em>dubito</em></strong></span> <span class='ocrx_word' id='word_1_250' title='bbox 1448 2093 1529 2172; x_wconf 91' lang='lat' dir='ltr'><strong><em>quin</em></strong></span> <span class='ocrx_word' id='word_1_251' title='bbox 1555 2093 1665 2155; x_wconf 88' lang='lat' dir='ltr'><strong><em>omnia</em></strong></span> <span class='ocrx_word' id='word_1_252' title='bbox 1692 2090 1796 2155; x_wconf 90' lang='lat' dir='ltr'><strong><em>literis</em></strong></span> <span class='ocrx_word' id='word_1_253' title='bbox 1828 2091 1898 2156; x_wconf 92' lang='lat' dir='ltr'><strong><em>suis</em></strong></span> <span class='ocrx_word' id='word_1_254' title='bbox 1928 2091 2163 2172; x_wconf 87' lang='lat' dir='ltr'><strong><em>complectatur</em></strong></span> 
     </span>
     <span class='ocr_line' id='line_1_21' title="bbox 153 2175 2163 2261; baseline 0.001 -23"><span class='ocrx_word' id='word_1_255' title='bbox 153 2175 260 2238; x_wconf 89' lang='lat' dir='ltr'><strong><em>terim</em></strong></span> <span class='ocrx_word' id='word_1_256' title='bbox 282 2176 466 2240; x_wconf 87' lang='lat' dir='ltr'><strong><em>renascitur</em></strong></span> <span class='ocrx_word' id='word_1_257' title='bbox 487 2175 606 2240; x_wconf 91' lang='lat' dir='ltr'><strong><em>alieubi</em></strong></span> <span class='ocrx_word' id='word_1_258' title='bbox 628 2177 746 2261; x_wconf 87' lang='lat' dir='ltr'><strong><em>hydra,</em></strong></span> <span class='ocrx_word' id='word_1_259' title='bbox 769 2177 876 2261; x_wconf 87' lang='lat' dir='ltr'><strong><em>surgit</em></strong></span> <span class='ocrx_word' id='word_1_260' title='bbox 897 2187 991 2243; x_wconf 91' lang='lat' dir='ltr'><strong><em>noete</em></strong></span> <span class='ocrx_word' id='word_1_261' title='bbox 1012 2179 1067 2261; x_wconf 93' lang='lat' dir='ltr'><strong><em>qni</em></strong></span> <span class='ocrx_word' id='word_1_262' title='bbox 1091 2179 1136 2242; x_wconf 86' lang='lat' dir='ltr'><strong><em>ui·</em></strong></span> <span class='ocrx_word' id='word_1_263' title='bbox 1189 2197 1272 2259; x_wconf 90' lang='lat' dir='ltr'><strong><em>quaa</em></strong></span> <span class='ocrx_word' id='word_1_264' title='bbox 1293 2175 1407 2242; x_wconf 88' lang='lat' dir='ltr'><strong><em>venire</em></strong></span> <span class='ocrx_word' id='word_1_265' title='bbox 1429 2175 1511 2240; x_wconf 93' lang='lat' dir='ltr'><strong><em>mibi</em></strong></span> <span class='ocrx_word' id='word_1_266' title='bbox 1532 2177 1568 2240; x_wconf 91' lang='lat' dir='ltr'><strong><em>in</em></strong></span> <span class='ocrx_word' id='word_1_267' title='bbox 1590 2184 1734 2241; x_wconf 89' lang='lat' dir='ltr'><strong><em>mentem</em></strong></span> <span class='ocrx_word' id='word_1_268' title='bbox 1765 2185 1925 2259; x_wconf 91' lang='lat' dir='ltr'><strong><em>poterunt.</em></strong></span> <span class='ocrx_word' id='word_1_269' title='bbox 1971 2179 2083 2257; x_wconf 76' lang='lat' dir='ltr'><strong><em>Quum</em></strong></span> <span class='ocrx_word' id='word_1_270' title='bbox 2102 2198 2163 2242; x_wconf 92' lang='lat' dir='ltr'><strong><em>no·</em></strong></span> 
     </span>
     <span class='ocr_line' id='line_1_22' title="bbox 151 2261 2164 2350; baseline 0.002 -27"><span class='ocrx_word' id='word_1_271' title='bbox 151 2261 256 2324; x_wconf 80' lang='lat' dir='ltr'><strong><em>nanis</em></strong></span> <span class='ocrx_word' id='word_1_272' title='bbox 285 2271 551 2346; x_wconf 76' lang='lat' dir='ltr'><strong><em>superaspergat,</em></strong></span> <span class='ocrx_word' id='word_1_273' title='bbox 588 2283 774 2346; x_wconf 88' lang='lat' dir='ltr'><strong><em>quanquam</em></strong></span> <span class='ocrx_word' id='word_1_274' title='bbox 807 2283 866 2346; x_wconf 90' lang='lat' dir='ltr'><strong><em>pro</em></strong></span> <span class='ocrx_word' id='word_1_275' title='bbox 895 2261 979 2328; x_wconf 92' lang='lat' dir='ltr'><strong><em>dono</em></strong></span> <span class='ocrx_word' id='word_1_276' title='bbox 1011 2265 1136 2350; x_wconf 87' lang='lat' dir='ltr'><strong><em>gratiae</em></strong></span> <span class='ocrx_word' id='word_1_277' title='bbox 1188 2263 1239 2326; x_wconf 93' lang='lat' dir='ltr'><strong><em>bis</em></strong></span> <span class='ocrx_word' id='word_1_278' title='bbox 1256 2261 1360 2327; x_wconf 93' lang='lat' dir='ltr'><strong><em>bonus</em></strong></span> <span class='ocrx_word' id='word_1_279' title='bbox 1377 2261 1508 2344; x_wconf 89' lang='lat' dir='ltr'><strong><em>quidam</em></strong></span> <span class='ocrx_word' id='word_1_280' title='bbox 1527 2263 1581 2327; x_wconf 83' lang='lat' dir='ltr'><strong><em>vir</em></strong></span> <span class='ocrx_word' id='word_1_281' title='bbox 1600 2263 1775 2338; x_wconf 81' lang='lat' dir='ltr'><strong><em>recitasset,</em></strong></span> <span class='ocrx_word' id='word_1_282' title='bbox 1798 2262 1956 2344; x_wconf 89' lang='lat' dir='ltr'><strong><em>seriptum</em></strong></span> <span class='ocrx_word' id='word_1_283' title='bbox 1979 2263 2039 2326; x_wconf 91' lang='lat' dir='ltr'><strong><em>sibi</em></strong></span> <span class='ocrx_word' id='word_1_284' title='bbox 2058 2283 2164 2345; x_wconf 89' lang='lat' dir='ltr'><strong><em>nuper</em></strong></span> 
     </span>
     <span class='ocr_line' id='line_1_23' title="bbox 152 2344 2163 2432; baseline 0.001 -21"><span class='ocrx_word' id='word_1_285' title='bbox 152 2344 288 2412; x_wconf 80' lang='lat' dir='ltr'><strong><em>Christi</em></strong></span> <span class='ocrx_word' id='word_1_286' title='bbox 308 2347 440 2431; x_wconf 83' lang='lat' dir='ltr'><strong><em>accingo</em></strong></span> <span class='ocrx_word' id='word_1_287' title='bbox 462 2369 514 2412; x_wconf 88' lang='lat' dir='ltr'><strong><em>ma</em></strong></span> <span class='ocrx_word' id='word_1_288' title='bbox 532 2348 573 2413; x_wconf 90' lang='lat' dir='ltr'><strong><em>ad</em></strong></span> <span class='ocrx_word' id='word_1_289' title='bbox 594 2369 716 2412; x_wconf 73' lang='lat' dir='ltr'><strong><em>marnas</em></strong></span> <span class='ocrx_word' id='word_1_290' title='bbox 733 2349 911 2416; x_wconf 89' lang='lat' dir='ltr'><strong><em>vocationis</em></strong></span> <span class='ocrx_word' id='word_1_291' title='bbox 929 2371 1030 2429; x_wconf 89' lang='lat' dir='ltr'><strong><em>meae,</em></strong></span> <span class='ocrx_word' id='word_1_292' title='bbox 1053 2371 1136 2432; x_wconf 89' lang='lat' dir='ltr'><strong><em>quas</em></strong></span> <span class='ocrx_word' id='word_1_293' title='bbox 1188 2347 1302 2426; x_wconf 91' lang='lat' dir='ltr'><strong><em>fuisso,</em></strong></span> <span class='ocrx_word' id='word_1_294' title='bbox 1332 2348 1466 2411; x_wconf 90' lang='lat' dir='ltr'><strong><em>fratrem</em></strong></span> <span class='ocrx_word' id='word_1_295' title='bbox 1493 2348 1622 2428; x_wconf 90' lang='lat' dir='ltr'><strong><em>illum¹)</em></strong></span> <span class='ocrx_word' id='word_1_296' title='bbox 1651 2349 1706 2430; x_wconf 93' lang='lat' dir='ltr'><strong><em>qui</em></strong></span> <span class='ocrx_word' id='word_1_297' title='bbox 1729 2348 1936 2412; x_wconf 88' lang='lat' dir='ltr'><strong><em>Vesuntiono</em></strong></span> <span class='ocrx_word' id='word_1_298' title='bbox 1964 2349 1997 2412; x_wconf 93' lang='lat' dir='ltr'><strong><em>in</em></strong></span> <span class='ocrx_word' id='word_1_299' title='bbox 2020 2349 2163 2414; x_wconf 89' lang='lat' dir='ltr'><strong><em>vinculis</em></strong></span> 
     </span>
     <span class='ocr_line' id='line_1_24' title="bbox 150 2431 2162 2518; baseline 0.001 -21"><span class='ocrx_word' id='word_1_300' title='bbox 150 2433 282 2515; x_wconf 90' lang='lat' dir='ltr'><strong><em>partim</em></strong></span> <span class='ocrx_word' id='word_1_301' title='bbox 308 2433 349 2498; x_wconf 94' lang='lat' dir='ltr'><strong><em>ob</em></strong></span> <span class='ocrx_word' id='word_1_302' title='bbox 376 2454 497 2498; x_wconf 83' lang='lat' dir='ltr'><strong><em>novam</em></strong></span> <span class='ocrx_word' id='word_1_303' title='bbox 526 2433 721 2518; x_wconf 88' lang='lat' dir='ltr'><strong><em>dignitatem</em></strong></span> <span class='ocrx_word' id='word_1_304' title='bbox 749 2443 783 2499; x_wconf 90' lang='lat' dir='ltr'><strong><em>at</em></strong></span> <span class='ocrx_word' id='word_1_305' title='bbox 809 2444 964 2514; x_wconf 88' lang='lat' dir='ltr'><strong><em>aetatem,</em></strong></span> <span class='ocrx_word' id='word_1_306' title='bbox 993 2435 1075 2500; x_wconf 88' lang='lat' dir='ltr'><strong><em>adde</em></strong></span> <span class='ocrx_word' id='word_1_307' title='bbox 1103 2445 1136 2501; x_wconf 92' lang='lat' dir='ltr'><strong><em>et</em></strong></span> <span class='ocrx_word' id='word_1_308' title='bbox 1188 2433 1398 2498; x_wconf 85' lang='lat' dir='ltr'><strong><em>detinebatur</em></strong></span> <span class='ocrx_word' id='word_1_309' title='bbox 1414 2431 1828 2516; x_wconf 84' lang='lat' dir='ltr'><strong><em>magnopopnliconscnsu</em></strong></span> <span class='ocrx_word' id='word_1_310' title='bbox 1848 2433 2048 2497; x_wconf 90' lang='lat' dir='ltr'><strong><em>emissumet</em></strong></span> <span class='ocrx_word' id='word_1_311' title='bbox 2065 2433 2162 2516; x_wconf 90' lang='lat' dir='ltr'><strong><em>plane</em></strong></span> 
     </span>
     <span class='ocr_line' id='line_1_25' title="bbox 151 2517 2162 2607; baseline 0.001 -25"><span class='ocrx_word' id='word_1_312' title='bbox 151 2517 330 2584; x_wconf 87' lang='lat' dir='ltr'><strong><em>doetrinae</em></strong></span> <span class='ocrx_word' id='word_1_313' title='bbox 369 2518 533 2598; x_wconf 87' lang='lat' dir='ltr'><strong><em>studium,</em></strong></span> <span class='ocrx_word' id='word_1_314' title='bbox 572 2520 693 2586; x_wconf 88' lang='lat' dir='ltr'><strong><em>multos</em></strong></span> <span class='ocrx_word' id='word_1_315' title='bbox 730 2520 812 2584; x_wconf 92' lang='lat' dir='ltr'><strong><em>mihi</em></strong></span> <span class='ocrx_word' id='word_1_316' title='bbox 849 2521 1005 2603; x_wconf 80' lang='lat' dir='ltr'><strong><em>produxit</em></strong></span> <span class='ocrx_word' id='word_1_317' title='bbox 1043 2543 1135 2607; x_wconf 87' lang='lat' dir='ltr'><strong><em>syeo·</em></strong></span> <span class='ocrx_word' id='word_1_318' title='bbox 1188 2519 1393 2596; x_wconf 91' lang='lat' dir='ltr'><strong><em>absolutum,</em></strong></span> <span class='ocrx_word' id='word_1_319' title='bbox 1423 2539 1526 2602; x_wconf 92' lang='lat' dir='ltr'><strong><em>quum</em></strong></span> <span class='ocrx_word' id='word_1_320' title='bbox 1553 2520 1619 2582; x_wconf 91' lang='lat' dir='ltr'><strong><em>iam</em></strong></span> <span class='ocrx_word' id='word_1_321' title='bbox 1648 2529 1724 2584; x_wconf 90' lang='lat' dir='ltr'><strong><em>ante</em></strong></span> <span class='ocrx_word' id='word_1_322' title='bbox 1751 2521 1787 2582; x_wconf 89' lang='lat' dir='ltr'><strong><em>in</em></strong></span> <span class='ocrx_word' id='word_1_323' title='bbox 1813 2539 1978 2584; x_wconf 88' lang='lat' dir='ltr'><strong><em>carcerom</em></strong></span> <span class='ocrx_word' id='word_1_324' title='bbox 2007 2518 2162 2585; x_wconf 87' lang='lat' dir='ltr'><strong><em>detrusus</em></strong></span> 
     </span>
     <span class='ocr_line' id='line_1_26' title="bbox 149 2603 2162 2689; baseline 0.001 -21"><span class='ocrx_word' id='word_1_325' title='bbox 149 2603 314 2686; x_wconf 86' lang='lat' dir='ltr'><strong><em>phantas,</em></strong></span> <span class='ocrx_word' id='word_1_326' title='bbox 336 2603 480 2668; x_wconf 88' lang='lat' dir='ltr'><strong><em>larvatos</em></strong></span> <span class='ocrx_word' id='word_1_327' title='bbox 502 2605 712 2682; x_wconf 68' lang='lat' dir='ltr'><strong><em>coaudientes,</em></strong></span> <span class='ocrx_word' id='word_1_328' title='bbox 736 2605 1016 2689; x_wconf 86' lang='lat' dir='ltr'><strong><em>desperatissimus</em></strong></span> <span class='ocrx_word' id='word_1_329' title='bbox 1039 2609 1136 2674; x_wconf 91' lang='lat' dir='ltr'><strong><em>sortis</em></strong></span> <span class='ocrx_word' id='word_1_330' title='bbox 1187 2607 1272 2669; x_wconf 89' lang='lat' dir='ltr'><strong><em>foret</em></strong></span> <span class='ocrx_word' id='word_1_331' title='bbox 1292 2605 1459 2669; x_wconf 74' lang='lat' dir='ltr'><strong><em>furnestnm</em></strong></span> <span class='ocrx_word' id='word_1_332' title='bbox 1488 2611 1523 2669; x_wconf 91' lang='lat' dir='ltr'><strong><em>et</em></strong></span> <span class='ocrx_word' id='word_1_333' title='bbox 1549 2603 1735 2687; x_wconf 89' lang='lat' dir='ltr'><strong><em>capitalem,</em></strong></span> <span class='ocrx_word' id='word_1_334' title='bbox 1766 2625 1869 2686; x_wconf 90' lang='lat' dir='ltr'><strong><em>equo</em></strong></span> <span class='ocrx_word' id='word_1_335' title='bbox 1897 2625 1994 2668; x_wconf 92' lang='lat' dir='ltr'><strong><em>nemo</em></strong></span> <span class='ocrx_word' id='word_1_336' title='bbox 2016 2625 2162 2686; x_wconf 91' lang='lat' dir='ltr'><strong><em>unquam</em></strong></span> 
     </span>
     <span class='ocr_line' id='line_1_27' title="bbox 148 2687 2161 2772; baseline 0.001 -18"><span class='ocrx_word' id='word_1_337' title='bbox 148 2697 317 2754; x_wconf 81' lang='lat' dir='ltr'><strong><em>monstra</em></strong></span> <span class='ocrx_word' id='word_1_338' title='bbox 362 2687 489 2770; x_wconf 77' lang='lat' dir='ltr'><strong><em>Quibus</em></strong></span> <span class='ocrx_word' id='word_1_339' title='bbox 511 2699 622 2756; x_wconf 88' lang='lat' dir='ltr'><strong><em>tamen</em></strong></span> <span class='ocrx_word' id='word_1_340' title='bbox 644 2699 774 2756; x_wconf 88' lang='lat' dir='ltr'><strong><em>tantum</em></strong></span> <span class='ocrx_word' id='word_1_341' title='bbox 804 2693 897 2758; x_wconf 88' lang='lat' dir='ltr'><strong><em>abest</em></strong></span> <span class='ocrx_word' id='word_1_342' title='bbox 922 2699 961 2758; x_wconf 88' lang='lat' dir='ltr'><strong><em>nt</em></strong></span> <span class='ocrx_word' id='word_1_343' title='bbox 981 2694 1043 2758; x_wconf 92' lang='lat' dir='ltr'><strong><em>sim</em></strong></span> <span class='ocrx_word' id='word_1_344' title='bbox 1066 2714 1135 2760; x_wconf 90' lang='lat' dir='ltr'><strong><em>ces·</em></strong></span> <span class='ocrx_word' id='word_1_345' title='bbox 1187 2691 1253 2755; x_wconf 93' lang='lat' dir='ltr'><strong><em>nisi</em></strong></span> <span class='ocrx_word' id='word_1_346' title='bbox 1275 2688 1317 2754; x_wconf 87' lang='lat' dir='ltr'><strong><em>ad</em></strong></span> <span class='ocrx_word' id='word_1_347' title='bbox 1338 2689 1533 2772; x_wconf 91' lang='lat' dir='ltr'><strong><em>supplicium</em></strong></span> <span class='ocrx_word' id='word_1_348' title='bbox 1561 2699 1727 2756; x_wconf 84' lang='lat' dir='ltr'><strong><em>extractus</em></strong></span> <span class='ocrx_word' id='word_1_349' title='bbox 1748 2690 1819 2767; x_wconf 87' lang='lat' dir='ltr'><strong><em>fuit,</em></strong></span> <span class='ocrx_word' id='word_1_350' title='bbox 1848 2699 2016 2772; x_wconf 87' lang='lat' dir='ltr'><strong><em>praetcrea</em></strong></span> <span class='ocrx_word' id='word_1_351' title='bbox 2037 2691 2161 2772; x_wconf 90' lang='lat' dir='ltr'><strong><em>episeo-</em></strong></span> 
     </span>
     <span class='ocr_line' id='line_1_28' title="bbox 148 2775 2162 2862; baseline 0.001 -22"><span class='ocrx_word' id='word_1_352' title='bbox 148 2796 267 2852; x_wconf 87' lang='lat' dir='ltr'><strong><em>snrus‚</em></strong></span> <span class='ocrx_word' id='word_1_353' title='bbox 290 2783 331 2840; x_wconf 90' lang='lat' dir='ltr'><strong><em>ut</em></strong></span> <span class='ocrx_word' id='word_1_354' title='bbox 347 2776 446 2840; x_wconf 90' lang='lat' dir='ltr'><strong><em>etiam</em></strong></span> <span class='ocrx_word' id='word_1_355' title='bbox 469 2777 728 2859; x_wconf 83' lang='lat' dir='ltr'><strong><em>compunctionis</em></strong></span> <span class='ocrx_word' id='word_1_356' title='bbox 750 2779 878 2860; x_wconf 91' lang='lat' dir='ltr'><strong><em>spiritui</em></strong></span> <span class='ocrx_word' id='word_1_357' title='bbox 900 2779 1004 2844; x_wconf 89' lang='lat' dir='ltr'><strong><em>vitam</em></strong></span> <span class='ocrx_word' id='word_1_358' title='bbox 1028 2779 1135 2862; x_wconf 89' lang='lat' dir='ltr'><strong><em>ipsam</em></strong></span> <span class='ocrx_word' id='word_1_359' title='bbox 1187 2797 1266 2859; x_wconf 93' lang='lat' dir='ltr'><strong><em>pum</em></strong></span> <span class='ocrx_word' id='word_1_360' title='bbox 1287 2775 1430 2842; x_wconf 87' lang='lat' dir='ltr'><strong><em>collectis</em></strong></span> <span class='ocrx_word' id='word_1_361' title='bbox 1452 2777 1538 2841; x_wconf 91' lang='lat' dir='ltr'><strong><em>vasis</em></strong></span> <span class='ocrx_word' id='word_1_362' title='bbox 1560 2775 1845 2860; x_wconf 90' lang='lat' dir='ltr'><strong><em>indignabundum</em></strong></span> <span class='ocrx_word' id='word_1_363' title='bbox 1868 2775 1995 2840; x_wconf 86' lang='lat' dir='ltr'><strong><em>sesain</em></strong></span> <span class='ocrx_word' id='word_1_364' title='bbox 2017 2776 2162 2842; x_wconf 86' lang='lat' dir='ltr'><strong><em>vicinam</em></strong></span> 
     </span>
     <span class='ocr_line' id='line_1_29' title="bbox 147 2859 2162 2944; baseline 0 -18"><span class='ocrx_word' id='word_1_365' title='bbox 147 2881 331 2944; x_wconf 85' lang='lat' dir='ltr'><strong><em>opponam,</em></strong></span> <span class='ocrx_word' id='word_1_366' title='bbox 353 2861 483 2944; x_wconf 87' lang='lat' dir='ltr'><strong><em>quando</em></strong></span> <span class='ocrx_word' id='word_1_367' title='bbox 503 2863 673 2944; x_wconf 89' lang='lat' dir='ltr'><strong><em>permittet</em></strong></span> <span class='ocrx_word' id='word_1_368' title='bbox 694 2863 865 2929; x_wconf 87' lang='lat' dir='ltr'><strong><em>Dominus.</em></strong></span> <span class='ocrx_word' id='word_1_369' title='bbox 911 2863 1053 2930; x_wconf 88' lang='lat' dir='ltr'><strong><em>Oramus</em></strong></span> <span class='ocrx_word' id='word_1_370' title='bbox 1075 2887 1135 2931; x_wconf 92' lang='lat' dir='ltr'><strong><em>nos</em></strong></span> <span class='ocrx_word' id='word_1_371' title='bbox 1187 2882 1295 2928; x_wconf 89' lang='lat' dir='ltr'><strong><em>arcam</em></strong></span> <span class='ocrx_word' id='word_1_372' title='bbox 1326 2861 1499 2944; x_wconf 89' lang='lat' dir='ltr'><strong><em>recepisse:</em></strong></span> <span class='ocrx_word' id='word_1_373' title='bbox 1534 2861 1762 2944; x_wconf 86' lang='lat' dir='ltr'><strong><em>opportunitas</em></strong></span> <span class='ocrx_word' id='word_1_374' title='bbox 1791 2859 1869 2925; x_wconf 91' lang='lat' dir='ltr'><strong><em>illua</em></strong></span> <span class='ocrx_word' id='word_1_375' title='bbox 1894 2860 2059 2944; x_wconf 89' lang='lat' dir='ltr'><strong><em>irrependi</em></strong></span> <span class='ocrx_word' id='word_1_376' title='bbox 2088 2861 2162 2928; x_wconf 85' lang='lat' dir='ltr'><strong><em>visa</em></strong></span> 
     </span>
     <span class='ocr_line' id='line_1_30' title="bbox 147 2945 2161 3034; baseline -0 -22"><span class='ocrx_word' id='word_1_377' title='bbox 147 2947 193 3012; x_wconf 88' lang='lat' dir='ltr'><strong><em>ad</em></strong></span> <span class='ocrx_word' id='word_1_378' title='bbox 217 2946 404 3012; x_wconf 91' lang='lat' dir='ltr'><strong><em>Dominum</em></strong></span> <span class='ocrx_word' id='word_1_379' title='bbox 426 2957 466 3012; x_wconf 90' lang='lat' dir='ltr'><strong><em>ut</em></strong></span> <span class='ocrx_word' id='word_1_380' title='bbox 486 2948 673 3014; x_wconf 86' lang='lat' dir='ltr'><strong><em>felicissima</em></strong></span> <span class='ocrx_word' id='word_1_381' title='bbox 696 2950 840 3032; x_wconf 87' lang='lat' dir='ltr'><strong><em>auspicia</em></strong></span> <span class='ocrx_word' id='word_1_382' title='bbox 869 2959 980 3016; x_wconf 86' lang='lat' dir='ltr'><strong><em>vestra</em></strong></span> <span class='ocrx_word' id='word_1_383' title='bbox 1002 2949 1133 3016; x_wconf 83' lang='lat' dir='ltr'><strong><em>dexter·</em></strong></span> <span class='ocrx_word' id='word_1_384' title='bbox 1186 2955 1237 3012; x_wconf 91' lang='lat' dir='ltr'><strong><em>est</em></strong></span> <span class='ocrx_word' id='word_1_385' title='bbox 1270 2947 1363 3012; x_wconf 92' lang='lat' dir='ltr'><strong><em>nobis</em></strong></span> <span class='ocrx_word' id='word_1_386' title='bbox 1402 2967 1560 3030; x_wconf 89' lang='lat' dir='ltr'><strong><em>perquam</em></strong></span> <span class='ocrx_word' id='word_1_387' title='bbox 1598 2945 1722 3012; x_wconf 88' lang='lat' dir='ltr'><strong><em>idonea.</em></strong></span> <span class='ocrx_word' id='word_1_388' title='bbox 1785 2945 1900 3028; x_wconf 86' lang='lat' dir='ltr'><strong><em>Itaque</em></strong></span> <span class='ocrx_word' id='word_1_389' title='bbox 1937 2945 2161 3034; x_wconf 82' lang='lat' dir='ltr'><strong><em>Lingonem2)</em></strong></span> 
     </span>
     <span class='ocr_line' id='line_1_31' title="bbox 145 3031 2160 3119; baseline -0 -20"><span class='ocrx_word' id='word_1_390' title='bbox 145 3033 240 3099; x_wconf 88' lang='lat' dir='ltr'><strong><em>rimo</em></strong></span> <span class='ocrx_word' id='word_1_391' title='bbox 261 3033 515 3117; x_wconf 79' lang='lat' dir='ltr'><strong><em>progrediantur</em></strong></span> <span class='ocrx_word' id='word_1_392' title='bbox 539 3057 647 3100; x_wconf 89' lang='lat' dir='ltr'><strong><em>eursu.</em></strong></span> <span class='ocrx_word' id='word_1_393' title='bbox 690 3035 760 3102; x_wconf 88' lang='lat' dir='ltr'><strong><em>Vos</em></strong></span> <span class='ocrx_word' id='word_1_394' title='bbox 788 3035 933 3101; x_wconf 87' lang='lat' dir='ltr'><strong><em>vicissim</em></strong></span> <span class='ocrx_word' id='word_1_395' title='bbox 959 3057 1018 3119; x_wconf 91' lang='lat' dir='ltr'><strong><em>pro</em></strong></span> <span class='ocrx_word' id='word_1_396' title='bbox 1040 3035 1133 3102; x_wconf 93' lang='lat' dir='ltr'><strong><em>nobis</em></strong></span> <span class='ocrx_word' id='word_1_397' title='bbox 1185 3031 1357 3116; x_wconf 89' lang='lat' dir='ltr'><strong><em>quendam,</em></strong></span> <span class='ocrx_word' id='word_1_398' title='bbox 1380 3033 1436 3115; x_wconf 91' lang='lat' dir='ltr'><strong><em>qui</em></strong></span> <span class='ocrx_word' id='word_1_399' title='bbox 1454 3041 1527 3096; x_wconf 93' lang='lat' dir='ltr'><strong><em>tum</em></strong></span> <span class='ocrx_word' id='word_1_400' title='bbox 1545 3033 1580 3097; x_wconf 92' lang='lat' dir='ltr'><strong><em>in</em></strong></span> <span class='ocrx_word' id='word_1_401' title='bbox 1600 3033 1751 3098; x_wconf 90' lang='lat' dir='ltr'><strong><em>manibus</em></strong></span> <span class='ocrx_word' id='word_1_402' title='bbox 1769 3031 1890 3110; x_wconf 86' lang='lat' dir='ltr'><strong><em>aderat,</em></strong></span> <span class='ocrx_word' id='word_1_403' title='bbox 1914 3031 2080 3096; x_wconf 90' lang='lat' dir='ltr'><strong><em>bominem</em></strong></span> <span class='ocrx_word' id='word_1_404' title='bbox 2102 3053 2160 3116; x_wconf 91' lang='lat' dir='ltr'><strong><em>op-</em></strong></span> 
     </span>
     <span class='ocr_line' id='line_1_32' title="bbox 144 3116 2158 3206; baseline 0 -24"><span class='ocrx_word' id='word_1_405' title='bbox 144 3119 271 3203; x_wconf 81' lang='lat' dir='ltr'><strong><em>petita,</em></strong></span> <span class='ocrx_word' id='word_1_406' title='bbox 300 3119 452 3200; x_wconf 91' lang='lat' dir='ltr'><strong><em>spiritum</em></strong></span> <span class='ocrx_word' id='word_1_407' title='bbox 476 3118 602 3192; x_wconf 81' lang='lat' dir='ltr'><strong><em>Christi</em></strong></span> <span class='ocrx_word' id='word_1_408' title='bbox 624 3121 717 3186; x_wconf 92' lang='lat' dir='ltr'><strong><em>nobis</em></strong></span> <span class='ocrx_word' id='word_1_409' title='bbox 740 3120 821 3198; x_wconf 89' lang='lat' dir='ltr'><strong><em>dari,</em></strong></span> <span class='ocrx_word' id='word_1_410' title='bbox 843 3120 884 3186; x_wconf 90' lang='lat' dir='ltr'><strong><em>ad</em></strong></span> <span class='ocrx_word' id='word_1_411' title='bbox 907 3121 1006 3206; x_wconf 85' lang='lat' dir='ltr'><strong><em>digne</em></strong></span> <span class='ocrx_word' id='word_1_412' title='bbox 1027 3129 1061 3186; x_wconf 88' lang='lat' dir='ltr'><strong><em>et</em></strong></span> <span class='ocrx_word' id='word_1_413' title='bbox 1082 3123 1132 3187; x_wconf 91' lang='lat' dir='ltr'><strong><em>in·</em></strong></span> <span class='ocrx_word' id='word_1_414' title='bbox 1185 3119 1266 3182; x_wconf 91' lang='lat' dir='ltr'><strong><em>tima</em></strong></span> <span class='ocrx_word' id='word_1_415' title='bbox 1288 3127 1322 3183; x_wconf 87' lang='lat' dir='ltr'><strong><em>et</em></strong></span> <span class='ocrx_word' id='word_1_416' title='bbox 1343 3116 1526 3182; x_wconf 90' lang='lat' dir='ltr'><strong><em>eruditione</em></strong></span> <span class='ocrx_word' id='word_1_417' title='bbox 1553 3125 1587 3182; x_wconf 91' lang='lat' dir='ltr'><strong><em>et</em></strong></span> <span class='ocrx_word' id='word_1_418' title='bbox 1613 3139 1743 3182; x_wconf 89' lang='lat' dir='ltr'><strong><em>morum</em></strong></span> <span class='ocrx_word' id='word_1_419' title='bbox 1771 3119 1934 3182; x_wconf 88' lang='lat' dir='ltr'><strong><em>suavitate</em></strong></span> <span class='ocrx_word' id='word_1_420' title='bbox 1963 3118 2158 3200; x_wconf 90' lang='lat' dir='ltr'><strong><em>praeditum,</em></strong></span> 
     </span>
     <span class='ocr_line' id='line_1_33' title="bbox 144 3201 2159 3292; baseline 0 -22"><span class='ocrx_word' id='word_1_421' title='bbox 144 3203 288 3289; x_wconf 87' lang='lat' dir='ltr'><strong><em>trepide</em></strong></span> <span class='ocrx_word' id='word_1_422' title='bbox 316 3205 352 3268; x_wconf 93' lang='lat' dir='ltr'><strong><em>in</em></strong></span> <span class='ocrx_word' id='word_1_423' title='bbox 379 3205 496 3270; x_wconf 90' lang='lat' dir='ltr'><strong><em>madiis</em></strong></span> <span class='ocrx_word' id='word_1_424' title='bbox 523 3205 665 3272; x_wconf 89' lang='lat' dir='ltr'><strong><em>flammis</em></strong></span> <span class='ocrx_word' id='word_1_425' title='bbox 693 3215 727 3270; x_wconf 91' lang='lat' dir='ltr'><strong><em>et</em></strong></span> <span class='ocrx_word' id='word_1_426' title='bbox 751 3206 900 3273; x_wconf 90' lang='lat' dir='ltr'><strong><em>hostibus</em></strong></span> <span class='ocrx_word' id='word_1_427' title='bbox 926 3208 1132 3292; x_wconf 86' lang='lat' dir='ltr'><strong><em>evangelium</em></strong></span> <span class='ocrx_word' id='word_1_428' title='bbox 1184 3205 1373 3288; x_wconf 85' lang='lat' dir='ltr'><strong><em>rogavimus</em></strong></span> <span class='ocrx_word' id='word_1_429' title='bbox 1404 3213 1443 3267; x_wconf 90' lang='lat' dir='ltr'><strong><em>nt</em></strong></span> <span class='ocrx_word' id='word_1_430' title='bbox 1481 3205 1684 3288; x_wconf 85' lang='lat' dir='ltr'><strong><em>provinciam</em></strong></span> <span class='ocrx_word' id='word_1_431' title='bbox 1717 3204 1815 3268; x_wconf 84' lang='lat' dir='ltr'><strong><em>istbm</em></strong></span> <span class='ocrx_word' id='word_1_432' title='bbox 1847 3204 2034 3286; x_wconf 89' lang='lat' dir='ltr'><strong><em>susciperet</em></strong></span> <span class='ocrx_word' id='word_1_433' title='bbox 2090 3201 2159 3270; x_wconf 83' lang='lat' dir='ltr'><strong><em>Sed</em></strong></span> 
     </span>
     <span class='ocr_line' id='line_1_34' title="bbox 144 3287 2160 3377; baseline -0 -21"><span class='ocrx_word' id='word_1_434' title='bbox 144 3289 457 3374; x_wconf 89' lang='lat' dir='ltr'><strong><em>pronunciandum,</em></strong></span> <span class='ocrx_word' id='word_1_435' title='bbox 493 3291 533 3358; x_wconf 93' lang='lat' dir='ltr'><strong><em>de</em></strong></span> <span class='ocrx_word' id='word_1_436' title='bbox 563 3293 657 3358; x_wconf 88' lang='lat' dir='ltr'><strong><em>onius</em></strong></span> <span class='ocrx_word' id='word_1_437' title='bbox 685 3292 740 3358; x_wconf 90' lang='lat' dir='ltr'><strong><em>bic</em></strong></span> <span class='ocrx_word' id='word_1_438' title='bbox 766 3313 942 3377; x_wconf 85' lang='lat' dir='ltr'><strong><em>progressu</em></strong></span> <span class='ocrx_word' id='word_1_439' title='bbox 969 3293 1083 3358; x_wconf 86' lang='lat' dir='ltr'><strong><em>audies</em></strong></span> <span class='ocrx_word' id='word_1_440' title='bbox 1113 3315 1133 3359; x_wconf 86' lang='lat' dir='ltr'><strong><em>a</em></strong></span> <span class='ocrx_word' id='word_1_441' title='bbox 1184 3291 1339 3373; x_wconf 89' lang='lat' dir='ltr'><strong><em>quoniam</em></strong></span> <span class='ocrx_word' id='word_1_442' title='bbox 1361 3287 1477 3355; x_wconf 87' lang='lat' dir='ltr'><strong><em>adduci</em></strong></span> <span class='ocrx_word' id='word_1_443' title='bbox 1498 3289 1598 3355; x_wconf 92' lang='lat' dir='ltr'><strong><em>nullis</em></strong></span> <span class='ocrx_word' id='word_1_444' title='bbox 1620 3287 1770 3372; x_wconf 86' lang='lat' dir='ltr'><strong><em>precibus</em></strong></span> <span class='ocrx_word' id='word_1_445' title='bbox 1797 3289 1913 3372; x_wconf 90' lang='lat' dir='ltr'><strong><em>potuit,</em></strong></span> <span class='ocrx_word' id='word_1_446' title='bbox 1943 3310 2003 3354; x_wconf 89' lang='lat' dir='ltr'><strong><em>nos</em></strong></span> <span class='ocrx_word' id='word_1_447' title='bbox 2024 3290 2060 3353; x_wconf 92' lang='lat' dir='ltr'><strong><em>in</em></strong></span> <span class='ocrx_word' id='word_1_448' title='bbox 2085 3289 2160 3355; x_wconf 84' lang='lat' dir='ltr'><strong><em>Tor-</em></strong></span> 
     </span>
     <span class='ocr_line' id='line_1_35' title="bbox 146 3375 2160 3462; baseline -0.001 -19"><span class='ocrx_word' id='word_1_449' title='bbox 146 3376 319 3460; x_wconf 72' lang='lat' dir='ltr'><strong><em>Stephano</em></strong></span> <span class='ocrx_word' id='word_1_450' title='bbox 339 3377 396 3460; x_wconf 90' lang='lat' dir='ltr'><strong><em>qui</em></strong></span> <span class='ocrx_word' id='word_1_451' title='bbox 423 3378 483 3442; x_wconf 89' lang='lat' dir='ltr'><strong><em>has</em></strong></span> <span class='ocrx_word' id='word_1_452' title='bbox 504 3379 642 3460; x_wconf 85' lang='lat' dir='ltr'><strong><em>perfert,</em></strong></span> <span class='ocrx_word' id='word_1_453' title='bbox 671 3379 743 3444; x_wconf 85' lang='lat' dir='ltr'><strong><em>viro</em></strong></span> <span class='ocrx_word' id='word_1_454' title='bbox 770 3388 803 3444; x_wconf 89' lang='lat' dir='ltr'><strong><em>at</em></strong></span> <span class='ocrx_word' id='word_1_455' title='bbox 830 3399 944 3462; x_wconf 86' lang='lat' dir='ltr'><strong><em>graeco</em></strong></span> <span class='ocrx_word' id='word_1_456' title='bbox 974 3386 1007 3444; x_wconf 90' lang='lat' dir='ltr'><strong><em>et</em></strong></span> <span class='ocrx_word' id='word_1_457' title='bbox 1032 3379 1133 3444; x_wconf 91' lang='lat' dir='ltr'><strong><em>latine</em></strong></span> <span class='ocrx_word' id='word_1_458' title='bbox 1183 3379 1382 3453; x_wconf 77' lang='lat' dir='ltr'><strong><em>nacaamn⁸)</em></strong></span> <span class='ocrx_word' id='word_1_459' title='bbox 1405 3376 1617 3458; x_wconf 84' lang='lat' dir='ltr'><strong><em>respeximus.</em></strong></span> <span class='ocrx_word' id='word_1_460' title='bbox 1640 3375 1668 3440; x_wconf 91' lang='lat' dir='ltr'><strong><em>si</em></strong></span> <span class='ocrx_word' id='word_1_461' title='bbox 1686 3395 1751 3458; x_wconf 91' lang='lat' dir='ltr'><strong><em>qna</em></strong></span> <span class='ocrx_word' id='word_1_462' title='bbox 1768 3375 2045 3456; x_wconf 87' lang='lat' dir='ltr'><strong><em>rationeAqniloa</em></strong></span> <span class='ocrx_word' id='word_1_463' title='bbox 2062 3375 2160 3442; x_wconf 83' lang='lat' dir='ltr'><strong><em>evelli</em></strong></span> 
     </span>
     <span class='ocr_line' id='line_1_36' title="bbox 144 3457 2159 3547; baseline -0.002 -18"><span class='ocrx_word' id='word_1_464' title='bbox 144 3463 261 3542; x_wconf 87' lang='lat' dir='ltr'><strong><em>doato,</em></strong></span> <span class='ocrx_word' id='word_1_465' title='bbox 284 3461 441 3542; x_wconf 90' lang='lat' dir='ltr'><strong><em>modesto,</em></strong></span> <span class='ocrx_word' id='word_1_466' title='bbox 464 3463 584 3529; x_wconf 86' lang='lat' dir='ltr'><strong><em>diserto</em></strong></span> <span class='ocrx_word' id='word_1_467' title='bbox 606 3472 639 3529; x_wconf 89' lang='lat' dir='ltr'><strong><em>et</em></strong></span> <span class='ocrx_word' id='word_1_468' title='bbox 655 3464 804 3529; x_wconf 87' lang='lat' dir='ltr'><strong><em>veritatis</em></strong></span> <span class='ocrx_word' id='word_1_469' title='bbox 822 3465 1054 3544; x_wconf 89' lang='lat' dir='ltr'><strong><em>amantissimo,</em></strong></span> <span class='ocrx_word' id='word_1_470' title='bbox 1077 3465 1134 3547; x_wconf 93' lang='lat' dir='ltr'><strong><em>qui</em></strong></span> <span class='ocrx_word' id='word_1_471' title='bbox 1184 3471 1291 3544; x_wconf 89' lang='lat' dir='ltr'><strong><em>queat.</em></strong></span> <span class='ocrx_word' id='word_1_472' title='bbox 1337 3459 1435 3541; x_wconf 80' lang='lat' dir='ltr'><strong><em>Quod</em></strong></span> <span class='ocrx_word' id='word_1_473' title='bbox 1463 3461 1571 3544; x_wconf 90' lang='lat' dir='ltr'><strong><em>ipsum</em></strong></span> <span class='ocrx_word' id='word_1_474' title='bbox 1600 3481 1665 3526; x_wconf 92' lang='lat' dir='ltr'><strong><em>non</em></strong></span> <span class='ocrx_word' id='word_1_475' title='bbox 1692 3463 1760 3525; x_wconf 86' lang='lat' dir='ltr'><strong><em>fore</em></strong></span> <span class='ocrx_word' id='word_1_476' title='bbox 1788 3461 1887 3524; x_wconf 93' lang='lat' dir='ltr'><strong><em>nimis</em></strong></span> <span class='ocrx_word' id='word_1_477' title='bbox 1915 3457 2045 3524; x_wconf 88' lang='lat' dir='ltr'><strong><em>difficile</em></strong></span> <span class='ocrx_word' id='word_1_478' title='bbox 2072 3460 2159 3526; x_wconf 88' lang='lat' dir='ltr'><strong><em>arbi·</em></strong></span> 
     </span>
     <span class='ocr_line' id='line_1_37' title="bbox 142 3545 2159 3633; baseline -0.002 -17"><span class='ocrx_word' id='word_1_479' title='bbox 142 3558 246 3616; x_wconf 88' lang='lat' dir='ltr'><strong><em>recta</em></strong></span> <span class='ocrx_word' id='word_1_480' title='bbox 270 3547 313 3612; x_wconf 89' lang='lat' dir='ltr'><strong><em>ed</em></strong></span> <span class='ocrx_word' id='word_1_481' title='bbox 330 3571 390 3615; x_wconf 83' lang='lat' dir='ltr'><strong><em>vos</em></strong></span> <span class='ocrx_word' id='word_1_482' title='bbox 407 3550 630 3632; x_wconf 85' lang='lat' dir='ltr'><strong><em>proficiscitur,</em></strong></span> <span class='ocrx_word' id='word_1_483' title='bbox 653 3557 692 3616; x_wconf 88' lang='lat' dir='ltr'><strong><em>ut</em></strong></span> <span class='ocrx_word' id='word_1_484' title='bbox 709 3550 773 3614; x_wconf 92' lang='lat' dir='ltr'><strong><em>sibi</em></strong></span> <span class='ocrx_word' id='word_1_485' title='bbox 791 3549 892 3616; x_wconf 87' lang='lat' dir='ltr'><strong><em>libore</em></strong></span> <span class='ocrx_word' id='word_1_486' title='bbox 909 3550 998 3633; x_wconf 93' lang='lat' dir='ltr'><strong><em>loqui</em></strong></span> <span class='ocrx_word' id='word_1_487' title='bbox 1015 3559 1048 3615; x_wconf 91' lang='lat' dir='ltr'><strong><em>ot</em></strong></span> <span class='ocrx_word' id='word_1_488' title='bbox 1065 3549 1131 3616; x_wconf 90' lang='lat' dir='ltr'><strong><em>dis·</em></strong></span> <span class='ocrx_word' id='word_1_489' title='bbox 1184 3558 1320 3622; x_wconf 87' lang='lat' dir='ltr'><strong><em>tramur,</em></strong></span> <span class='ocrx_word' id='word_1_490' title='bbox 1344 3548 1372 3611; x_wconf 92' lang='lat' dir='ltr'><strong><em>si</em></strong></span> <span class='ocrx_word' id='word_1_491' title='bbox 1391 3545 1595 3612; x_wconf 79' lang='lat' dir='ltr'><strong><em>Frumenttus</em></strong></span> <span class='ocrx_word' id='word_1_492' title='bbox 1616 3567 1653 3612; x_wconf 90' lang='lat' dir='ltr'><strong><em>eo</em></strong></span> <span class='ocrx_word' id='word_1_493' title='bbox 1675 3547 1871 3612; x_wconf 87' lang='lat' dir='ltr'><strong><em>concesserit</em></strong></span> <span class='ocrx_word' id='word_1_494' title='bbox 1889 3545 1930 3610; x_wconf 90' lang='lat' dir='ltr'><strong><em>ad</em></strong></span> <span class='ocrx_word' id='word_1_495' title='bbox 1951 3545 2159 3614; x_wconf 86' lang='lat' dir='ltr'><strong><em>sustinendas</em></strong></span> 
     </span>
     <span class='ocr_line' id='line_1_38' title="bbox 143 3632 2158 3720; baseline -0.002 -18"><span class='ocrx_word' id='word_1_496' title='bbox 143 3657 228 3703; x_wconf 88' lang='lat' dir='ltr'><strong><em>cere</em></strong></span> <span class='ocrx_word' id='word_1_497' title='bbox 251 3633 360 3700; x_wconf 88' lang='lat' dir='ltr'><strong><em>liceat.</em></strong></span> <span class='ocrx_word' id='word_1_498' title='bbox 404 3636 494 3700; x_wconf 86' lang='lat' dir='ltr'><strong><em>Eum</em></strong></span> <span class='ocrx_word' id='word_1_499' title='bbox 516 3637 640 3718; x_wconf 89' lang='lat' dir='ltr'><strong><em>patriae</em></strong></span> <span class='ocrx_word' id='word_1_500' title='bbox 661 3636 793 3700; x_wconf 90' lang='lat' dir='ltr'><strong><em>nomine</em></strong></span> <span class='ocrx_word' id='word_1_501' title='bbox 819 3645 852 3700; x_wconf 91' lang='lat' dir='ltr'><strong><em>ot</em></strong></span> <span class='ocrx_word' id='word_1_502' title='bbox 878 3635 1039 3719; x_wconf 83' lang='lat' dir='ltr'><strong><em>evangelii</em></strong></span> <span class='ocrx_word' id='word_1_503' title='bbox 1063 3637 1132 3720; x_wconf 91' lang='lat' dir='ltr'><strong><em>pie·</em></strong></span> <span class='ocrx_word' id='word_1_504' title='bbox 1184 3635 1254 3698; x_wconf 87' lang='lat' dir='ltr'><strong><em>eius</em></strong></span> <span class='ocrx_word' id='word_1_505' title='bbox 1285 3633 1383 3698; x_wconf 82' lang='lat' dir='ltr'><strong><em>vices.</em></strong></span> <span class='ocrx_word' id='word_1_506' title='bbox 1433 3632 1577 3716; x_wconf 82' lang='lat' dir='ltr'><strong><em>Fingere</em></strong></span> <span class='ocrx_word' id='word_1_507' title='bbox 1606 3633 1695 3698; x_wconf 88' lang='lat' dir='ltr'><strong><em>enim</em></strong></span> <span class='ocrx_word' id='word_1_508' title='bbox 1725 3632 1835 3697; x_wconf 89' lang='lat' dir='ltr'><strong><em>lieobit</em></strong></span> <span class='ocrx_word' id='word_1_509' title='bbox 1867 3633 2060 3696; x_wconf 86' lang='lat' dir='ltr'><strong><em>accersitum</em></strong></span> <span class='ocrx_word' id='word_1_510' title='bbox 2087 3653 2158 3698; x_wconf 87' lang='lat' dir='ltr'><strong><em>esse</em></strong></span> 
     </span>
     <span class='ocr_line' id='line_1_39' title="bbox 142 3715 2158 3804; baseline -0.002 -18"><span class='ocrx_word' id='word_1_511' title='bbox 142 3730 220 3786; x_wconf 83' lang='lat' dir='ltr'><strong><em>tate</em></strong></span> <span class='ocrx_word' id='word_1_512' title='bbox 244 3720 302 3804; x_wconf 92' lang='lat' dir='ltr'><strong><em>pie</em></strong></span> <span class='ocrx_word' id='word_1_513' title='bbox 325 3721 382 3786; x_wconf 92' lang='lat' dir='ltr'><strong><em>tibi</em></strong></span> <span class='ocrx_word' id='word_1_514' title='bbox 405 3721 603 3786; x_wconf 87' lang='lat' dir='ltr'><strong><em>commendo.</em></strong></span> <span class='ocrx_word' id='word_1_515' title='bbox 648 3721 700 3786; x_wconf 77' lang='lat' dir='ltr'><strong><em>&#39;tu</em></strong></span> <span class='ocrx_word' id='word_1_516' title='bbox 729 3719 859 3786; x_wconf 87' lang='lat' dir='ltr'><strong><em>eosdem</em></strong></span> <span class='ocrx_word' id='word_1_517' title='bbox 887 3721 983 3786; x_wconf 92' lang='lat' dir='ltr'><strong><em>nobis</em></strong></span> <span class='ocrx_word' id='word_1_518' title='bbox 1012 3723 1132 3788; x_wconf 88' lang='lat' dir='ltr'><strong><em>amicos</em></strong></span> <span class='ocrx_word' id='word_1_519' title='bbox 1185 3717 1357 3784; x_wconf 83' lang='lat' dir='ltr'><strong><em>Genavam</em></strong></span> <span class='ocrx_word' id='word_1_520' title='bbox 1378 3717 1419 3781; x_wconf 91' lang='lat' dir='ltr'><strong><em>ad</em></strong></span> <span class='ocrx_word' id='word_1_521' title='bbox 1441 3738 1560 3800; x_wconf 89' lang='lat' dir='ltr'><strong><em>paucos</em></strong></span> <span class='ocrx_word' id='word_1_522' title='bbox 1578 3717 1648 3783; x_wconf 89' lang='lat' dir='ltr'><strong><em>dios</em></strong></span> <span class='ocrx_word' id='word_1_523' title='bbox 1668 3719 1709 3784; x_wconf 90' lang='lat' dir='ltr'><strong><em>ab</em></strong></span> <span class='ocrx_word' id='word_1_524' title='bbox 1727 3715 1967 3794; x_wconf 84' lang='lat' dir='ltr'><strong><em>amieisGallis,</em></strong></span> <span class='ocrx_word' id='word_1_525' title='bbox 1990 3737 2054 3799; x_wconf 92' lang='lat' dir='ltr'><strong><em>quo</em></strong></span> <span class='ocrx_word' id='word_1_526' title='bbox 2075 3725 2158 3782; x_wconf 85' lang='lat' dir='ltr'><strong><em>tem·</em></strong></span> 
     </span>
     <span class='ocr_line' id='line_1_40' title="bbox 141 3802 2160 3887; baseline -0.002 -14"><span class='ocrx_word' id='word_1_527' title='bbox 141 3807 254 3873; x_wconf 90' lang='lat' dir='ltr'><strong><em>istbio</em></strong></span> <span class='ocrx_word' id='word_1_528' title='bbox 278 3805 416 3872; x_wconf 88' lang='lat' dir='ltr'><strong><em>concilia</em></strong></span> <span class='ocrx_word' id='word_1_529' title='bbox 441 3815 475 3872; x_wconf 90' lang='lat' dir='ltr'><strong><em>et</em></strong></span> <span class='ocrx_word' id='word_1_530' title='bbox 496 3806 664 3872; x_wconf 87' lang='lat' dir='ltr'><strong><em>audaciam</em></strong></span> <span class='ocrx_word' id='word_1_531' title='bbox 694 3817 839 3872; x_wconf 91' lang='lat' dir='ltr'><strong><em>nostram</em></strong></span> <span class='ocrx_word' id='word_1_532' title='bbox 865 3807 942 3872; x_wconf 92' lang='lat' dir='ltr'><strong><em>boni</em></strong></span> <span class='ocrx_word' id='word_1_533' title='bbox 964 3807 1130 3873; x_wconf 90' lang='lat' dir='ltr'><strong><em>consulito.</em></strong></span> <span class='ocrx_word' id='word_1_534' title='bbox 1184 3825 1262 3887; x_wconf 89' lang='lat' dir='ltr'><strong><em>pore</em></strong></span> <span class='ocrx_word' id='word_1_535' title='bbox 1279 3803 1421 3868; x_wconf 85' lang='lat' dir='ltr'><strong><em>tentabit</em></strong></span> <span class='ocrx_word' id='word_1_536' title='bbox 1439 3825 1482 3867; x_wconf 90' lang='lat' dir='ltr'><strong><em>an</em></strong></span> <span class='ocrx_word' id='word_1_537' title='bbox 1501 3823 1564 3885; x_wconf 89' lang='lat' dir='ltr'><strong><em>qna</em></strong></span> <span class='ocrx_word' id='word_1_538' title='bbox 1582 3805 1666 3868; x_wconf 89' lang='lat' dir='ltr'><strong><em>rima</em></strong></span> <span class='ocrx_word' id='word_1_539' title='bbox 1684 3804 1724 3867; x_wconf 89' lang='lat' dir='ltr'><strong><em>ad</em></strong></span> <span class='ocrx_word' id='word_1_540' title='bbox 1743 3802 1925 3868; x_wconf 87' lang='lat' dir='ltr'><strong><em>faciendam</em></strong></span> <span class='ocrx_word' id='word_1_541' title='bbox 1943 3803 2160 3886; x_wconf 89' lang='lat' dir='ltr'><strong><em>irruptionem</em></strong></span> 
     </span>
     <span class='ocr_line' id='line_1_41' title="bbox 141 3887 2159 3972; baseline -0.003 -12"><span class='ocrx_word' id='word_1_542' title='bbox 141 3893 270 3972; x_wconf 90' lang='lat' dir='ltr'><strong><em>Iesus,</em></strong></span> <span class='ocrx_word' id='word_1_543' title='bbox 299 3891 463 3958; x_wconf 90' lang='lat' dir='ltr'><strong><em>Dominus</em></strong></span> <span class='ocrx_word' id='word_1_544' title='bbox 490 3900 525 3958; x_wconf 91' lang='lat' dir='ltr'><strong><em>ot</em></strong></span> <span class='ocrx_word' id='word_1_545' title='bbox 546 3891 626 3958; x_wconf 89' lang='lat' dir='ltr'><strong><em>dous</em></strong></span> <span class='ocrx_word' id='word_1_546' title='bbox 655 3901 780 3972; x_wconf 87' lang='lat' dir='ltr'><strong><em>noster,</em></strong></span> <span class='ocrx_word' id='word_1_547' title='bbox 810 3913 908 3958; x_wconf 90' lang='lat' dir='ltr'><strong><em>ausus</em></strong></span> <span class='ocrx_word' id='word_1_548' title='bbox 935 3900 1010 3958; x_wconf 92' lang='lat' dir='ltr'><strong><em>tuos</em></strong></span> <span class='ocrx_word' id='word_1_549' title='bbox 1033 3894 1131 3972; x_wconf 86' lang='lat' dir='ltr'><strong><em>iuvet,</em></strong></span> <span class='ocrx_word' id='word_1_550' title='bbox 1184 3897 1304 3972; x_wconf 84' lang='lat' dir='ltr'><strong><em>patant.</em></strong></span> <span class='ocrx_word' id='word_1_551' title='bbox 1349 3889 1395 3954; x_wconf 86' lang='lat' dir='ltr'><strong><em>Et</em></strong></span> <span class='ocrx_word' id='word_1_552' title='bbox 1416 3889 1446 3952; x_wconf 91' lang='lat' dir='ltr'><strong><em>si</em></strong></span> <span class='ocrx_word' id='word_1_553' title='bbox 1467 3887 1598 3971; x_wconf 85' lang='lat' dir='ltr'><strong><em>quidem</em></strong></span> <span class='ocrx_word' id='word_1_554' title='bbox 1620 3890 1810 3954; x_wconf 85' lang='lat' dir='ltr'><strong><em>successerit</em></strong></span> <span class='ocrx_word' id='word_1_555' title='bbox 1831 3888 1923 3953; x_wconf 88' lang='lat' dir='ltr'><strong><em>salva</em></strong></span> <span class='ocrx_word' id='word_1_556' title='bbox 1943 3909 1997 3953; x_wconf 90' lang='lat' dir='ltr'><strong><em>res</em></strong></span> <span class='ocrx_word' id='word_1_557' title='bbox 2019 3895 2078 3968; x_wconf 92' lang='lat' dir='ltr'><strong><em>est,</em></strong></span> <span class='ocrx_word' id='word_1_558' title='bbox 2106 3889 2159 3953; x_wconf 92' lang='lat' dir='ltr'><strong><em>sin</em></strong></span> 
     </span>
     <span class='ocr_line' id='line_1_42' title="bbox 141 3973 2158 4063; baseline -0.002 -20"><span class='ocrx_word' id='word_1_559' title='bbox 141 3987 252 4063; x_wconf 89' lang='lat' dir='ltr'><strong><em>teque</em></strong></span> <span class='ocrx_word' id='word_1_560' title='bbox 277 3999 337 4042; x_wconf 86' lang='lat' dir='ltr'><strong><em>sua</em></strong></span> <span class='ocrx_word' id='word_1_561' title='bbox 357 3979 464 4062; x_wconf 86' lang='lat' dir='ltr'><strong><em>gratia</em></strong></span> <span class='ocrx_word' id='word_1_562' title='bbox 485 3978 656 4060; x_wconf 89' lang='lat' dir='ltr'><strong><em>impletum</em></strong></span> <span class='ocrx_word' id='word_1_563' title='bbox 686 3977 727 4043; x_wconf 92' lang='lat' dir='ltr'><strong><em>ad</em></strong></span> <span class='ocrx_word' id='word_1_564' title='bbox 756 3978 808 4044; x_wconf 92' lang='lat' dir='ltr'><strong><em>sui</em></strong></span> <span class='ocrx_word' id='word_1_565' title='bbox 830 3979 991 4060; x_wconf 85' lang='lat' dir='ltr'><strong><em>evangelii</em></strong></span> <span class='ocrx_word' id='word_1_566' title='bbox 1015 3999 1131 4062; x_wconf 89' lang='lat' dir='ltr'><strong><em>propa·</em></strong></span> <span class='ocrx_word' id='word_1_567' title='bbox 1184 3975 1308 4040; x_wconf 85' lang='lat' dir='ltr'><strong><em>videbit</em></strong></span> <span class='ocrx_word' id='word_1_568' title='bbox 1325 3983 1470 4058; x_wconf 81' lang='lat' dir='ltr'><strong><em>segetem</em></strong></span> <span class='ocrx_word' id='word_1_569' title='bbox 1493 3973 1638 4039; x_wconf 90' lang='lat' dir='ltr'><strong><em>nondum</em></strong></span> <span class='ocrx_word' id='word_1_570' title='bbox 1661 3974 1858 4039; x_wconf 87' lang='lat' dir='ltr'><strong><em>maturuisse</em></strong></span> <span class='ocrx_word' id='word_1_571' title='bbox 1880 3982 2027 4056; x_wconf 89' lang='lat' dir='ltr'><strong><em>tempore</em></strong></span> <span class='ocrx_word' id='word_1_572' title='bbox 2049 3994 2084 4038; x_wconf 90' lang='lat' dir='ltr'><strong><em>se</em></strong></span> <span class='ocrx_word' id='word_1_573' title='bbox 2106 3995 2158 4039; x_wconf 90' lang='lat' dir='ltr'><strong><em>re·</em></strong></span> 
     </span>
    </p>
   </div>
   <div class='ocr_carea' id='block_1_3' title="bbox 141 4059 2158 4233">
    <p class='ocr_par' dir='ltr' id='par_1_9' title="bbox 141 4059 2158 4233">
     <span class='ocr_line' id='line_1_43' title="bbox 141 4059 2158 4150; baseline -0.003 -20"><span class='ocrx_word' id='word_1_574' title='bbox 141 4066 325 4150; x_wconf 84' lang='lat' dir='ltr'><strong><em>gationem</em></strong></span> <span class='ocrx_word' id='word_1_575' title='bbox 348 4063 404 4128; x_wconf 91' lang='lat' dir='ltr'><strong><em>dia</em></strong></span> <span class='ocrx_word' id='word_1_576' title='bbox 425 4065 622 4130; x_wconf 89' lang='lat' dir='ltr'><strong><em>incolumem</em></strong></span> <span class='ocrx_word' id='word_1_577' title='bbox 644 4072 760 4130; x_wconf 85' lang='lat' dir='ltr'><strong><em>servet</em></strong></span> <span class='ocrx_word' id='word_1_578' title='bbox 798 4065 960 4150; x_wconf 83' lang='lat' dir='ltr'><strong><em>Pyotavii.</em></strong></span> <span class='ocrx_word' id='word_1_579' title='bbox 995 4065 1131 4150; x_wconf 88' lang='lat' dir='ltr'><strong><em>Raptim</em></strong></span> <span class='ocrx_word' id='word_1_580' title='bbox 1184 4062 1290 4143; x_wconf 88' lang='lat' dir='ltr'><strong><em>cipiet.</em></strong></span> <span class='ocrx_word' id='word_1_581' title='bbox 1335 4061 1386 4125; x_wconf 83' lang='grc' dir='ltr'><strong><em>Τιι</em></strong></span> <span class='ocrx_word' id='word_1_582' title='bbox 1418 4061 1508 4124; x_wconf 85' lang='lat' dir='ltr'><strong><em>insta</em></strong></span> <span class='ocrx_word' id='word_1_583' title='bbox 1533 4069 1690 4142; x_wconf 89' lang='lat' dir='ltr'><strong><em>quantum</em></strong></span> <span class='ocrx_word' id='word_1_584' title='bbox 1719 4061 1854 4142; x_wconf 88' lang='lat' dir='ltr'><strong><em>poteris,</em></strong></span> <span class='ocrx_word' id='word_1_585' title='bbox 1884 4079 1948 4142; x_wconf 91' lang='lat' dir='ltr'><strong><em>quo</em></strong></span> <span class='ocrx_word' id='word_1_586' title='bbox 1971 4059 2057 4124; x_wconf 88' lang='lat' dir='ltr'><strong><em>diem</em></strong></span> <span class='ocrx_word' id='word_1_587' title='bbox 2079 4079 2158 4125; x_wconf 93' lang='lat' dir='ltr'><strong><em>eon·</em></strong></span> 
     </span>
     <span class='ocr_line' id='line_1_44' title="bbox 141 4145 2157 4233; baseline -0.002 -17"><span class='ocrx_word' id='word_1_588' title='bbox 141 4158 164 4216; x_wconf 82' lang='lat'>4</span> <span class='ocrx_word' id='word_1_589' title='bbox 188 4150 240 4216; x_wconf 92' lang='lat' dir='ltr'><strong><em>id.</em></strong></span> <span class='ocrx_word' id='word_1_590' title='bbox 267 4149 364 4233; x_wconf 79' lang='lat' dir='ltr'><strong><em>April</em></strong></span> <span class='ocrx_word' id='word_1_591' title='bbox 389 4155 457 4215; x_wconf 85' lang='lat'><strong><em>1.5.</em></strong></span> <span class='ocrx_word' id='word_1_592' title='bbox 472 4154 500 4216; x_wconf 85' lang='lat'><strong><em>3.</em></strong></span> <span class='ocrx_word' id='word_1_593' title='bbox 515 4155 542 4214; x_wconf 86' lang='grc'><strong><em>7.</em></strong></span> <span class='ocrx_word' id='word_1_594' title='bbox 1183 4148 1340 4227; x_wconf 86' lang='lat' dir='ltr'><strong><em>ventus⁴)</em></strong></span> <span class='ocrx_word' id='word_1_595' title='bbox 1363 4152 1623 4222; x_wconf 83' lang='lat' dir='ltr'><strong><em>antevertamus,</em></strong></span> <span class='ocrx_word' id='word_1_596' title='bbox 1653 4145 1695 4210; x_wconf 87' lang='lat' dir='ltr'><strong><em>ad</em></strong></span> <span class='ocrx_word' id='word_1_597' title='bbox 1721 4165 1818 4228; x_wconf 89' lang='lat' dir='ltr'><strong><em>quom</em></strong></span> <span class='ocrx_word' id='word_1_598' title='bbox 1845 4153 1884 4210; x_wconf 93' lang='lat' dir='ltr'><strong><em>ut</em></strong></span> <span class='ocrx_word' id='word_1_599' title='bbox 1910 4165 2024 4209; x_wconf 88' lang='lat' dir='ltr'><strong><em>omnes</em></strong></span> <span class='ocrx_word' id='word_1_600' title='bbox 2052 4145 2157 4211; x_wconf 88' lang='lat' dir='ltr'><strong><em>nostri</em></strong></span> 
     </span>
    </p>
   </div>
   <div class='ocr_carea' id='block_1_4' title="bbox 489 4229 2157 4744">
    <p class='ocr_par' dir='ltr' id='par_1_10' title="bbox 489 4229 2157 4400">
     <span class='ocr_line' id='line_1_45' title="bbox 489 4229 2157 4320; baseline -0.001 -23"><span class='ocrx_word' id='word_1_601' title='bbox 489 4253 580 4318; x_wconf 64' lang='lat' dir='ltr'><strong><em>apuu,</em></strong></span> <span class='ocrx_word' id='word_1_602' title='bbox 602 4253 704 4318; x_wconf 61' lang='lat' dir='ltr'><strong>smper</strong></span> <span class='ocrx_word' id='word_1_603' title='bbox 725 4251 761 4318; x_wconf 71' lang='lat' dir='ltr'><strong><em>in</em></strong></span> <span class='ocrx_word' id='word_1_604' title='bbox 783 4251 917 4319; x_wconf 59' lang='lat' dir='ltr'>christo</span> <span class='ocrx_word' id='word_1_605' title='bbox 939 4251 976 4320; x_wconf 53' lang='lat'><strong><em>0,</em></strong></span> <span class='ocrx_word' id='word_1_606' title='bbox 998 4250 1086 4319; x_wconf 47' lang='lat' dir='ltr'><strong><em>Sam,</em></strong></span> <span class='ocrx_word' id='word_1_607' title='bbox 1183 4233 1305 4315; x_wconf 89' lang='lat' dir='ltr'><strong><em>optime</em></strong></span> <span class='ocrx_word' id='word_1_608' title='bbox 1327 4233 1503 4314; x_wconf 85' lang='lat' dir='ltr'><strong><em>comparati</em></strong></span> <span class='ocrx_word' id='word_1_609' title='bbox 1525 4231 1689 4310; x_wconf 87' lang='lat' dir='ltr'><strong><em>accedant,</em></strong></span> <span class='ocrx_word' id='word_1_610' title='bbox 1712 4231 1844 4295; x_wconf 83' lang='lat' dir='ltr'><strong><em>interim</em></strong></span> <span class='ocrx_word' id='word_1_611' title='bbox 1862 4229 1962 4294; x_wconf 87' lang='lat' dir='ltr'><strong><em>affice.</em></strong></span> <span class='ocrx_word' id='word_1_612' title='bbox 1995 4229 2081 4294; x_wconf 86' lang='lat' dir='ltr'><strong><em>Nam</em></strong></span> <span class='ocrx_word' id='word_1_613' title='bbox 2099 4229 2157 4295; x_wconf 82' lang='lat' dir='ltr'><strong><em>ad-</em></strong></span> 
     </span>
     <span class='ocr_line' id='line_1_46' title="bbox 1183 4317 2156 4400; baseline -0.003 -18"><span class='ocrx_word' id='word_1_614' title='bbox 1183 4338 1298 4383; x_wconf 87' lang='lat' dir='ltr'><strong><em>versus</em></strong></span> <span class='ocrx_word' id='word_1_615' title='bbox 1327 4325 1454 4382; x_wconf 90' lang='lat' dir='ltr'><strong><em>tantum</em></strong></span> <span class='ocrx_word' id='word_1_616' title='bbox 1486 4317 1727 4400; x_wconf 78' lang='lat' dir='ltr'><strong><em>improbitatem</em></strong></span> <span class='ocrx_word' id='word_1_617' title='bbox 1755 4324 1843 4380; x_wconf 86' lang='lat' dir='ltr'><strong><em>sture</em></strong></span> <span class='ocrx_word' id='word_1_618' title='bbox 1875 4336 1944 4380; x_wconf 91' lang='lat' dir='ltr'><strong><em>non</em></strong></span> <span class='ocrx_word' id='word_1_619' title='bbox 1974 4336 2156 4398; x_wconf 88' lang='lat' dir='ltr'><strong><em>possumus,</em></strong></span> 
     </span>
    </p>

    <p class='ocr_par' dir='ltr' id='par_1_11' title="bbox 1182 4401 2155 4468">
     <span class='ocr_line' id='line_1_47' title="bbox 1182 4401 2155 4468; baseline 0.001 -2"><span class='ocrx_word' id='word_1_620' title='bbox 1182 4403 1247 4468; x_wconf 93' lang='lat' dir='ltr'><strong><em>nisi</em></strong></span> <span class='ocrx_word' id='word_1_621' title='bbox 1287 4423 1415 4468; x_wconf 87' lang='lat' dir='ltr'><strong><em>summa</em></strong></span> <span class='ocrx_word' id='word_1_622' title='bbox 1453 4403 1540 4466; x_wconf 90' lang='lat' dir='ltr'><strong><em>inter</em></strong></span> <span class='ocrx_word' id='word_1_623' title='bbox 1578 4424 1637 4467; x_wconf 92' lang='lat' dir='ltr'><strong><em>nos</em></strong></span> <span class='ocrx_word' id='word_1_624' title='bbox 1683 4401 1895 4467; x_wconf 89' lang='lat' dir='ltr'><strong><em>consensione</em></strong></span> <span class='ocrx_word' id='word_1_625' title='bbox 1934 4401 2155 4467; x_wconf 88' lang='lat' dir='ltr'><strong><em>cohaerentes.</em></strong></span> 
     </span>
    </p>

    <p class='ocr_par' dir='ltr' id='par_1_12' title="bbox 543 4485 2156 4744">
     <span class='ocr_line' id='line_1_48' title="bbox 543 4485 2156 4570; baseline -0.001 -16"><span class='ocrx_word' id='word_1_626' title='bbox 543 4513 746 4522; x_wconf 77' lang='grc'><strong>-··-</strong></span> <span class='ocrx_word' id='word_1_627' title='bbox 1183 4487 1295 4570; x_wconf 85' lang='lat' dir='ltr'><strong><em>Quare</em></strong></span> <span class='ocrx_word' id='word_1_628' title='bbox 1318 4499 1352 4554; x_wconf 93' lang='lat' dir='ltr'><strong><em>et</em></strong></span> <span class='ocrx_word' id='word_1_629' title='bbox 1372 4489 1407 4552; x_wconf 92' lang='lat' dir='ltr'><strong><em>in</em></strong></span> <span class='ocrx_word' id='word_1_630' title='bbox 1427 4486 1554 4553; x_wconf 88' lang='lat' dir='ltr'><strong><em>edenda</em></strong></span> <span class='ocrx_word' id='word_1_631' title='bbox 1573 4487 1774 4553; x_wconf 90' lang='lat' dir='ltr'><strong><em>confessione</em></strong></span> <span class='ocrx_word' id='word_1_632' title='bbox 1797 4495 1830 4550; x_wconf 90' lang='lat' dir='ltr'><strong><em>et</em></strong></span> <span class='ocrx_word' id='word_1_633' title='bbox 1856 4488 1890 4550; x_wconf 91' lang='lat' dir='ltr'><strong><em>in</em></strong></span> <span class='ocrx_word' id='word_1_634' title='bbox 1919 4487 2010 4550; x_wconf 90' lang='lat' dir='ltr'><strong><em>omni</em></strong></span> <span class='ocrx_word' id='word_1_635' title='bbox 2034 4485 2156 4552; x_wconf 90' lang='lat' dir='ltr'><strong><em>delibe-</em></strong></span> 
     </span>
     <span class='ocr_line' id='line_1_49' title="bbox 1182 4570 2156 4640; baseline -0.003 -1"><span class='ocrx_word' id='word_1_636' title='bbox 1182 4575 1309 4639; x_wconf 84' lang='lat' dir='ltr'><strong><em>ratione</em></strong></span> <span class='ocrx_word' id='word_1_637' title='bbox 1328 4595 1426 4638; x_wconf 91' lang='lat' dir='ltr'><strong><em>unam</em></strong></span> <span class='ocrx_word' id='word_1_638' title='bbox 1445 4573 1593 4638; x_wconf 89' lang='lat' dir='ltr'><strong><em>omnium</em></strong></span> <span class='ocrx_word' id='word_1_639' title='bbox 1610 4595 1721 4640; x_wconf 89' lang='lat' dir='ltr'><strong><em>vocem</em></strong></span> <span class='ocrx_word' id='word_1_640' title='bbox 1740 4593 1811 4637; x_wconf 89' lang='lat' dir='ltr'><strong><em>esse</em></strong></span> <span class='ocrx_word' id='word_1_641' title='bbox 1828 4571 2008 4637; x_wconf 86' lang='lat' dir='ltr'><strong><em>conveniet.</em></strong></span> <span class='ocrx_word' id='word_1_642' title='bbox 2038 4570 2156 4637; x_wconf 76' lang='lat' dir='ltr'><strong><em>Miche-</em></strong></span> 
     </span>
     <span class='ocr_line' id='line_1_50' title="bbox 1182 4657 2155 4744; baseline -0.002 -20"><span class='ocrx_word' id='word_1_643' title='bbox 1182 4660 1246 4725; x_wconf 88' lang='lat' dir='ltr'><strong><em>fius</em></strong></span> <span class='ocrx_word' id='word_1_644' title='bbox 1267 4660 1421 4725; x_wconf 89' lang='lat' dir='ltr'><strong><em>universo</em></strong></span> <span class='ocrx_word' id='word_1_645' title='bbox 1442 4659 1582 4724; x_wconf 82' lang='lat' dir='ltr'><strong><em>fratrum</em></strong></span> <span class='ocrx_word' id='word_1_646' title='bbox 1604 4657 1739 4744; x_wconf 86' lang='lat' dir='ltr'><strong><em>collegio</em></strong></span> <span class='ocrx_word' id='word_1_647' title='bbox 1760 4657 1967 4736; x_wconf 83' lang='lat' dir='ltr'><strong><em>reclamante,</em></strong></span> <span class='ocrx_word' id='word_1_648' title='bbox 1991 4675 2010 4722; x_wconf 81' lang='lat' dir='ltr'><strong><em>a</em></strong></span> <span class='ocrx_word' id='word_1_649' title='bbox 2032 4677 2068 4724; x_wconf 87' lang='lat' dir='ltr'><strong><em>se</em></strong></span> <span class='ocrx_word' id='word_1_650' title='bbox 2089 4676 2155 4722; x_wconf 91' lang='lat' dir='ltr'><strong><em>uno</em></strong></span> 
     </span>
    </p>
   </div>
   <div class='ocr_carea' id='block_1_5' title="bbox 422 4713 2153 4934">
    <p class='ocr_par' dir='ltr' id='par_1_13' title="bbox 422 4713 2153 4934">
     <span class='ocr_line' id='line_1_51' title="bbox 618 4713 670 4782; baseline -0.038 0"><span class='ocrx_word' id='word_1_651' title='bbox 618 4713 670 4782; x_wconf 79' lang='grc'><strong><em>56.</em></strong></span> 
     </span>
     <span class='ocr_line' id='line_1_52' title="bbox 422 4848 2153 4934; baseline -0.002 -16"><span class='ocrx_word' id='word_1_652' title='bbox 422 4849 657 4918; x_wconf 78' lang='lat' dir='ltr'><strong>OALVINUS</strong></span> <span class='ocrx_word' id='word_1_653' title='bbox 678 4848 862 4916; x_wconf 76' lang='lat' dir='ltr'>VIRETO.</span> <span class='ocrx_word' id='word_1_654' title='bbox 1219 4863 1266 4925; x_wconf 77' lang='grc'><strong><em>56.</em></strong></span> <span class='ocrx_word' id='word_1_655' title='bbox 1284 4865 1313 4930; x_wconf 93' lang='grc'><strong><em>1)</em></strong></span> <span class='ocrx_word' id='word_1_656' title='bbox 1332 4863 1443 4919; x_wconf 80' lang='lat' dir='ltr'><strong><em>Deltae</em></strong></span> <span class='ocrx_word' id='word_1_657' title='bbox 1459 4879 1544 4934; x_wconf 81' lang='lat' dir='ltr'><strong><em>neque</em></strong></span> <span class='ocrx_word' id='word_1_658' title='bbox 1561 4861 1637 4916; x_wconf 75' lang='lat' dir='ltr'><strong><em>Besa</em></strong></span> <span class='ocrx_word' id='word_1_659' title='bbox 1659 4861 1807 4932; x_wconf 77' lang='lat' dir='ltr'><strong><em>quidquam</em></strong></span> <span class='ocrx_word' id='word_1_660' title='bbox 1829 4877 1915 4932; x_wconf 80' lang='lat' dir='ltr'><strong><em>aeque</em></strong></span> <span class='ocrx_word' id='word_1_661' title='bbox 1937 4861 2054 4916; x_wconf 76' lang='lat' dir='ltr'><strong><em>biotan&#39;a</em></strong></span> <span class='ocrx_word' id='word_1_662' title='bbox 2072 4859 2153 4914; x_wconf 63' lang='lat' dir='ltr'><strong><em>Man</em></strong></span> 
     </span>
    </p>
   </div>
   <div class='ocr_carea' id='block_1_6' title="bbox 241 4939 1933 5088">
    <p class='ocr_par' dir='ltr' id='par_1_14' title="bbox 241 4939 1933 5088">
     <span class='ocr_line' id='line_1_53' title="bbox 241 4939 1933 5088; baseline -0.002 -16"><span class='ocrx_word' id='word_1_663' title='bbox 241 5006 337 5073; x_wconf 86' lang='lat' dir='ltr'><strong><em>Noua</em></strong></span> <span class='ocrx_word' id='word_1_664' title='bbox 357 5025 395 5070; x_wconf 79' lang='lat' dir='ltr'><strong><em>aa</em></strong></span> <span class='ocrx_word' id='word_1_665' title='bbox 423 5005 622 5084; x_wconf 75' lang='lat' dir='ltr'><strong><em>Vesuntiono,</em></strong></span> <span class='ocrx_word' id='word_1_666' title='bbox 650 5005 705 5069; x_wconf 82' lang='lat' dir='ltr'><strong><em>ubi</em></strong></span> <span class='ocrx_word' id='word_1_667' title='bbox 730 5023 801 5088; x_wconf 83' lang='lat' dir='ltr'><strong><em>spes</em></strong></span> <span class='ocrx_word' id='word_1_668' title='bbox 830 5005 957 5088; x_wconf 67' lang='lat' dir='ltr'><strong><em>affulget</em></strong></span> <span class='ocrx_word' id='word_1_669' title='bbox 977 5003 1128 5087; x_wconf 72' lang='lat' dir='ltr'><strong><em>euangelii</em></strong></span> <span class='ocrx_word' id='word_1_670' title='bbox 1180 4939 1470 5064; x_wconf 39' lang='lat' dir='ltr'><strong><em>‘massmannum</em></strong></span> <span class='ocrx_word' id='word_1_671' title='bbox 1486 5007 1562 5054; x_wconf 79' lang='lat' dir='ltr'><strong><em>necue</em></strong></span> <span class='ocrx_word' id='word_1_672' title='bbox 1577 5015 1673 5054; x_wconf 64' lang='lat' dir='ltr'><strong><em>omn</em></strong></span> <span class='ocrx_word' id='word_1_673' title='bbox 1691 4999 1788 5068; x_wconf 70' lang='lat' dir='ltr'><strong><em>oppida·</em></strong></span> <span class='ocrx_word' id='word_1_674' title='bbox 1804 4999 1933 5068; x_wconf 65' lang='lat' dir='ltr'><strong><em>husm-</em></strong></span> 
     </span>
    </p>
   </div>
   <div class='ocr_carea' id='block_1_7' title="bbox 136 5063 2153 5194">
    <p class='ocr_par' dir='ltr' id='par_1_15' title="bbox 136 5063 2153 5194">
     <span class='ocr_line' id='line_1_54' title="bbox 136 5063 2153 5194; baseline -0.015 -43"><span class='ocrx_word' id='word_1_675' title='bbox 136 5117 219 5166; x_wconf 63' lang='lat' dir='ltr'><strong><em>cum</em></strong></span> <span class='ocrx_word' id='word_1_676' title='bbox 250 5093 359 5177; x_wconf 74' lang='lat' dir='ltr'><strong><em>fracta</em></strong></span> <span class='ocrx_word' id='word_1_677' title='bbox 382 5091 599 5172; x_wconf 48' lang='lat' dir='ltr'><strong><em>pragmatii,</em></strong></span> <span class='ocrx_word' id='word_1_678' title='bbox 650 5091 755 5174; x_wconf 55' lang='lat' dir='ltr'><strong><em>[fitur</em></strong></span> <span class='ocrx_word' id='word_1_679' title='bbox 787 5091 984 5172; x_wconf 55' lang='lat' dir='ltr'><strong><em>quamam</em></strong></span> <span class='ocrx_word' id='word_1_680' title='bbox 1010 5090 1128 5172; x_wconf 53' lang='lat' dir='ltr'><strong><em>aliquis</em></strong></span> <span class='ocrx_word' id='word_1_681' title='bbox 1179 5137 1246 5194; x_wconf 41' lang='lat' dir='ltr'><em>Dee.</em></span> <span class='ocrx_word' id='word_1_682' title='bbox 1263 5069 1333 5194; x_wconf 45' lang='lat'><strong><em>133</em></strong></span> <span class='ocrx_word' id='word_1_683' title='bbox 1330 5069 1365 5124; x_wconf 87' lang='lat' dir='ltr'><em>N</em></span> <span class='ocrx_word' id='word_1_684' title='bbox 1389 5068 1432 5131; x_wconf 75' lang='lat'><strong><em>44.</em></strong></span> <span class='ocrx_word' id='word_1_685' title='bbox 1455 5076 1511 5124; x_wconf 82' lang='lat' dir='ltr'><strong><em>aot.</em></strong></span> <span class='ocrx_word' id='word_1_686' title='bbox 1536 5067 1560 5122; x_wconf 81' lang='lat' dir='ltr'><strong><em>t.</em></strong></span> <span class='ocrx_word' id='word_1_687' title='bbox 1608 5068 1675 5124; x_wconf 80' lang='lat' dir='ltr'><strong><em>Vide</em></strong></span> <span class='ocrx_word' id='word_1_688' title='bbox 1696 5069 1778 5123; x_wconf 82' lang='lat' dir='ltr'><strong><em>ettam</em></strong></span> <span class='ocrx_word' id='word_1_689' title='bbox 1805 5084 1865 5137; x_wconf 84' lang='lat' dir='ltr'><strong><em>epp.</em></strong></span> <span class='ocrx_word' id='word_1_690' title='bbox 1897 5065 1982 5122; x_wconf 67' lang='lat' dir='ltr'><strong><em>verca</em></strong></span> <span class='ocrx_word' id='word_1_691' title='bbox 2002 5063 2058 5120; x_wconf 84' lang='lat' dir='ltr'><strong><em>Iul.</em></strong></span> <span class='ocrx_word' id='word_1_692' title='bbox 2082 5063 2153 5120; x_wconf 70' lang='lat'><strong><em>1542</em></strong></span> 
     </span>
    </p>
   </div>
   <div class='ocr_carea' id='block_1_8' title="bbox 134 5177 2152 5353">
    <p class='ocr_par' dir='ltr' id='par_1_16' title="bbox 134 5177 2152 5353">
     <span class='ocr_line' id='line_1_55' title="bbox 135 5177 2152 5276; baseline -0.006 -29"><span class='ocrx_word' id='word_1_693' title='bbox 135 5184 201 5268; x_wconf 74' lang='lat' dir='ltr'><strong><em>qui</em></strong></span> <span class='ocrx_word' id='word_1_694' title='bbox 222 5179 282 5244; x_wconf 80' lang='lat' dir='ltr'><strong><em>bac</em></strong></span> <span class='ocrx_word' id='word_1_695' title='bbox 303 5177 442 5261; x_wconf 66' lang='lat' dir='ltr'><strong><em>officium</em></strong></span> <span class='ocrx_word' id='word_1_696' title='bbox 470 5179 504 5242; x_wconf 85' lang='lat' dir='ltr'><strong><em>iu</em></strong></span> <span class='ocrx_word' id='word_1_697' title='bbox 530 5197 564 5242; x_wconf 87' lang='lat' dir='ltr'><strong><em>se</em></strong></span> <span class='ocrx_word' id='word_1_698' title='bbox 590 5177 755 5258; x_wconf 71' lang='lat' dir='ltr'><strong><em>saepiat,</em></strong></span> <span class='ocrx_word' id='word_1_699' title='bbox 780 5178 837 5258; x_wconf 84' lang='lat' dir='ltr'><strong><em>qui</em></strong></span> <span class='ocrx_word' id='word_1_700' title='bbox 863 5181 964 5241; x_wconf 89' lang='lat' dir='ltr'><strong><em>tamen</em></strong></span> <span class='ocrx_word' id='word_1_701' title='bbox 990 5177 1127 5274; x_wconf 73' lang='lat' dir='ltr'><strong><em>nouaclum</em></strong></span> <span class='ocrx_word' id='word_1_702' title='bbox 1279 5208 1310 5276; x_wconf 61' lang='lat'><strong><em>4,</em></strong></span> <span class='ocrx_word' id='word_1_703' title='bbox 1331 5206 1552 5272; x_wconf 48' lang='lat' dir='ltr'><strong><em>mmmmm,</em></strong></span> <span class='ocrx_word' id='word_1_704' title='bbox 1581 5205 1615 5272; x_wconf 60' lang='lat' dir='ltr'><strong><em>p,</em></strong></span> <span class='ocrx_word' id='word_1_705' title='bbox 1636 5221 1689 5276; x_wconf 58' lang='lat' dir='ltr'><em>w</em></span> <span class='ocrx_word' id='word_1_706' title='bbox 1716 5205 1778 5260; x_wconf 50' lang='grc' dir='ltr'><strong><em>ΜΗ,</em></strong></span> <span class='ocrx_word' id='word_1_707' title='bbox 1801 5220 1859 5274; x_wconf 53' lang='lat' dir='ltr'><strong><em>,m</em></strong></span> <span class='ocrx_word' id='word_1_708' title='bbox 1882 5216 1971 5258; x_wconf 63' lang='lat' dir='ltr'><strong><em>„m</em></strong></span> <span class='ocrx_word' id='word_1_709' title='bbox 1995 5201 2152 5258; x_wconf 41' lang='lat' dir='ltr'><strong><em>pamm</em></strong></span> 
     </span>
     <span class='ocr_line' id='line_1_56' title="bbox 134 5261 1303 5353; baseline 0.001 -23"><span class='ocrx_word' id='word_1_710' title='bbox 134 5270 297 5353; x_wconf 69' lang='lat' dir='ltr'><strong><em>repertus</em></strong></span> <span class='ocrx_word' id='word_1_711' title='bbox 328 5269 382 5329; x_wconf 83' lang='lat' dir='ltr'><strong><em>cst.</em></strong></span> <span class='ocrx_word' id='word_1_712' title='bbox 430 5263 486 5328; x_wconf 80' lang='lat' dir='ltr'><strong><em>Ad</em></strong></span> <span class='ocrx_word' id='word_1_713' title='bbox 515 5263 670 5346; x_wconf 75' lang='lat' dir='ltr'><strong><em>emendum</em></strong></span> <span class='ocrx_word' id='word_1_714' title='bbox 698 5261 954 5328; x_wconf 79' lang='lat' dir='ltr'><strong><em>Lausonaeaaem</em></strong></span> <span class='ocrx_word' id='word_1_715' title='bbox 979 5282 1127 5344; x_wconf 76' lang='lat' dir='ltr'><strong><em>proxuma</em></strong></span> <span class='ocrx_word' id='word_1_716' title='bbox 1178 5279 1303 5348; x_wconf 68' lang='lat' dir='ltr'><strong><em>carptas</em></strong></span> 
     </span>
    </p>
   </div>
   <div class='ocr_carea' id='block_1_9' title="bbox 0 0 2396 6010">
    <p class='ocr_par' dir='ltr' id='par_1_17' title="bbox 0 0 2396 6010">
     <span class='ocr_line' id='line_1_57' title="bbox 0 0 2396 6010; baseline 0 5"><span class='ocrx_word' id='word_1_717' title='bbox 0 0 2396 6010; x_wconf 95' lang='lat' dir='ltr'><strong><em> </em></strong></span> 
     </span>
    </p>
   </div>
  </div>
 </body>
</html>
