4852 6022
268 333 332 394 411
1091 313 1353 382 ltPls'roLAh
1379 318 1438 380 193
2205 319 2272 381 ara

270 523 330 598 put
363 511 464 595 ipsius
496 509 598 574 ιιιιιιιι
633 528 776 573 essemus
813 515 925 570 nostro
956 523 1101 568 munere.
1157 499 1243 568 Oau·
1295 501 1390 568 cendi
1416 503 1506 566 riam
1535 512 1569 567 ct
1595 501 1720 568 aditum
1748 504 1783 568 in
1813 503 1983 570 eeclesiam
2013 503 2144 571 diceret
2189 503 2267 570 Ideo

270 619 342 664 sam
375 607 482 660 ιιιιιιι
514 603 552 658 ιι
579 594 699 676 privati
728 593 939 677 agitavimus,
973 587 1056 653 nihil
1084 587 1244 672 derogan-
1295 609 1337 652 ex
1359 587 1468 652 animo
1491 589 1676 654 consultum
1698 590 1834 672 cupiens
1858 589 1985 670 Οιιοῑι,
2014 611 2052 656 aa
2070 591 2176 656 multo
2199 611 2267 656 ma·

271 692 321 748 tes
349 703 452 766 neque
485 677 744 761 praeiudicantes
777 677 889 753 alicui,
929 683 962 739 et
997 673 1102 739 multo
1134 673 1244 738 minus
1295 674 1346 758 gis
1366 674 1520 739 ecelesiae
1548 694 1585 739 ae
1614 695 1691 740 suae
1720 675 1902 756 autoritati,
1930 677 2101 742 conferens
2119 697 2197 742 cum
2218 697 2268 742 ιι·

271 769 367 834 alicui
400 765 569 841 ecclesiae,
611 785 654 830 ne
688 764 794 830 dicam
828 763 972 830 eeclesiis
1010 781 1092 843 quas
1130 779 1243 824 omnes
1295 779 1369 824 cero
1383 757 1498 838 Caroli,
1520 781 1557 824 ae
1579 761 1692 843 paucis
1711 762 1874 840 fratribus,
1897 761 2030 828 tandem
2049 764 2138 828 suasi
2157 771 2197 826 ut
2215 763 2268 828 de-

271 852 407 920 offendit
424 859 457 916 et
474 849 628 914 traduxit.
674 848 769 930 Quae
788 849 999 914 tractavimus
1021 867 1095 911 cnm
1119 865 1156 910 eo
1178 843 1243 911 ool·
1295 867 1396 911 canus
1430 847 1593 924 noster¹¹)
1615 847 1760 911 Bornam
1787 856 1912 929 peteret
1940 869 1978 913 ae
2007 867 2083 913 oum
2110 848 2268 914 fratribus

271 939 356 1005 lecta
382 939 472 1002 fuere
500 936 703 1000 afratribus.
750 937 817 1000 Nos
848 955 949 1017 quum
976 930 1162 996 videremus
1192 951 1242 994 re·
1296 939 1417 1014 ageret,
1440 941 1478 994 ut
1499 941 1611 1014 posset
1636 931 1769 998 Carolus
1790 954 1857 997 non
1873 936 1984 998 minus
2006 935 2137 1000 anobis
2160 934 2267 1017 excipi

272 1025 399 1089 misisse
430 1021 551 1104 aliquid
583 1020 764 1098 hominem,
800 1019 951 1104 quamvis
984 1017 1244 1082 desideraremus
1295 1037 1394 1099 quam
1417 1039 1436 1080 a
1458 1019 1642 1099 pontificiis,
1673 1029 1706 1082 et
1727 1019 1932 1101 resipiscenti
1954 1029 2082 1104 pateret
2103 1020 2212 1085 aditus
2235 1021 2268 1084 in

271 1109 431 1196 plurima,
469 1104 627 1190 siquidem
663 1107 716 1171 vel
756 1105 961 1189 apertissima
992 1104 1143 1186 cupiebat
1177 1101 1243 1166 dis·
1295 1101 1473 1168 ecelesiam.
1518 1103 1590 1187 Ego
1613 1125 1692 1167 sane
1714 1106 1859 1188 graviter
1876 1105 2046 1190 affligebar
2067 1115 2105 1170 ut
2126 1105 2269 1172 seribere

272 1195 427 1262 simulare
459 1215 496 1258 ac
528 1193 609 1257 lucis
637 1199 764 1276 tegere,
798 1199 910 1255 tamen
939 1211 1039 1272 quum
1069 1197 1244 1252 testaretur
1295 1209 1362 1252 non
1391 1187 1562 1253 valuerim.
1615 1187 1816 1270 &paradas
1844 1193 1972 1274 excepit
1998 1213 2082 1274 quae
2112 1191 2267 1257 dicebam.

273 1280 356 1347 velle
379 1301 414 1344 se
436 1280 483 1342 ita
504 1297 617 1360 gerere
646 1289 684 1342 ut
713 1298 808 1342 nemo
835 1275 971 1360 posthae
999 1275 1091 1357 queri
1113 1273 1152 1337 de
1175 1275 1245 1356 ipso
1295 1273 1377 1358 Egit
1403 1273 1487 1338 bona
1513 1273 1577 1339 fide
1599 1274 1818 1356 Barbariana,
1845 1287 1879 1340 et
1906 1277 1993 1358 apud
2015 1278 2134 1342 iratres
2155 1277 2269 1341 minis·

273 1375 391 1452 posset,
414 1363 640 1446 respondimus
663 1385 721 1427 nos
743 1361 827 1427 nihil
852 1383 956 1444 posse,
979 1361 1151 1443 praecipue
1174 1362 1245 1424 sine
1269 1366 1272 1401 ¹
1297 1369 1365 1423 tros
1387 1367 1420 1424 et
1441 1359 1528 1441 apud
1546 1371 1706 1438 senatum,
1730 1381 1790 1427 neo
1813 1375 1923 1427 mmen
1946 1384 2091 1446 unquam
2113 1363 2178 1428 fuit
2200 1363 2269 1426 ani-

273 1454 413 1517 lratram
435 1449 579 1526 oonsilio,
603 1449 660 1513 sed
683 1449 816 1514 daturos
838 1469 899 1513 nos
916 1467 1047 1530 operam
1066 1457 1104 1510 ut
1124 1445 1245 1508 intelli·
1297 1465 1372 1508 mus
1395 1453 1434 1508 nt
1454 1445 1536 1510 citra
1558 1445 1763 1529 disciplinam
1789 1447 1943 1513 ecelesiae
1966 1469 2004 1514 ac
2026 1449 2197 1513 solennem
2220 1469 2269 1513 re·

274 1547 330 1622 gat
357 1537 392 1601 in
421 1536 541 1600 amicos
569 1533 736 1611 incidisse,
764 1535 882 1617 quique
910 1531 1015 1612 velint
1036 1531 1098 1614 ipsi
1120 1531 1155 1594 in
1177 1529 1246 1594 Do·
1297 1529 1517 1614 sipisoantiam
1529 1531 1765 1597 admitteretur.
1800 1533 1869 1599 Nec
1886 1533 1973 1617 apud
1990 1535 2175 1616 pontificios
2193 1555 2269 1616 quo-

274 1623 364 1688 mino
385 1641 508 1686 morem
532 1641 653 1704 gerere.
698 1620 762 1686 Ubi
786 1619 867 1684 redii
890 1639 931 1683 ex
953 1617 1094 1692 actione,
1125 1617 1159 1680 in
1183 1635 1246 1698 qua
1298 1637 1360 1698 que
1383 1615 1545 1681 admissus
1566 1619 1627 1682 fuit
1648 1619 1719 1682 sine
1741 1619 1863 1702 insigni
1885 1620 2094 1685 confessione.
2140 1621 2270 1685 Interea

274 1717 368 1792 potes
399 1707 559 1772 coniicere
587 1715 742 1788 quantam
770 1705 854 1769 mihi
887 1705 954 1768 vim
986 1704 1132 1778 fecerim,
1167 1700 1244 1766 dum
1298 1723 1371 1766 cum
1404 1701 1561 1768 fratribus
1594 1703 1647 1768 hic
1684 1703 1811 1788 egimus
1842 1715 2043 1788 exponentes
2075 1704 2269 1788 colloquium

276 1793 447 1859 Christum
469 1813 577 1856 meum
609 1812 739 1856 necesse
760 1791 861 1856 habui
882 1789 1002 1854 intueri
1024 1789 1117 1852 ouius
1139 1788 1247 1871 gratia
1299 1786 1494 1870 Agathopoli
1525 1787 1682 1854 habitum.
1727 1789 1900 1856 Fratribus
1926 1793 2033 1856 visum
2062 1791 2127 1856 fnit
2155 1792 2269 1857 officiis

276 1880 386 1944 omnia
407 1875 567 1942 tentanda
588 1877 681 1956 duxi,
715 1898 780 1941 nen
808 1876 974 1941 hominem
1001 1895 1099 1957 quem
1121 1874 1156 1938 in
1178 1873 1246 1936 ιιι·
1297 1871 1496 1952 certandum,
1520 1875 1547 1938 si
1571 1895 1636 1957 qua
1658 1896 1732 1958 spes
1754 1885 1841 1941 esset
1863 1875 2013 1942 Oarolam
2034 1875 2267 1943 lucrifaciendi.

275 1986 352 2030 nam
376 1973 504 2028 tantum
526 1971 673 2046 poteram
695 1962 847 2046 colligere
864 1971 990 2038 natum,
1013 1961 1074 2024 etsi
1097 1980 1163 2023 non
1185 1957 1245 2022 du·
1297 1957 1430 2024 Interea
1451 1959 1708 2044 exspectandum
1736 1959 1813 2044 quid
1835 1961 1918 2026 aliae
1940 1963 2095 2028 ecclesiae
2116 1961 2269 2029 decerne·

274 2052 413 2116 bitarem
432 2049 503 2113 Deo
526 2049 635 2112 omnia
658 2069 728 2112 esse
750 2047 924 2131 possibilia,
947 2055 1057 2110 tamen
1079 2043 1163 2109 nihil
1184 2044 1246 2108 mi·
1298 2051 1373 2108 rent
1394 2064 1474 2127 quas
1497 2066 1563 2109 non
1591 2047 1700 2111 minus
1728 2045 1825 2111 laesit
1855 2067 1953 2130 quam
1982 2057 2120 2113 nostrae.
2166 2049 2270 2114 Erant

275 2157 337 2200 ιιι
360 2145 508 2218 poteram
530 2133 613 2198 mihi
635 2132 830 2216 persuadere
848 2153 945 2216 quarn
968 2129 1089 2214 aliquid
1111 2129 1188 2194 boni
1206 2126 1246 2193 de
1297 2139 1407 2194 ιιιιιι
1436 2129 1492 2212 qui
1522 2128 1681 2209 dicerent,
1710 2131 1835 2196 nullam
1862 2133 1953 2198 illius
1984 2133 2171 2199 habendam
2202 2155 2269 2200 esee

275 2221 416 2286 homine.
448 2221 537 2286 Dum
549 2237 628 2303 ergo
646 2219 815 2284 rediissem
833 2229 901 2283 tam
919 2219 1075 2301 fatigatus
1093 2227 1130 2279 nt
1148 2215 1246 2280 desti·
1297 2215 1472 2292 rationem,
1502 2215 1559 2281 sed
1580 2226 1618 2280 ιι
1639 2217 1793 2282 insanum
1818 2219 2034 2296 haereticum,
2063 2231 2102 2283 ut
2128 2240 2270 2302 nequam

275 2315 386 2371 tuerer
404 2305 538 2383 viribus,
557 2304 618 2369 sub
637 2315 765 2370 noctem
784 2305 938 2370 convenit
954 2324 1006 2366 me
1025 2311 1136 2367 noster
1153 2321 1246 2386 prae-
1297 2299 1474 2379 hominem,
1498 2323 1564 2366 non
1585 2301 1764 2368 ferendum.
1810 2303 1879 2369 Nee
1902 2305 1987 2370 levia
2009 2305 2269 2371 adducebantur:

275 2393 379 2458 lectus
404 2390 632 2473 Priaqiausrss)
660 2389 782 2455 indicat
803 2388 881 2472 quid
904 2390 1021 2473 egerit,
1051 2407 1168 2469 nempe
1190 2385 1247 2451 ubi
1299 2386 1355 2450 ssd
1376 2386 1454 2451 vicit
1476 2388 1639 2453 sententia
1666 2386 1706 2453 de
1731 2389 1846 2455 officiis
1874 2390 2096 2472 praestandis,
2127 2391 2213 2474 quod
2240 2399 2270 2456 et

276 2487 342 2542 tam
354 2479 380 2558 ⁹)
400 2477 598 2543 concessisse
609 2475 843 2540 Landeronum
856 2477 898 2556 ¹⁰)
916 2474 1079 2538 intellexit
1093 2471 1248 2549 Gerulum,
1299 2471 1402 2537 Iudae
1423 2473 1602 2538 Dominum
1625 2475 1826 2558 praestitisse
1847 2487 2014 2541 ostensum
2036 2477 2106 2542 luit.
2141 2477 2271 2542 Interea

276 2561 318 2628 ad
341 2563 430 2628 cives
452 2561 628 2644 scripserit,
651 2560 729 2644 quid
750 2561 812 2626 hoc
830 2561 891 2626 sibi
909 2559 1010 2624 vellet
1027 2579 1093 2624 nen
1110 2558 1247 2640 assequi,
1299 2559 1433 2623 vinctus
1462 2557 1671 2624 detinebatur
1694 2559 1828 2627 Garoias
1853 2561 2052 2646 Agathopoli
2074 2561 2270 2627 Bernatium

276 2649 341 2712 nisi
363 2647 448 2732 quod
471 2657 617 2730 speraret
634 2669 688 2712 eos
706 2647 790 2711 velle
807 2647 915 2729 ipsum
932 2645 1052 2710 habere
1069 2653 1248 2728 pastorem:
1299 2644 1440 2720 nomine,
1464 2645 1520 2726 qui
1542 2653 1637 2710 erant
1656 2665 1752 2728 quarn
1776 2648 1919 2712 maxime
1940 2647 2070 2726 offensi,
2101 2669 2145 2713 ne
2167 2647 2269 2714 dicam

277 2732 362 2817 qaod
383 2733 431 2798 ita
453 2735 481 2798 si
504 2733 648 2810 haberet,
672 2753 743 2796 rem
765 2741 894 2816 gratam
916 2732 1060 2796 lacerent
1082 2732 1248 2812 scipsum
1299 2729 1429 2794 infensi.
1475 2730 1527 2794 Ex
1550 2731 1710 2796 ministris
1739 2731 1841 2816 aliqui
1867 2735 1913 2799 sie
1942 2745 2146 2816 exceperunt
2173 2755 2271 2799 unam

276 2819 358 2884 haec
378 2817 523 2902 probare.
570 2816 626 2884 Sic
644 2819 749 2883 bonus
767 2819 819 2882 ιιι
841 2819 949 2882 ιιιιιι
971 2837 1014 2880 ιι
1036 2814 1249 2880 iurisiurandi
1299 2813 1421 2878 lincam
1443 2835 1503 2897 pro
1527 2813 1637 2882 barala
1659 2817 1829 2902 scriptam,
1859 2830 1897 2883 ut
1923 2827 2028 2884 totum
2050 2819 2271 2885 ministerium

276 2905 357 2971 satis
377 2924 504 2970 memor
525 2905 638 2982 luerit,
666 2925 729 2986 quo
752 2924 787 2968 se
809 2903 986 2968 adstrinxit
1007 2902 1171 2966 neminem
1192 2921 1248 2965 ex·
1301 2909 1465 2965 meumst
1487 2921 1601 2966 omnes
1622 2911 1751 2970 nostras
1773 2905 1916 2970 actiones
1932 2925 2002 2969 nun
2025 2925 2103 2970 uam
2126 2905 2213 2970 tanti
2229 2905 2270 2970 fe-

277 2999 446 3073 capturum
469 3011 529 3055 nec
552 2989 772 3054 admissurum
790 2987 832 3053 ad
853 2989 1081 3064 ministerium,
1104 2988 1169 3052 nisi
1215 3007 1250 3052 er
1301 2986 1416 3051 corint.
1461 2985 1546 3050 Nam
1570 2987 1616 3052 ιιι
1638 2987 1674 3051 in
1699 2987 1848 3056 Oarolam
1867 2990 1950 3054 mihi
1974 2925 2128 3055 vibentur
2156 2991 2270 3068 affecti,

275 3075 444 3141 ministros
466 3077 691 3140 examinatum
721 3083 755 3138 et
780 3076 964 3158 probatum.
1009 3073 1135 3138 'lamen
1157 3009 1250 3137 nobis
1301 3079 1338 3136 nt
1359 3091 1426 3136 nen
1447 3070 1553 3137 solum
1575 3073 1726 3155 excipere
1747 3075 1815 3141 sint
1839 3076 1948 3158 parati
1969 3097 2043 3141 cum
2065 3076 2173 3143 forma
2194 3077 2271 3142 resi·

276 3161 388 3227 insciis
415 3161 477 3227 hoe
503 3161 625 3225 ιιιιιιι
652 3171 737 3237 erat,
773 3181 873 3244 quum
900 3159 990 3225 locus
1017 3159 1073 3223 ille
1106 3160 1150 3223 sit
1179 3159 1250 3223 sine
1301 3157 1492 3242 piscentiae,
1522 3179 1638 3224 verum
1665 3169 1716 3225 ter
1742 3161 1985 3227 sanctissimum
2013 3163 2081 3227 sint
2111 3161 2272 3245 praedica·

276 3255 415 3332 pastore,
438 3267 476 3312 aa
498 3249 599 3312 missa
620 3245 687 3311 illie
708 3246 765 3311 sit:
793 3267 956 3330 quumque
978 3265 1038 3309 nos
1060 3265 1098 3310 eo
1120 3264 1249 3309 eonces-
1301 3244 1367 3307 turi
1389 3250 1424 3307 et
1451 3243 1589 3308 cumina
1610 3265 1669 3327 pro
1695 3246 1880 3331 insignibus
1906 3247 2085 3314 virtutibus
2112 3269 2272 3315 cemmen-

276 3334 432 3412 ιιιιιιιιι,
460 3343 572 3396 tamen
599 3331 782 3414 preelectus
811 3333 866 3415 qui
895 3331 1085 3414 designatus
1112 3329 1178 3395 illic
1200 3337 1251 3394 est
1302 3325 1419 3394 daturi.
1463 3328 1550 3393 Nam
1571 3329 1676 3396 bonus
1698 3329 1755 3397 ille
1776 3353 1886 3410 senex,
1908 3340 2042 3400 sanetus
2063 3334 2121 3399 ille
2143 3334 2206 3414 vir,
2228 3335 2272 3398 al-

276 3419 386 3484 iussus
408 3425 459 3484 ιιι
481 3439 501 3482 a
522 3417 722 3482 Bernatibus
744 3437 810 3482 non
834 3416 975 3500 amplius
996 3437 1056 3480 nos
1078 3414 1250 3480 admittere
1302 3421 1353 3480 ιιι
1373 3415 1490 3498 ingens
1512 3415 1723 3494 Athanasius,
1747 3417 1825 3500 quid
1847 3440 1913 3485 non
1932 3419 2089 3504 pertulit?
2123 3419 2272 3485 Fuerant

277 3505 319 3570 ad
341 3503 533 3582 docendum,
557 3524 656 3586 quum
679 3503 777 3566 aliam
794 3503 882 3568 viam
900 3521 977 3566 cum
993 3501 1165 3583 praefecto,
1188 3501 1249 3565 sci·
1302 3501 1357 3582 qui
1385 3499 1588 3565 affirmarent
1621 3503 1728 3584 ipsum
1758 3503 1831 3586 plus
1865 3505 2017 3570 omnibus
2045 3503 2210 3571 laborasse
2235 3525 2272 3571 ao

276 3589 354 3654 lieet
367 3589 538 3672 Pranqiao,
558 3589 716 3665 iniissent,
738 3587 827 3652 unde
844 3595 955 3672 posset
972 3587 1043 3653 sine
1065 3595 1156 3651 motu
1173 3607 1250 3652 con-
1303 3583 1499 3651 aedificasse.
1544 3586 1610 3652 Alii
1633 3597 1757 3666 contra,
1781 3589 1865 3654 nihil
1887 3591 1949 3656 sibi
1971 3611 2042 3656 esee
2064 3613 2140 3658 cnm
2164 3591 2272 3658 Oaralo

278 3675 341 3740 suli
373 3674 422 3738 illi
451 3673 614 3740 ecelesiae.
660 3673 756 3754 Quod
789 3673 925 3739 coniicio
957 3693 977 3737 a
1003 3671 1172 3738 nonnullis
1204 3673 1251 3736 ita
1303 3671 1510 3736 ecelesiarum
1533 3691 1695 3754 eversore,
1724 3673 1935 3742 dissidiorum
1957 3685 2061 3760 patre,
2085 3677 2271 3744 delectionis

277 3782 353 3827 cum
379 3759 542 3845 Pranpiao
564 3769 740 3825 tractatum
769 3767 805 3823 ut
829 3757 962 3826 Oarolas
990 3781 1028 3824 eo
1055 3759 1249 3822 mitteretur.
1303 3765 1434 3834 autore,
1462 3758 1517 3840 qui
1544 3777 1610 3822 non
1640 3759 1747 3824 solum
1776 3759 1894 3828 defecit
1922 3761 1979 3828 sed
2005 3769 2039 3828 et
2061 3763 2142 3828 alios
2164 3783 2272 3829 secum

278 3845 382 3911 Addit
403 3847 596 3929 praelectus,
619 3865 654 3910 se
686 3843 798 3910 literas
821 3845 987 3928 excepisse
1009 3865 1029 3908 a
1050 3844 1251 3909 Bornatibus
1304 3841 1448 3919 abduxit,
1471 3863 1509 3908 aa
1531 3853 1668 3910 conatus
1686 3853 1736 3910 ιιι
1753 3845 1920 3913 abducere.
1955 3847 2092 3915 Utinam
2111 3857 2180 3914 tam
2197 3869 2272 3914 vera

279 3931 397 4014 quibus
431 3931 612 3997 arctissime
651 3931 836 4014 iniungitur
868 3941 906 3994 ιι
938 3929 1086 3995 Garolam
1117 3930 1250 4006 vinciat,
1303 3927 1352 3992 illi
1384 3926 1530 3994 dicerent
1562 3949 1658 4012 quam
1690 3929 1726 3994 hi
1759 3953 1825 3997 nen
1859 3931 2016 3998 recedunt
2050 3955 2071 4000 a
2103 3955 2147 4000 re.
2192 3936 2270 4019 Ego,

279 4015 381 4083 donec
410 4017 606 4103 legationem
639 4017 772 4080 mittant
799 4026 964 4100 aguntque
992 4017 1063 4080 iure
1095 4037 1170 4080 cum
1198 4034 1249 4079 eo:
1304 4013 1453 4096 quamvis
1475 4013 1565 4078 aliud
1586 4036 1652 4079 non
1675 4018 1813 4101 egissem
1831 4019 1893 4084 nisi
1916 4019 2001 4102 quod
2019 4040 2152 4104 operam
2174 4019 2269 4086 obtuli

279 4101 364 4182 qnod
386 4103 448 4168 sibi
470 4104 579 4168 dolere
602 4101 738 4168 dicebat.
783 4103 856 4186 Ego
884 4123 1011 4184 quoque
1038 4101 1184 4184 graviter
1205 4101 1252 4164 le·
1306 4097 1432 4176 Garolo,
1461 4119 1498 4164 ae
1527 4111 1565 4164 nt
1591 4110 1701 4183 posset
1728 4103 1895 4170 conciliari
1920 4105 2072 4170 nonnihil
2094 4107 2163 4191 egi,
2193 4108 2268 4172 mire

279 4183 392 4250 rebam
408 4189 493 4270 quod
512 4199 621 4253 errata
639 4209 705 4252 non
723 4185 788 4252 alia
806 4195 1065 4270 proponerentur
1081 4187 1136 4250 vie
1154 4207 1252 4270 quam
1303 4183 1536 4268 proscindebar
1557 4187 1650 4270 quasi
1671 4188 1793 4254 fractus
1810 4211 1848 4255 ac
1865 4191 2076 4256 ecclesiarum
2094 4191 2266 4278 negligens,

280 4270 377 4337 civili.
422 4273 600 4356 Oupiebam
624 4274 710 4338 enim
734 4275 780 4338 sie
802 4273 856 4356 agi
878 4295 952 4338 cnm
978 4271 1105 4351 Oarolo,
1136 4283 1173 4336 ut
1200 4291 1250 4336 ec·
1303 4269 1389 4354 qnod
1411 4279 1445 4335 et
1465 4281 1502 4335 tu
1526 4271 1646 4336 rideris
1668 4279 1791 4354 taxare,
1819 4297 1880 4342 nec
1901 4297 1962 4360 ego
1984 4297 2120 4362 prorsus
2141 4299 2181 4343 eo
2201 4278 2267 4342 inli-

279 4355 397 4422 alesiae
418 4370 635 4439 quererentur
663 4359 703 4423 de
732 4359 853 4423 iniuria
881 4356 940 4423 sibi
964 4358 1070 4434 illata,
1100 4377 1138 4422 ao
1159 4359 1253 4422 iuxta
1304 4359 1373 4422 tias.
1418 4355 1505 4421 Nam
1527 4365 1576 4422 tot
1597 4370 1630 4422 et
1657 4367 1767 4424 tantas
1794 4361 1980 4446 tragoedias
2006 4363 2092 4428 ferre
2112 4383 2181 4429 non
2202 4383 2268 4448 poe-

278 4443 313 4508 id
335 4440 420 4525 quod
443 4445 574 4526 expedit
594 4447 683 4511 iusta
711 4463 851 4510 censura
877 4446 923 4508 ιιι
946 4453 1091 4528 agerent,
1114 4463 1157 4508 ne
1179 4463 1252 4526 per·
1304 4465 1387 4520 sum,
1408 4463 1468 4507 nco
1491 4442 1578 4508 domi
1600 4443 1648 4508 ita
1670 4445 1881 4524 contendere,
1910 4455 2023 4512 ιιιιιι
2045 4447 2152 4515 modis
2174 4449 2270 4514 omni

280 4527 397 4594 darent
419 4527 599 4610 hominem,
630 4553 690 4595 neo
717 4551 832 4595 rursus
862 4529 917 4594 alii
947 4529 1106 4594 auderent
1133 4529 1253 4594 similia
1304 4529 1366 4594 bus
1388 4529 1441 4612 egi
1463 4529 1595 4593 hortatu
1621 4527 1742 4607 Caroli,
1775 4532 1860 4615 quod
1889 4542 1923 4597 et
1950 4533 2037 4598 ultro
2062 4533 2269 4610 destinaram,

279 4625 425 4698 patrare,
455 4613 573 4678 timens
598 4637 639 4680 ne
661 4617 708 4682 ιιι
727 4617 784 4680 ιιι
806 4615 895 4679 cirili
917 4636 1051 4698 prorsus
1073 4616 1120 4679 ita
1141 4614 1252 4697 profli—
1304 4613 1500 4698 persuadere
1522 4623 1560 4678 ut
1580 4635 1709 4698 possem
1732 4639 1795 4682 non
1819 4619 1865 4682 sie
1886 4619 2102 4685 reiiciendum
2116 4619 2269 4698 aarum,

280 4709 430 4785 geretur,
458 4707 496 4762 ut
522 4701 636 4764 merito
664 4702 725 4768 sibi
751 4701 945 4786 denegatam
966 4721 1096 4766 omnem
1119 4700 1252 4784 resipis·
1304 4719 1364 4766 nea
1375 4697 1408 4763 id
1426 4719 1520 4782 posse
1537 4700 1620 4765 eitra
1640 4701 1769 4786 eulpam
1789 4703 1830 4768 ab
1847 4705 1983 4770 eeclesia
1999 4706 2086 4770 lieri:
2105 4705 2166 4770 sed
2186 4719 2270 4792 post

282 4843 386 4868 *ιη
411 4859 432 4864 -.
449 4857 484 4864 -.
1303 4805 1401 4870 quam
1424 4807 1443 4849 a
1464 4785 1640 4868 pontificiis
1662 4787 1759 4853 rediit
1781 4789 1979 4855 audiendum
2006 4813 2093 4868 esee,
2122 4811 2162 4856 ao
2184 4794 2272 4858 iuxta

1304 4871 1458 4938 eeclesiae
1480 4869 1685 4954 disciplinam
1707 4875 1946 4958 excipiendum,
1968 4899 2029 4943 nee
2048 4875 2169 4943 debere
2190 4881 2272 4964 ipsos

273 4952 548 5094 ,Μοδζῶἔᾶἅ
557 4949 1111 5094 ἵαιᾶᾝᾬῶοῗᾘιῖἕὲωιι
1126 4955 1252 5094 (αὲριιῇι
1303 4957 1429 5024 moveri
1457 4957 1485 5022 si
1512 4957 1698 5080 ipseuuultro
1721 4963 1921 5061 ,ιιιιιιιιιιιι
1949 4983 1986 5029 ιι
2018 4961 2136 5030 officiis
2169 4965 2271 5066 ipsam

283 5091 354 5158 m
372 5093 464 5162 1544.)
487 5093 527 5147 In
543 5091 652 5146 mim
669 5091 724 5144 aira·
741 5093 824 5148 m
842 5095 943 5150 vm
1304 5061 1402 5108 coner
1430 5041 1603 5122 demereri,
1638 5066 1691 5110 me
1718 5045 1752 5110 ul
1779 5057 1872 5112 1uxta
1904 5059 2117 5132 praeceptum
2151 5049 2272 5116 Ohrrstn

385 5162 414 5226 9)
434 5164 475 5218 sio
491 5163 524 5218 ia
540 5165 648 5232 autogr.
667 5159 800 5216 Fortasse
816 5163 933 5218 sorrbm
949 5163 1050 5218 ιιιιιιιι
1067 5165 1130 5218 iam.
1308 5169 1316 5174 '
1337 5167 1507 5174 ““““““”

386 5229 433 5296 10)
451 5231 612 5298 Laadaoa,
631 5227 766 5297 oppidum
783 5231 821 5283 ad
838 5231 927 5285 ιιιιιιι
944 5233 1134 5286 Ricimerem.
1408 5231 1454 5290 lli
1473 5229 1660 5285 Barbariana.
