4782 6010
957 393 1326 463 PRoaacoafflNA.

1070 587 1093 670 l·
1117 583 1215 650 vrn.

874 721 1024 778 comeus
1041 719 1413 778 ARGENTORATENSES.

293 859 336 924 In
358 859 421 925 hac
442 866 555 926 nostra
577 860 668 939 urbe,
690 879 773 944 quae
797 860 873 943 plus
901 859 1004 925 semel
1026 858 1165 926 Calvino
1194 859 1322 942 hospite
1349 867 1382 924 at
1411 879 1471 942 per
1498 861 1665 946 integrum
1686 859 1867 942 triennium
1889 863 1960 928 cive
1982 861 2038 928 vel
2058 863 2146 928 inter

138 993 260 1058 paucos
282 973 445 1040 eminente
466 971 600 1056 gloriari
621 973 736 1054 potuit,
758 972 900 1056 plurima
918 971 1105 1040 commercii
1128 971 1198 1036 eius
1220 991 1296 1036 cum
1318 970 1450 1055 collegis
1472 977 1506 1036 et
1527 971 1639 1036 amicis
1660 971 1821 1056 epistolici
1838 973 1979 1057 vestigia
1997 975 2033 1039 in
2050 974 2146 1040 tabu-

138 1085 229 1150 lariis
264 1081 402 1167 publicis
435 1083 537 1168 relegi
572 1083 689 1149 debere
724 1082 819 1148 facila
853 1084 915 1150 sibi
948 1082 1066 1166 aliquis
1100 1080 1316 1164 persuadebit.
1379 1081 1489 1166 Quam
1522 1089 1634 1147 tamen
1669 1083 1934 1164 persuasionem,
1978 1085 2042 1151 etsi
2079 1107 2145 1151 non

138 1194 290 1261 omnibus
310 1195 458 1260 numeris
479 1213 601 1260 vanam
622 1193 812 1276 dixerimus,
838 1215 918 1261 cave
939 1193 1147 1278 ultraquam
1169 1215 1284 1258 verum
1305 1203 1356 1260 est
1376 1193 1493 1278 vagari
1514 1194 1611 1263 sinas.
1663 1193 1707 1259 In
1727 1193 1884 1262 Arohivis
1901 1195 2060 1275 civitatis,
2088 1197 2146 1264 ubi

139 1326 193 1372 eas
214 1307 453 1389 quaerebamus
470 1305 601 1372 chartas
617 1327 699 1388 quas
714 1293 802 1371 inter
817 1307 1133 1390 Argentoratensem
1151 1304 1426 1372 etGenevensem
1446 1313 1606 1385 sananim,
1629 1304 1670 1370 de
1681 1303 1822 1372 Oalvino
1844 1306 1921 1371 huic
1942 1307 2146 1374 restituendo

138 1417 226 1485 ultro
247 1419 396 1502 citroque
416 1418 534 1484 missas
556 1419 746 1496 sciebamus,
768 1418 901 1484 omnino
922 1417 1051 1483 nullum
1073 1423 1185 1484 exstat
1203 1417 1275 1481 eius
1296 1417 1427 1500 generis
1444 1419 1612 1499 scriptum,
1635 1415 1779 1500 adeoque
1799 1437 1842 1483 ne
1858 1419 1996 1484 minima
2012 1418 2145 1502 quidem

136 1530 296 1597 schedula
316 1532 369 1597 oni
391 1530 504 1596 Nostri
524 1550 644 1595 nomen
666 1529 853 1596 adhaereat.
902 1531 944 1596 In
965 1529 1173 1598 Bibliotheca
1193 1549 1283 1595 nnnc
1305 1527 1414 1594 deleta
1434 1550 1522 1594 unus
1550 1530 1780 1594 asservabatur
1808 1529 1912 1595 codex
1932 1529 2145 1613 epistolarum

135 1641 396 1710 Ulstetterianus
417 1641 525 1708 dictus
547 1663 567 1708 a
587 1642 727 1724 pristino
748 1642 930 1722 collectore,
952 1664 994 1708 ex
1016 1661 1081 1724 quo
1102 1663 1171 1706 una
1191 1639 1419 1706 tantummodo
1441 1641 1564 1724 pagina
1585 1639 1773 1726 recipienda
1793 1641 1865 1706 fuit.

293 1754 397 1820 Plura
417 1760 530 1818 tamen
552 1762 586 1818 et
606 1775 674 1819 non
695 1752 880 1836 spernenda
900 1753 1155 1839 suppeditabant
1166 1753 1313 1818 Archiva
1334 1751 1471 1835 capituli
1492 1752 1667 1830 Thomani,
1689 1753 1743 1818 cui
1765 1760 1797 1816 et
1818 1773 1880 1818 nos
1901 1753 1966 1836 ipsi
1988 1751 2144 1836 adscripti

136 1885 252 1932 sumus
274 1863 451 1932 Seminarii
472 1865 726 1950 protestantium
742 1866 950 1948 professores
984 1866 1049 1934 Hic
1070 1866 1157 1932 iuter
1178 1863 1244 1930 alia
1263 1863 1447 1931 evolvenda
1464 1871 1560 1928 erant
1576 1885 1696 1930 novem
1718 1864 1841 1928 lormae
1862 1865 2028 1930 maximae
2049 1865 2144 1930 volu-

136 1979 228 2042 mina
250 1977 406 2061 epistolas
427 1977 595 2044 variorum
617 1977 760 2042 maxime
790 1977 832 2044 ad
854 1976 1044 2045 Oonradum
1065 1977 1255 2043 Hubertum
1277 1977 1398 2042 Bucari
1427 1972 1585 2060 collegam
1612 1975 1705 2042 datas
1726 1975 1942 2055 continentia,
1972 1983 2007 2041 ct
2028 1996 2145 2044 secun·

136 2089 213 2154 dum
238 2089 389 2154 ordinem
411 2088 653 2172 alphabeticum
674 2109 770 2171 quem
795 2089 909 2156 haunt
935 2087 1118 2172 dispositas.
1162 2088 1255 2154 Inter
1282 2107 1364 2170 quas
1391 2095 1425 2152 et
1446 2095 1587 2170 quatuor
1609 2086 1739 2155 Oalrini
1763 2088 1989 2171 autographae
2011 2097 2089 2154 sunt
2111 2097 2145 2156 et

135 2201 316 2268 nonnullae
338 2199 478 2266 aliorum
499 2221 582 2284 quae
603 2202 637 2265 in
660 2221 795 2268 censum
817 2200 910 2266 nobis
932 2200 1116 2266 veniebant
1151 2199 1215 2264 His
1236 2197 1386 2264 addenda
1407 2205 1502 2266 arant
1522 2200 1586 2266 tria
1606 2198 1776 2264 volumina
1797 2199 2008 2282 epistolarum
2020 2200 2144 2266 Buceri

135 2313 175 2378 ad
197 2311 358 2392 diversos,
381 2311 574 2394 plerumque
595 2312 699 2394 ipsius
720 2333 823 2380 manu
845 2313 1049 2395 scriptarum.
1094 2310 1189 2392 Quae
1208 2319 1320 2378 tamen
1340 2312 1452 2394 potius
1472 2309 1670 2388 adversaria,
1699 2311 1770 2378 sive
1792 2311 1969 2378 vernaculo
1989 2331 2143 2378 sermone

137 2426 283 2490 minutas
304 2421 437 2500 dixeris,
459 2443 578 2506 nempe
588 2423 756 2506 raptimin
773 2424 922 2490 chartam
944 2423 1107 2490 coniectas
1125 2423 1250 2504 primas
1270 2423 1484 2506 epistolarum
1492 2423 1624 2500 sermm
1647 2431 1681 2488 et
1697 2442 1756 2504 per
1777 2421 2033 2489 sediffioillimas
2044 2423 2141 2504 lectu,

134 2537 273 2619 insuper
294 2535 393 2600 etiam
414 2534 528 2600 multis
555 2535 666 2600 lituris
693 2534 839 2601 foedatas
868 2543 902 2599 et
930 2533 1164 2600 additamentis
1191 2532 1430 2618 marginalibus
1458 2540 1620 2600 oneratas.
1665 2533 1880 2618 Spicilegium
1902 2535 1936 2600 iu
1960 2535 2024 2602 hoo
2044 2535 2142 2619 paulo

134 2647 309 2714 incultiore
331 2667 411 2731 agro
431 2645 616 2715 laciendum
638 2667 718 2712 sanc
739 2647 896 2714 maiorem
917 2647 1115 2713 messoribus
1137 2646 1262 2712 creavit
1283 2645 1476 2724 molestiam,
1499 2667 1567 2712 non
1588 2653 1701 2712 tamen
1723 2666 1839 2730 operas
1861 2643 1971 2712 debita
1991 2647 2143 2714 mercede

133 2759 308 2826 fraudavit.
353 2759 506 2842 Denique
523 2757 645 2828 ibidem
666 2759 703 2824 in
724 2758 853 2826 somniis
880 2757 1058 2841 separatim
1081 2765 1114 2822 et
1133 2778 1198 2822 non
1220 2757 1373 2842 colligata
1399 2763 1612 2824 asservantur
1640 2757 1725 2824 aliae
1753 2756 1914 2841 quasdam
1942 2758 2142 2842 epistolaea

133 2872 257 2940 nostris
278 2871 395 2938 castris
416 2889 485 2936 non
506 2871 647 2950 alienae,
675 2881 708 2936 et
730 2891 769 2936 ca
789 2871 861 2954 ipsa
883 2869 1079 2935 documenta
1101 2889 1184 2951 quae
1210 2868 1334 2934 frustra
1359 2869 1395 2934 in
1417 2851 1574 2936 Archivia
1600 2868 1713 2935 civicis
1735 2867 1994 2951 quaesieramus,
2022 2869 2072 2934 ita
2092 2877 2140 2949 ut,

132 3005 234 3068 quum
256 2983 356 3068 plura
376 2982 450 3050 iure
474 2993 664 3066 exspectare
684 2983 856 3066 potuisses,
879 2972 1180 3064 tameu‘denimia
1200 2987 1334 3063 patrum
1361 2987 1550 3046 nostrorum
1579 2980 1782 3064 negligentia
1808 2981 1899 3064 queri
1921 3001 1990 3049 non
2012 2979 2139 3048 debeas

1082 3224 1106 3305 §-
1130 3220 1192 3286 rx,

912 3357 1074 3426 RELIQUA
1093 3355 1222 3413 passm
1240 3353 1357 3410 cavis.

288 3489 408 3556 Paucis
430 3489 556 3574 reliqua
578 3489 793 3556 absolvemus.
838 3489 879 3554 In
903 3487 1098 3554 bibliotheca
1118 3487 1222 3554 civica
1243 3485 1490 3570 Rehdigeriana
1506 3481 1761 3549 Vratislaviensi
1781 3483 1818 3548 in
1840 3485 1941 3552 variis
1963 3485 2138 3567 codicibus,

130 3603 278 3666 maxime
301 3601 337 3664 in
359 3623 396 3666 eo
424 3600 480 3684 qui
509 3601 659 3685 signatur
681 3599 744 3666 ΙΠ.
767 3599 807 3667 Β.
836 3600 960 3686 partim
987 3599 1232 3682 descripsimus,
1261 3598 1383 3680 partim
1411 3595 1610 3664 contulimus
1638 3613 1713 3660 cum
1741 3593 1925 3678 impressis,
1953 3597 2139 3680 quindecim
2184 3675 2189 3688 .

131 3711 288 3796 epistolas
309 3712 474 3778 variorum
495 3713 537 3778 ad
556 3711 733 3780 Calvinum
755 3723 789 3778 et
810 3733 911 3778 unam
933 3711 1063 3779 Calvini
1086 3710 1127 3778 ad
1147 3709 1355 3776 Vermilium.
1399 3709 1514 3793 Neque
1537 3707 1590 3773 hic
1609 3706 1788 3790 praeterire
1810 3705 1965 3773 debemus
1982 3709 2140 3775 tabularii

129 3823 219 3888 illius
242 3823 444 3906 praefectum
456 3825 497 3889 V.
517 3825 560 3890 D.
583 3825 784 3905 Pisidarum,
806 3831 842 3891 et
862 3824 950 3891 Olar.
972 3823 999 3888 I.
1023 3823 1062 3888 F.
1085 3823 1126 3887 A.
1150 3821 1264 3902 Gillet,
1283 3841 1380 3904 quem
1402 3841 1502 3904 supra
1522 3817 1731 3884 laudavimus
1754 3818 1841 3884 vitae
1859 3817 2013 3885 Cratonis
2036 3823 2139 3904 serip-

131 3945 248 4014 torcm,
270 3937 327 4019 qui
349 3935 515 4002 duumviri
536 3938 603 4002 iam
625 3945 802 4022 antequam
824 3933 1060 4022 appelleremus
1082 3933 1200 4000 studiis
1222 3933 1343 3999 nostris
1365 3931 1517 4015 opitulati
1538 3913 1572 3996 id
1593 3939 1733 4016 egerunt
1753 3941 1792 3994 ut
1813 3927 1874 3996 hoc
1891 3929 2013 3997 laboris
2035 3933 2139 3998 nostri

128 4067 273 4129 pensum
295 4047 387 4112 nullo
408 4048 541 4134 negotio
563 4047 716 4132 expedire
738 4070 915 4133 possemus.
959 4046 1025 4112 Hic
1046 4046 1199 4125 maxime,
1221 4045 1371 4128 quamvis
1393 4044 1510 4112 absens
1532 4043 1573 4110 ab
1591 4041 1680 4122 urbe,
1702 4049 1772 4106 tam
1794 4052 1943 4108 accurato
1965 4042 2139 4110 nobis'ubi

128 4159 265 4246 singula
293 4166 427 4255 exstant
453 4181 534 4246 quae
560 4169 673 4227 nostra
701 4182 797 4226 nosse
824 4160 999 4237 referebat,
1027 4157 1152 4223 scilicet
1178 4156 1218 4221 ab
1246 4157 1318 4239 ipso
1341 4153 1517 4240 diligenter
1543 4153 1622 4220 olim
1643 4173 1781 4247 excussa
1802 4161 1837 4218 et
1858 4162 2007 4234 tractata,
2030 4155 2138 4222 indice

129 4273 256 4355 scripto
278 4271 447 4350 indicavit,
469 4282 507 4337 ut
528 4273 600 4338 eius
617 4272 726 4355 potius
749 4293 848 4356 quam
868 4279 1019 4338 nostrum
1040 4270 1077 4334 in
1099 4268 1161 4334 hac
1182 4276 1275 4352 parte
1296 4268 1446 4351 impensa
1467 4267 1566 4331 luerit
1587 4285 1694 4348 opera.

288 4383 331 4448 In
351 4383 549 4450 bibliotheca
576 4385 679 4451 civica
700 4383 873 4450 Bremcnsi
900 4383 952 4449 vir
977 4380 1234 4446 humanissimus
1255 4379 1284 4446 I.
1306 4379 1348 4445 G.
1371 4377 1478 4457 Kohl,
1501 4376 1819 4462 peregrinationibus
1845 4398 1905 4460 per
1933 4385 2038 4443 totum
2067 4377 2135 4444 fere

129 4491 246 4559 orbem
274 4493 430 4560 confectis
460 4503 494 4561 et
519 4494 660 4562 iucunde
688 4495 785 4561 simul
814 4503 848 4560 et
863 4494 966 4560 'docte
988 4493 1148 4558 enarratis
1177 4491 1312 4578 clarus,
1330 4491 1408 4556 satis
1438 4487 1647 4574 spectabilem
1675 4489 1792 4553 seriem
1816 4489 2021 4562 voluminum
2042 4491 2137 4556 nobis

128 4605 300 4686 exhibuit,
327 4605 444 4689 quibus
472 4607 628 4698 epistolae
659 4607 824 4674 variorum
851 4605 941 4672 illius
968 4605 1085 4670 aetatis
1112 4605 1307 4686 scriptorum
1334 4603 1554 4686 contineptur.
1597 4599 1722 4664 Verum
1754 4599 1865 4665 sedulo
1886 4601 2037 4667 omnibus
2060 4623 2136 4670 evc-

126 4717 210 4784 lutis
232 4739 336 4782 unam
358 4727 488 4785 tantum
510 4718 674 4798 schedam,
698 4740 834 4801 eamque
856 4719 936 4784 satis
958 4715 1101 4796 dubiam,
1122 4716 1304 4808 reperimus
1325 4714 1412 4779 inter
1431 4711 1631 4780 calvinianae
1649 4711 1880 4795 reponendam.
1914 4709 2014 4797 (Opp.
2034 4713 2070 4777 ll.
2089 4711 2133 4780 X.

126 4817 211 4913 1251·
235 4850 309 4914 nac·
334 4833 419 4912 156·)
1743 4905 1747 4916 .
1987 4907 1991 4916 .

287 4941 398 5010 Unam
427 4963 552 5028 quoque
573 4942 745 5028 epistolam
768 4941 902 5008 Caluini
922 4939 1126 5024 Hamburgi,
1154 4959 1255 5030 unam
1284 4939 1364 5004 item
1383 4936 1550 5020 Erlangae
1577 4935 1612 5000 in
1640 4933 1846 5002 bibliothecis
1867 4932 2005 5018 publicis
2028 4953 2134 5002 aeser-

128 5063 228 5120 vatas
252 5063 379 5120 nostras
399 5053 545 5132 lecimus,
567 5053 830 5142 ministrantibus
852 5053 919 5119 illic
941 5051 1071 5131 lsslero,
1093 5049 1147 5146 hic
1169 5049 1247 5115 Did.
1269 5047 1408 5116 Kerlero
1421 5043 1505 5114 W.
1528 5046 1605 5113 DD.
1638 5045 1978 5113 Duasexldonachio
2000 5047 2133 5114 mitten-

129 5163 200 5244 das,
225 5183 327 5230 unam
348 5175 405 5229 aut
432 5165 571 5231 alteram
598 5187 640 5231 ex
661 5162 897 5232 Francol'ordia
925 5163 1033 5230 adhuc
1057 5171 1294 5247 exspectamus.
1347 5157 1441 5242 Quae
1462 5161 1613 5256 museum
1642 5158 1863 5224 britannicum
1884 5155 2031 5222 Londini
2053 5181 2134 5243 pau-

128 5277 265 5344 cissima
287 5274 538 5361 suppeditabat,
559 5277 761 5344 clarissimus
788 5287 822 5343 et
844 5275 1061 5344 amicissimus
1084 5273 1164 5339 Ern.
1188 5271 1320 5353 Henke,
1341 5273 1505 5355 professor
1527 5269 1776 5356 Mruburgensis
1798 5269 1834 5333 in
1857 5267 1975 5425 iuxta
1998 5277 2133 5354 excepta
