4782 6010
135 359 172 422 49
1075 356 1158 422 1585
2083 355 2132 424 50

134 543 237 610 erent.
264 539 381 626 Egoin
421 541 658 617 messntierum
672 539 773 692 pluro
789 561 857 610 non
874 543 974 626 potui
1005 539 1093 626 Opto

133 637 164 693 te
182 626 270 694 nobis
290 633 325 692 ot
345 645 401 694 eoo
451 627 500 694 'oe
521 625 578 693 ‹lin
599 627 672 694 ineo
686 647 805 707 omem,
827 627 930 696 iretur
951 627 1094 696 dileetis-

134 715 216 780 sime.
257 712 320 779 Die
341 713 443 780 Petro
464 719 499 780 et
518 712 624 780 Panlo
646 735 741 780 seoro
765 716 856 780 1535.
867 713 896 800 ²)

618 849 662 916 Η.
684 849 900 938 Bullingerus
920 857 1007 919 tuns.

582 1259 633 1330 2¹1.

336 1395 587 1467 meumes
603 1397 882 1466 PELLIOANO.

211 1567 369 1635 Pollicem
388 1589 505 1652 potumve
521 1575 557 1636 ut
577 1591 679 1654 nuper
699 1569 886 1656 Bullinyero
906 1568 1097 1638 moestae

135 1653 203 1719 Tlu.
225 1653 350 1721 Places·
369 1655 528 1739 offies'nom
547 1673 653 1724 reem
672 1657 837 1724 meditem.

133 1823 181 1891 (ux
197 1825 364 1896 entogrspbo
380 1826 449 1882 bibl.
471 1827 547 1880 eivie.
566 1827 656 1882 Turio.
678 1827 755 1883 MSS.
774 1828 805 1885 ll.
822 1825 871 1891 47,
895 1825 961 1882 olim
977 1825 1048 1898 lipp.
1066 1825 1097 1880 Τ.

360 1894 423 1950 x11.
439 1895 486 1950 iol.
506 1895 545 1948 ll.
564 1923 597 1936 -
615 1895 713 1952 Simler
729 1897 782 1952 vol.
798 1893 856 1963 ³8.)

131 2061 169 2130 D.
185 2063 351 2132 Pellieono
365 2065 390 2148 ¹)
412 2065 771 2220 dmfiaesiomonlllmlw
793 2065 937 2134 Domino
959 2086 1019 2133 eno
1040 2065 1097 2132 ob·

559 2175 601 2222 rv
668 2175 696 2220 e.

208 2285 243 2355 S.
266 2287 441 2369 Audimus,
463 2289 631 2356 Pellioane
653 2287 850 2369 deotissime,
878 2311 1001 2357 nevum
1022 2310 1098 2373 per·

131 2379 211 2453 tum,
238 2373 423 2440 literarium
449 2382 544 2460 pute,
574 2395 661 2440 nuno
689 2383 722 2442 te
750 2376 911 2442 meditari.
965 2375 1003 2442 Si
1025 2375 1098 2442 fleri

130 2467 239 2544 posset,
261 2459 364 2526 velim
383 2459 425 2526 ed
443 2459 688 2545 prodnoendum
708 2463 745 2527 in
761 2461 869 2530 luoem
886 2461 957 2527 deri
974 2461 1099 2528 nemini

129 2553 251 2628 prester
278 2546 442 2612 Thomnm
469 2567 579 2612 meum
607 2546 795 2614 Blatteruns
846 2547 915 2630 Qui
938 2547 1099 2614 haetenus

130 2629 161 2695 in
181 2630 241 2698 hoo
263 2653 300 2698 se
321 2652 442 2715 genere
463 2633 694 2717 negotiationis
716 2639 948 2713 exereuenmt,
978 2633 1098 2700 divites

131 2715 209 2795 inuti,
230 2737 295 2783 nee
305 2717 456 2802 indigent
465 2718 522 2784 illo
543 2727 612 2798 tuo,
634 2740 694 2786 nee
711 2721 799 2805 grati
816 2725 896 2785 sunt
916 2719 997 2786 estis
1019 2741 1099 2803 erge

188 2801 302 2868 'entes
346 2801 420 2870 Imo
432 2812 466 2869 et
489 2825 725 2890 nonnunquam
748 2805 803 2872 vel
819 2805 917 2870 inviti
934 2803 977 2871 ed
998 2804 1098 2871 eden·

150 2908 204 2954 um
236 2887 419 2972 reeipinnt,
455 2891 606 2974 quemvis
638 2889 762 2971 nobile,
795 2889 881 2976 quod
913 2890 1096 2958 exhibetur.

129 2970 189 3037 Hie
209 2974 344 3058 penitus
366 2975 570 3040 eontrorinm
591 2982 642 3042 est
660 2977 821 3044 invenire.
865 2975 1098 3062 Indigetllho·

129 3078 203 3138 mes,
226 3059 344 3144 utqui
364 3069 469 3126 artem
496 3081 586 3127 nune
607 3061 752 3147 primum
779 3071 899 3130 tentet:
927 3083 995 3128 nen
1017 3063 1099 3129 ortis

130 3151 234 3210 tumen
255 3145 422 3230 ignorans,
445 3154 483 3212 ut
504 3147 597 3232 quie
618 3159 723 3215 morte
742 3148 898 3234 Rauen)
921 3147 1099 3216 doctissimi

128 3229 251 3297 invenis
278 3239 314 3297 et
341 3239 557 3300 oorreotorem
590 3235 696 3319 egerit
727 3233 1032 3320 diligentissimum,
1065 3239 1099 3299 et

128 3314 256 3398 relique,
279 3325 320 3382 nt
340 3323 391 3384 est
412 3317 509 3384 homo
528 3319 817 3404 ingeniosissimus,
844 3341 1003 3406 perquam
1025 3319 1098 3385 ‹lili-

165 3410 239 3468 nter
270 3399 468 3470 observavit
529 3403 640 3471 Habet
671 3406 803 3474 interim
839 3405 1099 3493 suppelleotilem

148 3505 188 3550 ue
208 3489 431 3574 pertinentem
449 3490 713 3574 eopiosissimem,
730 3493 877 3578 probum,
900 3493 1097 3578 elegantem:

127 3574 1016 3748 tmttttttttitl,eistettensi
1023 3587 1100 3730 'eilt

127 3747 234 3828 gentio
255 3744 341 3812 nihil
393 3767 506 3812 rossus
531 3749 575 3814 sit
602 3747 853 3817 formidandum.
899 3747 967 3816 Sed
988 3750 1122 3816 minus

127 3829 222 3896 etiem
250 3832 357 3897 timen
381 3853 437 3898 nm
466 3831 507 3898 de
535 3832 781 3918 ingratitudine.
830 3835 916 3902 Novi
938 3837 1100 3902 'llhomem

127 3933 145 3978 ιι
165 3916 279 3983 miultis
301 3917 366 3982 iem
389 3917 495 3998 annis,
518 3925 557 3984 ut
575 3918 713 4003 probum
730 3927 764 3986 et
781 3927 914 4006 gratnm
932 3942 1011 4008 erge
1030 3943 1100 3988 om·

125 4021 222 4154 tt:
249 4003 1101 4178 ppgploisfpgnpiporsptveapltfiplotsffipuppupoppiiffi

125 4327 316 4396 mammeti,
347 4333 371 4382 et
393 4327 432 4382 od
461 4327 617 4412 Vestianum
640 4329 788 4399 Emollit.
835 4331 903 4414 Vide
926 4331 1100 4414 utentem

125 4393 257 4450 tem.
277 4393 319 4451 68.
355 4395 400 4452 De
418 4395 460 4452 lo.
477 4397 587 4454 Bebelw
667 4401 774 4469 propte
790 4401 946 4456 Bassiacum
961 4417 987 4456 o.
1006 4401 1100 4458 Stent-

126 4529 139 4584 l
182 4464 398 4603 erpellffilleber,
429 4465 517 4522 Beier.
543 4483 595 4522 tur
649 4467 722 4524 nte
752 4469 1100 4541 Bootarsokerqmtetto

225 4600 258 4670 2)
363 4607 403 4656 est
418 4601 471 4656 29·
489 4602 577 4657 Iunii.

125 4617 498 4822 u,
436 4671 1101 4864 ...sumptuosus

126 4805 655 4962 Bmtrtttttttttutt'
666 4848 718 4933 ,ι
740 4810 869 4963 ..ss
886 4811 979 4950 ιιι-ι
1001 4885 1100 4938 ....

124 4944 329 5028 fflwmedeulue.
349 4945 460 5002 Rubevo
470 4945 606 5018 fimoque·
618 4948 785 5032 lypopvaplu
800 4955 949 5006 mettere
962 4957 1036 5034 peste
1053 4951 1099 5007 ab·

125 5015 642 5154 mmmm
657 5031 723 5142 ἕλω
744 5019 831 5074 ²⁰⁶⁹*
853 5025 982 5076 ''m“
1002 5025 1029 5075 ⁶²
1048 5035 1100 5090 μ’

133 5217 139 5230 ⁸
229 5149 330 5218 8)ss
347 5155 518 5223 sequentibus
538 5153 646 5236 eollipes
665 5153 817 5226 Oporisum
833 5155 922 5238 innui
958 5153 1100 5213 Omnem

126 5233 157 5272 ov
173 5221 326 5276 uerenda
349 5235 402 5276 eus
424 5228 484 5278 orte
507 5238 538 5277 ee
558 5238 620 5306 spuo
642 5229 759 5294 tempore
781 5239 869 5280 eoesoe
891 5224 987 5280 mooe
1008 5225 1099 5281 Bate

129 5283 210 5345 eust
227 5287 372 5356 (Ιιιιιίιιηι)
390 5297 416 5345 et
433 5289 503 5347 Boe.
521 5289 673 5348 Winterues
690 5309 715 5347 n.
735 5291 857 5365 Relepp.
880 5292 953 5350 Ten.
973 5293 1002 5352 V.
1018 5293 1100 5364 nli.

235 5373 347 5431 coms·
362 5389 453 5446 opos
486 5377 543 5434 vot
560 5375 597 5434 n
623 5376 657 5432 s.
677 5375 723 5432 ιι.

1145 539 1188 607 ed
1209 561 1329 607 novem
1350 541 1515 608 offioinem
1544 547 1707 626 emptores
1733 547 1866 627 prester
1891 542 2054 609 rationem
2075 542 2125 609 el·

1145 627 1249 693 torius
1270 627 1458 711 argumenti
1476 647 1612 710 prorsus
1633 627 1843 694 invitaturus.
1887 629 1945 696 An
1966 635 2003 696 tu
2024 635 2124 713 potos

1145 713 1294 798 ingestos
1323 733 1396 778 esse
1425 733 1521 798 posse
1548 713 1604 797 qui
1632 713 1698 780 tels
1725 713 1894 798 quidpiam
1921 713 2069 780 sentiunt
2089 719 2125 782 et

1146 797 1404 865 emolumentum
1430 797 1639 884 pereipiunt?
1681 799 1724 865 In
1750 798 1944 884 eorrigentlo
1971 799 2125 867 nouerit

1146 883 1209 950 tibi
1233 881 1340 966 lebor,
1363 885 1431 950 ino
1460 905 1521 951 neo
1544 885 1694 966 onriotus
1720 884 1832 969 aliquo
1857 895 1993 972 propter
2011 885 2125 952 indili-

1148 969 1302 1055 gentium.
1335 969 1478 1037 'lhomes
1495 992 1555 1054 per
1576 991 1612 1037 se
1629 969 1737 1038 leudis
1754 970 1832 1038 hine
1850 971 1930 1039 setis
1952 971 2029 1038 tulit
2045 971 2125 1040 hao-

1147 1064 1254 1134 tenus,
1277 1061 1312 1120 et
1329 1061 1379 1122 est
1392 1054 1559 1139 oportum
1578 1056 1708 1124 iuvenis
1725 1057 1840 1136 bonus,
1858 1056 1983 1138 doetus,
2006 1057 2124 1138 soiens,

1147 1139 1341 1220 luboriosns,
1369 1141 1426 1225 qni
1447 1141 1509 1207 hue
1529 1141 1567 1208 in
1587 1164 1624 1208 re
1646 1163 1713 1208 non
1736 1139 1848 1208 deerit
1893 1143 2028 1227 Aeeipio
2050 1153 2128 1210 ton-

1149 1225 1225 1292 dem
1247 1224 1288 1292 de
1309 1225 1472 1294 indieibue
1494 1225 1637 1294 duobus:
1666 1248 1773 1312 neque
1800 1227 1855 1296 hie
1883 1229 1947 1295 erit
1971 1227 2125 1296 loboran-

1149 1311 1228 1378 dum
1260 1311 1330 1378 tibi.
1384 1311 1529 1380 'l'homns
1558 1313 1596 1378 in
1628 1312 1750 1380 talibus
1781 1313 1990 1382 eoniieiendis
2022 1335 2126 1400 seque

1149 1398 1347 1464 exeroitotus
1367 1405 1430 1476 est,
1460 1397 1548 1482 quod
1572 1399 1698 1465 elerum
1719 1406 1771 1466 est
1792 1421 1834 1465 ex
1855 1399 1948 1467 libris
1969 1399 2027 1484 qui
2048 1421 2126 1468 oum

1146 1482 1311 1549 indieibue
1332 1483 1557 1567 superioribus
1578 1485 1674 1550 annis
1691 1505 1733 1550 ex
1754 1484 1884 1551 offieine
1900 1485 2126 1572 Herwogiens

1148 1567 1380 1653 prodierunu)
1409 1570 1444 1636 in
1465 1569 1582 1638 luoem.
1627 1569 1783 1637 Summe:
1810 1570 1851 1638 de
1878 1571 1954 1638 libri
1981 1571 2127 1658 periente

1149 1661 1184 1720 st
1203 1656 1306 1739 probe
1321 1655 1435 1734 forme,
1458 1653 1562 1739 deque
1578 1655 1649 1722 eius
1665 1657 1928 1736 instruotoribus‚
1946 1657 2051 1726 offieio
2069 1657 2127 1724 ‹le-

1148 1741 2127 1903 billisl⁰ltltmilb⁹b“·ii⁰il”is⁰i⁸ierliqlbi⁰li

1148 1933 1216 1978 non
1242 1847 1392 1996 igrlbrem
1421 1911 1508 1996 quod
1534 1848 1670 1979 linitur:
1700 1911 1844 1998 κεραμιιῖς
1863 1850 1995 1998 κεραριἓ
2037 1915 2126 1982 Num

1148 1995 1273 2082 pudore
1294 1997 1528 2078 remorabitur,
1558 1999 1622 2065 etsi
1642 1997 1734 2066 nulle
1754 2019 1791 2065 re
1812 2000 1884 2066 elie.
1928 2001 1980 2067 Ne
2002 2022 2043 2067 ue
2065 1999 2128 2067 tibi

1150 2083 1308 2150 murnum
1329 2083 1415 2164 inde,
1436 2105 1535 2167 quem
1551 2085 1703 2151 venerari
1724 2097 1868 2170 eogetur,
1890 2093 1925 2152 et
1947 2086 1990 2152 bs
2031 2107 2068 2153 re
2089 2087 2127 2152 in

1149 2169 1252 2236 oeubs
1272 2179 1407 2254 propter
1427 2169 1590 2254 praesidio
1618 2177 1674 2235 tue
1700 2169 1904 2254 quotidiano,
1933 2172 2051 2256 quibus
2073 2193 2127 2240 ee·

1149 2276 1223 2322 rere
1245 2277 1312 2322 non
1332 2263 1449 2340 potest.
1492 2255 1558 2322 Hie
1587 2254 1616 2321 si
1637 2256 1746 2322 obtem
1789 2257 1893 2338 robis,
1922 2257 2127 2326 obser-vende

1149 2342 1197 2406 mi
1210 2339 1375 2424 Pollicens,
1397 2362 1463 2407 non
1484 2361 1539 2408 me
1560 2340 1676 2423 solnm,
1698 2363 1715 2406 s
1777 2343 1901 2409 multos
1918 2343 2027 2410 edisne
2045 2343 2127 2410 elios

1151 2425 1376 2493 demereberis.
1421 2425 1498 2492 Non
1520 2425 1652 2493 eredere
1680 2435 1772 2512 potes
1793 2450 1901 2513 ,quem
1930 2431 1976 2496 sis
2000 2431 2127 2516 gratifi-

1150 2521 1286 2579 oeturus
1306 2511 1458 2578 omnibns
1480 2513 1536 2596 qni
1557 2511 1736 2580 Bbztterum
1757 2516 1878 2581 emunt
1921 2515 1998 2582 Non
2020 2521 2130 2583 estut

1149 2597 1345 2664 nominatim
1366 2598 1427 2664 hos
1448 2595 1564 2665 dioem.
1609 2599 1742 2665 intereo
1769 2607 1881 2665 temen
1906 2622 1973 2667 non
1995 2603 2128 2686 ignores

1150 2683 1319 2750 eonsulem
1341 2691 1493 2750 nostrum
1516 2683 1739 2768 Heinrythum,
1761 2685 1803 2751 D.
1830 2685 2021 2770 Grynoeem
2047 2686 2129 2770 opo

1148 2771 1265 2850 reum,
1289 2769 1453 2851 Gestiunt,
1482 2771 1571 2837 viros
1600 2791 1737 2853 quorum
1767 2772 1945 2839 umieitium
1966 2793 2033 2838 non
2055 2772 2128 2838 dieo

1150 2875 1240 2920 nuno
1260 2856 1406 2940 primum
1425 2855 1556 2938 parebis
1577 2853 1840 2940 obtemperando,
1862 2857 1920 2924 sed
1938 2857 2072 2944 eugebis
2094 2864 2128 2922 et

1150 2942 1359 3008 confirmabis
1381 2961 1459 3026 egre
1484 2942 1521 3009 ὀ.
1555 2940 1675 3008 Nullus
1697 2949 1748 3009 est
1769 2943 1859 3008 enim
1876 2965 1922 3010 ex
1943 2943 1997 3010 his
2019 2953 2053 3012 et
2072 2943 2127 3010 in·

1150 3027 1297 3094 numeris
1318 3025 1433 3114 adhue,
1484 3028 1522 3094 “s
1543 3027 1600 3112 qui
1621 3048 1688 3093 non
1707 3049 1836 3095 summe
1856 3029 2127 3098 feveetBlattero.

1151 3110 1288 3196 Siquid
1310 3113 1372 3180 boo
1394 3113 1542 3196 epistolio
1570 3114 1709 3214 proieei,
1739 3114 1790 3181 fue
1811 3115 1929 3196 seiem,
1959 3123 1993 3182 et
2013 3115 2127 3183 eondi-

1150 3199 1257 3264 tiones
1278 3199 1395 3284 quibus
1417 3197 1496 3265 dere
1518 3197 1600 3268 vebs
1628 3207 1686 3265 out
1714 3220 1813 3283 queas
1842 3199 1994 3288 sdsignes
2015 3201 2126 3270 velim.

1150 3284 1340 3438 Veleluffim
1367 3307 1470 3352 uxore
1498 3292 1533 3352 et
1563 3285 1674 3352 liberis
1703 3285 1740 3351 iu
1772 3285 1924 3354 Domino.
1975 3287 2128 3355 Basileus

1614 3455 1778 3526 Osuoldus
1799 3458 1975 3544 Myoonius
1998 3465 2085 3528 tune.

1539 3717 1743 3728 ——-—

1614 3916 1666 3986 28

1306 4053 1543 4122 GALVINUS
1564 4052 1829 4122 FRANOISOO
1851 4055 1977 4122 REGI.

1239 4227 1290 4294 De
1317 4227 1516 4294 celeberrim
1545 4223 1671 4292 Coloten
1703 4227 1747 4294 od
1776 4225 1891 4311 Reyem
1920 4226 2129 4298 mammem

1153 4314 1282 4398 epistole
1301 4313 1491 4380 aeduam
1508 4314 1637 4395 primae
1654 4313 1869 4379 Institutione
1886 4314 2018 4381 editiotu'
2031 4337 2128 4398 proe-

1152 4402 1255 4470 mieso
1281 4405 1310 4465 et
1331 4399 1360 4464 d.
1388 4402 1445 4464 23.
1468 4399 1500 4464 A
1594 4399 1607 4463 s·
1637 4403 1729 4464 1535
1757 4398 1833 4464 dato
1859 4401 1957 4466 adsue
1983 4400 2128 4486 Prolepo-

1153 4507 1244 4553 mena
1264 4489 1372 4552 metra
1396 4483 1480 4550 Tem.
1502 4403 1653 4566 ῗῗθδ
1674 4489 1702 4550 et
1726 4485 1810 4550 Τοηι
1837 4483 1906 4550 ΙΙΙ.
1922 4506 1959 4567 p.
1984 4493 2038 4553 16.
2072 4487 2129 4572 Ip-

1151 4593 1222 4638 sam
1243 4571 1345 4656 lepisti
1367 4571 1461 4638 loeo
1486 4569 1571 4636 Turn.
1595 4569 1623 4636 1.
1643 4591 1676 4654 p.
1701 4574 1812 4636 9-26
1832 4576 1910 4652 etp.
1932 4575 2128 4640 257-278.

1155 4659 1240 4726 noos
1264 4656 1316 4723 II.
1339 4677 1375 4738 p.
1401 4659 1512 4722 9-30
1537 4659 1566 4720 et
1590 4655 1703 4741 pollice
1732 4655 1818 4722 von.
1847 4657 1920 4722 III.
1944 4677 1980 4740 p.
2005 4663 2127 4726 9-36.

1151 4917 1170 4974 L
1186 4916 1204 4972 L
1220 4841 1429 4984 stow
1457 4843 1610 4916 satolopun
1628 4844 1759 4915 poem
1783 4841 1955 4917 etookmeyer
1977 4851 2003 4902 et
2027 4843 2129 4908 usos.

1253 4981 1284 5052 b)
1303 4980 1526 5050 stenelum»,
1544 4998 1569 5037 u.
1586 4999 1646 5052 epp.
1663 4981 1735 5038 duee
1748 4982 1947 5054 prominet.

1537 5175 1740 5186 -ιι-ι-ι
