4852 6022
166 324 228 386 329

165 517 268 594 quuta
288 517 339 578 est
360 511 498 580 aliorum
520 511 695 578 confessio:
718 513 754 578 in
775 533 889 578 omnes
910 521 1041 580 autores
1063 516 1136 580 vin-

164 595 307 662 dicatum
330 606 387 662 est.
422 595 535 678 Quum
552 605 602 664 tot
619 619 657 664 ac
673 599 774 664 tentis
794 599 858 663 Dei
881 599 1047 666 beneficiis
1068 607 1136 666 tam

163 681 249 748 male
271 681 467 766 respondeat
487 685 572 764 Rex,
594 705 712 750 vereor
728 705 849 768 magno
872 705 927 750 ere
944 705 987 750 ne
1004 685 1137 751 tandem

224 789 284 834 ves
315 787 438 852 poenam
469 769 539 835 luat
571 791 649 836 suae
686 771 846 854 ingratitu
872 769 943 834 'nis
997 771 1137 836 Interim

186 875 242 920 um
270 853 503 922 Francfordiee
532 855 672 921 habetur
700 867 891 932 conventus,
913 865 1062 922 mortuus
1086 865 1138 922 est

163 960 205 1005 ex
226 941 392 1025 insperato
413 941 502 1006 filius
526 941 662 1025 (lampii,
685 941 742 1024 qui
760 942 801 1006 ob
822 943 983 1007 insaniam
1006 943 1137 1008 vinctus

163 1025 415 1092 custodiebatur.
470 1025 510 1092 st
547 1027 664 1092 fuisset
700 1029 785 1110 patri
818 1035 1000 1110 superstes,
1033 1028 1138 1094 tutela

162 1111 259 1178 novis
290 1110 432 1178 motibus
464 1113 625 1195 potuisset
655 1113 812 1197 praehere
844 1134 985 1178 causam.
1039 1113 1137 1178 Nunc

162 1216 330 1264 successor
347 1209 398 1264 est
415 1219 481 1264 non
500 1197 617 1264 dubius
634 1197 690 1264 ille
708 1197 887 1264 Mauritius
897 1197 1136 1277 Hmricifilius,

163 1303 260 1367 quem
283 1284 319 1347 in
341 1281 472 1348 foedere
494 1305 564 1350 esse
586 1305 685 1367 supra
702 1281 855 1350 indicavi.
891 1285 944 1349 Ita
959 1283 1045 1350 bona
1062 1305 1136 1368 spes

162 1377 227 1444 est,
256 1367 412 1433 ditionem
442 1391 541 1453 quam
569 1390 658 1436 nunc
692 1379 783 1434 tenet
816 1369 984 1454 Georgius,
1024 1371 1136 1435 stetim

162 1452 288 1520 Christi
310 1454 437 1537 peculio
458 1475 669 1522 accessuram.
714 1455 800 1522 Nam
821 1455 976 1540 Georpius
997 1465 1136 1522 aetatem

161 1539 303 1606 caueant
324 1538 542 1623 procreandae
555 1539 656 1606 soboli
670 1541 831 1606 idoneam.
847 1543 888 1622 ¹²)
924 1541 999 1607 Hac
1011 1543 1136 1608 ratione

160 1625 262 1702 vides,
284 1633 445 1708 quantum
467 1625 510 1692 ad
531 1647 692 1692 summam
713 1648 834 1706 rerum,
856 1626 1000 1710 pendere
1029 1627 1136 1695 adhuc

159 1711 281 1788 omnia,
304 1733 365 1778 nec
383 1723 507 1778 certem
526 1711 647 1778 hahere
657 1713 911 1778 inclinationem.
947 1713 1020 1794 Quo
1031 1715 1136 1798 magis

158 1797 325 1880 rogandus
347 1807 398 1863 est
418 1799 512 1863 nobis
527 1799 629 1876 Deus,
651 1799 998 1883 utiaustumaliqucm
1010 1801 1135 1866 exitum

158 1883 258 1948 rebus
280 1893 347 1948 tam
369 1883 536 1968 perplexis
558 1883 681 1949 efferat.

247 1967 336 2050 Quid
355 1969 549 2053 profecerim
571 1970 607 2034 in
629 1991 726 2036 causa
746 1970 895 2048 fratrum,
919 1970 1016 2036 simul
1039 1971 1133 2054 quale

150 2055 266 2133 ,suerit
290 2073 328 2120 ac
349 2054 466 2138 quibus
488 2054 528 2120 de
549 2056 647 2120 rebus
665 2077 775 2120 mcum
787 2076 861 2120 cum
874 2055 1133 2138 Philippocollo·

158 2141 286 2224 quium,
316 2141 471 2206 rescisces
499 2161 559 2224 per
588 2141 788 2220 munuum,
816 2143 874 2224 qni
903 2151 980 2207 ante
1014 2163 1132 2208 navem

158 2225 229 2291 dies
257 2227 347 2292 abire
373 2227 551 2292 constituit
592 2225 701 2312 (logor
722 2228 810 2292 enim
832 2249 919 2293 nunc
937 2247 1015 2311 prae
1028 2227 1132 2294 tabel-

157 2311 231 2376 larii
252 2313 461 2377 festinatione
483 2314 613 2378 mittere
630 2311 816 2378 dimidiatas
831 2313 951 2378 literas.
985 2314 1131 2380 Alteram

156 2405 284 2480 partem
306 2407 385 2464 tunc
407 2399 559 2481 excipies.
594 2399 677 2463 Vale
698 2399 800 2464 irater
821 2399 905 2463 mihi
927 2400 1131 2465 amicissime.

160 2483 313 2548 I'dornam
326 2487 367 2558 Ι4)
394 2505 432 2549 ac
459 2485 576 2550 iratres
604 2505 718 2550 omnes
746 2484 829 2548 mihi
855 2485 971 2550 saluta.
1023 2484 1133 2568 Capito

157 2575 191 2634 et
225 2569 386 2634 Stumniua
417 2577 449 2634 te
482 2569 603 2636 millies
639 2570 791 2636 adutant
848 2570 967 2636 Gratia
998 2571 1132 2636 Domini

156 2655 262 2720 nostri
284 2654 361 2720 Iesu
376 2653 503 2722 Ohristi
524 2665 641 2722 tecum.
675 2657 896 2740 Argentorati,
919 2661 954 2720 17
968 2657 1132 2724 Oalendas

155 2740 289 2824 Apriles
313 2743 404 2806 1539.
419 2743 459 2824 ¹⁴)

780 2827 939 2894 Calvinus
960 2838 1044 2894 tuus.

541 3087 743 3096 .....—-—-·

610 3269 680 3340 1t3.

307 3407 581 3477 SADOLETUS
604 3407 973 3476 GENEVENSIBUS.

241 3579 351 3646 Iucodi
374 3579 510 3646 Sodoieti
531 3581 705 3646 cardinatis
725 3579 766 3645 a
789 3579 828 3644 E.
849 3585 878 3646 et
899 3582 1034 3664 episcopi
1050 3579 1128 3647 Car-

145 3666 323 3750 peceant
345 3667 387 3732 ad
410 3664 559 3733 Senatum
579 3667 783 3732 Gmenemem
800 3667 948 3748 scriptam
965 3668 1128 3750 epistolam

152 3771 184 3816 o.
204 3751 234 3816 d.
261 3749 338 3816 XV.
365 3750 431 3818 Cal.
454 3753 535 3834 Apr.
549 3757 649 3834 1539,
672 3753 828 3818 edidimus
841 3773 987 3818 unacum
1001 3751 1128 3820 Colaim

151 3837 352 3917 responsione
381 3837 457 3920 Opp.
486 3839 570 3904 Tem.
600 3837 636 3903 V.
652 3859 729 3922 paq.
753 3843 823 3903 369
845 3859 931 3922 seqq.
944 3841 1128 3924 praemissa

151 3919 239 3986 dreni
266 3923 482 3989 dissertatione
507 3924 811 3990 imaeue-literaria
838 3925 913 3990 idid.
938 3946 974 4006 p.
1005 3925 1133 3992 XLIV

150 4027 243 4158 sAeqdl
251 4095 256 4107 Ι
279 4007 396 4109 Exulet
422 4030 540 4162 unoque
567 4010 641 4108 daec
662 4009 808 4160 Epistollp
833 4031 931 4160 uparpu
952 4012 1127 4161 spriptatin

151 4115 445 4248 intuta..
459 4095 655 4266 tttt‘
650 4103 845 4248 tttt..:¹
873 4103 893 4162 ⁰
917 4143 925 4160 '
987 4118 1071 4181 'mi‘
1105 4119 1126 4162 ⁰

154 4353 356 4362 m...-

257 4469 304 4537 12)
322 4469 427 4525 Deliis
443 4472 525 4527 reduc
541 4471 604 4526 cide
622 4470 735 4526 stades
749 4488 779 4540 p.
791 4471 840 4526 145
857 4471 897 4526 ed.
907 4472 925 4525 l.
950 4469 1124 4540 Sectmdort‘,

148 4538 202 4594 ΠΙ.
220 4538 280 4594 212.
317 4555 342 4594 c.
362 4539 504 4610 Lonpema,
523 4539 628 4596 Merite
643 4557 668 4595 o.
687 4539 806 4598 &cirea
824 4540 851 4594 1.
868 4539 903 4594 68
919 4555 957 4595 aa.

256 4606 301 4674 13>
321 4607 510 4676 Maliuqrium.

256 4677 303 4743 14)
321 4681 339 4731 i
358 4693 378 4732 e.
398 4675 439 4733 16.
459 4677 566 4746 Martii,
583 4693 640 4732 non
658 4675 698 4731 15.
716 4683 747 4732 ut
764 4677 810 4732 Bt.
826 4677 912 4732 dohet

1045 329 1126 392 1539
1148 325 1289 392 MAR'I.

1640 632 1714 704 164.

1429 769 1664 838 OALVINUS
1687 769 1917 838 FARELLO.

1278 939 1404 1008 Prioris
1442 942 1602 1008 relationis
1632 943 1669 1008 de
1700 943 1792 1008 rebus
1825 942 2164 1026 Francofurdiensidns

1189 1028 1384 1106 continuatio,
1419 1049 1456 1092 en
1487 1027 1606 1094 Bucari
1637 1029 1776 1110 epistolis
1807 1031 1997 1095 manacta.
2052 1030 2164 1112 Ipsius

1189 1133 1258 1180 cum
1276 1113 1510 1178 Melancdtione
1530 1113 1714 1196 colloquium
1735 1114 1773 1180 de
1794 1115 1957 1181 concordia
1978 1115 2163 1182 munienda

1189 1204 1216 1264 et
1247 1197 1433 1279 disciplinae
1454 1197 1683 1266 'emlesiostioae
1714 1201 1899 1266 nicaenae.
1952 1199 2083 1266 Interim
2111 1221 2163 1267 res

1189 1290 1323 1368 augusta
1344 1285 1438 1350 domi.

1190 1455 1286 1518 (Manu
1299 1457 1401 1524 scripta
1411 1471 1466 1508 nou
1480 1461 1577 1508 exstat.
1613 1455 1696 1509 Edita
1709 1463 1751 1509 est
1769 1473 1785 1509 a
1802 1456 1875 1510 Besa
1892 1455 1959 1511 (len.
1976 1473 2003 1526 p.
2021 1455 2061 1520 11,
2081 1455 2161 1512 Laus.

1188 1541 1214 1593 p.
1233 1521 1275 1590 23,
1293 1524 1398 1578 Hauon.
1416 1541 1442 1594 p.
1460 1523 1503 1588 20,
1528 1525 1634 1646 Oholueot
1653 1542 1681 1646 p
1694 1525 1863 1658 liliiml
1887 1542 1915 1594 p.
1938 1523 1963 1578 t.
1990 1553 2022 1564 -
2046 1525 2162 1594 Anglice

1274 1745 1437 1827 Quoniam
1458 1747 1596 1812 verebar
1623 1769 1666 1812 ne
1688 1747 1747 1812 tibi
1769 1747 1906 1813 molesta
1927 1759 2013 1812 essct
2032 1747 2161 1830 longior

1187 1853 1333 1898 mearum
1347 1832 1515 1898 literarum
1534 1833 1742 1915 exspectatio,
1760 1833 1862 1898 malui
1880 1854 1986 1916 nuper
2001 1831 2160 1898 abscissas

1186 1919 1404 2000 praemittere,
1422 1940 1519 2000 quam
1539 1928 1571 1984 te
1589 1919 1720 1984 differre
1737 1920 1771 1982 in
1784 1918 1952 1984 Michaelis
1969 1917 2158 1984 adventum.

1186 2003 1283 2070 Nunc
1305 2004 1406 2088 igitur
1426 2004 1552 2086 reliqua
1572 2015 1753 2070 contexam.
1769 2003 1792 2089 ¹)
1842 2003 1941 2068 Prius
1963 2025 2041 2069 vero
2061 2025 2159 2086 quam

1186 2091 1317 2155 veniam
1331 2088 1372 2154 ed
1388 2089 1583 2172 colloquium
1601 2089 1746 2172 Philippi
1761 2089 1905 2155 breviter
1920 2089 1981 2154 tibi
1996 2110 2159 2172 exponam

1186 2196 1249 2258 quo
1281 2197 1473 2259 progressus
1504 2177 1549 2240 ait
1580 2196 1621 2240 ex
1653 2197 1691 2240 eo
1724 2185 1869 2259 tempore
1901 2195 2010 2240 rerum
2042 2183 2157 2240 status.

1186 2261 1267 2326 'Iam
1301 2263 1431 2342 iniquas
1463 2258 1663 2326 conditiones
1696 2282 1794 2326 ausus
1827 2269 1877 2326 est
1907 2259 2040 2325 taudem
2072 2260 2158 2325 lerre

1187 2346 1334 2412 denaris
1351 2347 1489 2431 legatus,
1515 2355 1554 2410 ut
1570 2367 1687 2430 parum
1705 2345 1847 2412 abluerit
1863 2346 1942 2428 quin
1964 2369 2017 2412 res
2038 2347 2157 2410 iterum

1184 2430 1226 2496 ad
1248 2432 1373 2516 gladios
1394 2431 1524 2498 rediret.
1574 2432 1715 2498 Volebat
1734 2439 1771 2498 ut
1790 2452 1826 2497 se
1854 2452 1875 2496 a
1895 2431 2157 2498 sacramentariis

1124 2572 1131 2585 .
1184 2519 1290 2583 nostri
1311 2516 1537 2584 subducerent.
1583 2518 1685 2584 Vides
1697 2516 1841 2583 Satanae
1859 2530 1954 2582 artes.
1998 2517 2071 2582 Hoc
2093 2517 2156 2582 sci·

1183 2603 1260 2670 licet
1281 2615 1399 2685 captet,
1421 2613 1545 2668 utnon
1566 2603 1663 2668 modo
1690 2613 1812 2681 vetera,
1841 2623 1924 2685 quae
1952 2601 2030 2667 olim
2059 2604 2156 2667 semi-

1183 2689 1284 2766 navit,
1300 2688 1375 2754 odia
1390 2689 1536 2754 alantur:
1556 2689 1613 2754 sed
1631 2709 1736 2754 novae
1753 2709 1879 2770 quoque
1896 2687 2047 2767 offensae,
2066 2687 2158 2753 velut

1183 2795 1338 2840 accensae
1355 2776 1452 2854 iaces,
1471 2774 1512 2840 ed
1529 2775 1653 2840 maiora
1664 2773 1798 2840 dissidia
1807 2773 1981 2839 excitanda
1992 2773 2155 2840 accedant

1182 2861 1285 2942 Atqui
1307 2861 1411 2925 nostri
1433 2881 1493 2926 nec
1511 2861 1781 2926 sacramentarios
1802 2859 1888 2925 ullos
1909 2866 2155 2942 recognoscunt,

1182 2954 1216 3011 et
1244 2946 1506 3012 coniunctionem
1539 2946 1601 3011 sibi
1632 2967 1704 3012 esse
1730 2945 1845 3012 volunt
1871 2965 1945 3010 cum
1974 2944 2156 3010 Helveticis

1181 3033 1333 3099 ecclesiis.
1395 3030 1538 3114 Ideoque
1569 3031 1653 3096 illud
1685 3032 1842 3096 omissum
1855 3065 1861 3074 ·
1875 3037 1926 3096 est
1957 3051 1978 3095 a
2011 3028 2154 3109 Caesare,

1180 3116 1366 3200 factumque
1387 3125 1425 3182 ut
1446 3117 1487 3182 ad
1517 3117 1726 3201 paciscendae
1754 3115 1903 3182 inducias
1931 3116 2033 3180 animi
2058 3114 2155 3180 incli-

1180 3213 1311 3268 narent:
1340 3223 1423 3284 quac
1455 3203 1582 3268 utinam
1610 3203 1764 3269 ecclcsiae
1791 3201 1918 3267 Christi
1946 3201 2044 3266 utiles
2076 3201 2151 3266 sint

1179 3288 1265 3355 Mihi
1285 3301 1372 3354 certe
1388 3288 1472 3353 nihil
1490 3287 1566 3354 boni
1584 3287 1789 3372 promittunt
1830 3287 1903 3354 Hoc
1920 3307 2047 3370 quoque
2064 3285 2155 3352 videt

1180 3375 1307 3440 Elector
1329 3373 1500 3451 Senoniae,
1529 3375 1586 3458 qui
1614 3394 1715 3456 quum
1737 3372 1897 3438 hactenus
1917 3381 2087 3438 cunctator
2109 3371 2154 3436 sit

1179 3459 1320 3538 habitus,
1343 3460 1570 3527 necessitatem
1593 3459 1670 3524 belli
1689 3460 1874 3541 impositam
1897 3459 1991 3524 nobis
2012 3457 2150 3540 putavit

1181 3547 1394 3630 Lantprovius
1411 3555 1541 3630 practer
1561 3546 1707 3611 omnium
1729 3564 1820 3626 spem
1843 3543 1964 3609 bellum
1986 3542 2149 3608 dissuasit

1180 3634 1230 3698 Ao
1251 3653 1436 3714 quanquam
1458 3653 1525 3696 non
1547 3630 1746 3698 detrectabat
1767 3629 1867 3714 sequi,
1891 3631 1918 3694 si
1941 3629 2037 3694 aliter
2057 3628 2152 3696 sociis

1180 3717 1355 3796 videretur,
1377 3717 1537 3782 emollivit
1557 3727 1666 3782 tamen
1685 3736 1798 3782 eorum
1815 3715 1940 3781 animos
1957 3715 2012 3798 qui
2029 3715 2064 3780 iu
2081 3715 2152 3780 cius

1179 3803 1347 3870 alacritate
1369 3803 1545 3885 plurimum
1568 3802 1776 3886 reponebant.
1815 3801 1913 3866 Nunc
1934 3820 2012 3884 ergo
2034 3819 2087 3865 res
2109 3797 2152 3864 ad

1178 3889 1327 3954 inducias
1359 3888 1477 3972 vergit,
1504 3889 1591 3952 inter
1619 3907 1700 3970 quus
1728 3886 1768 3950 de
1796 3885 1969 3951 concordia
1996 3885 2150 3966 utrinque

1179 3974 1376 4058 dispicietur.
1421 3975 1547 4039 Verum
1571 3973 1751 4038 adversarii
1773 3971 1856 4036 nihil
1877 3971 1967 4035 aliud
1989 3991 2088 4053 quam
2110 3968 2150 4034 de

1178 4061 1255 4128 belli
1284 4059 1528 4143 opportunitate
1556 4059 1754 4142 cogitabunt.
1801 4055 1888 4122 Sace
1915 4056 1956 4121 ab
1983 4055 2044 4122 hoc
2071 4076 2149 4122 con-

1177 4155 1281 4214 uentu
1312 4145 1520 4243 crevenum)
1550 4145 1733 4220 conveniet,
1763 4142 1857 4208 cuius
1884 4161 2028 4206 sororem
2051 4141 2151 4206 habet

1176 4233 1214 4297 in
1227 4232 1445 4296 matrimonio.
1478 4229 1517 4296 Sr
1528 4228 1569 4294 ad
1587 4227 1829 4312 suscipiendam
1847 4226 2037 4310 religionem
2054 4225 2149 4290 illum

1177 4318 1337 4384 adducere
1359 4315 1487 4400 poterit,
1518 4336 1674 4400 magnum
1697 4314 1761 4378 erit
1782 4313 1876 4396 regni
1897 4311 2020 4378 Christi
2042 4313 2148 4377 incre-

1176 4413 1334 4469 mentum.
1386 4400 1558 4483 Siquidem
1582 4399 1677 4466 hodie
1698 4419 1765 4464 non
1788 4397 1885 4463 habet
1906 4397 2040 4462 interior
2061 4396 2147 4462 Ger-

1177 4487 1512 4572 maniapotentiorem
1524 4487 1715 4570 principem,
1727 4483 1826 4567 etqui
1837 4483 1935 4548 latius
1946 4481 2145 4548 dominetur:

1176 4597 1237 4641 nec
1265 4575 1414 4658 superior
1439 4571 1556 4650 etiem,
1588 4579 1725 4654 excepto
1758 4591 1823 4634 uno
1855 4568 2056 4634 Ferdinando
2075 4565 2146 4665 'qui

1176 4659 1389 4744 amplitudine
1411 4657 1545 4723 ditionis
1567 4665 1697 4722 tantum
1721 4663 1863 4739 superat
1906 4653 1959 4719 De
1985 4653 2146 4750 legatione

1175 4745 1216 4811 ad
1244 4747 1370 4830 Regem
1389 4763 1458 4894 pro
1486 4742 1591 4808 salute
1618 4743 1754 4808 fratrum
1784 4762 1821 4807 ac
1853 4761 1952 4808 causa
1979 4737 2145 4820 relrgroms

1174 4829 1388 4898 commcndan
1412 4827 1603 4894 anihildum
1619 4835 1690 4892 erat
1699 4825 1875 4904 decretum,
1891 4845 1991 4909 quum
2002 4821 2145 4886 Bucerus

1192 5101 1256 5164 104.
1275 5103 1305 5164 ll
1327 5100 1368 5166 Of.
1388 5099 1500 5156 &cidara
1512 5100 1557 5157 11.
1569 5099 1627 5166 140,
1647 5097 1751 5153 Plancis
1769 5097 1832 5153 111.
1852 5095 1876 5150 2.
1890 5111 1919 5162 p.
1935 5091 1968 5146 10
1982 5108 2026 5158 ss,
2045 5091 2144 5148 nuta

1175 5173 1229 5227 IV.
1245 5187 1273 5240 p.
1291 5169 1340 5223 101
1359 5185 1394 5224 aa.
1432 5169 1603 5234 dirundam,
1622 5167 1683 5222 111.
1701 5167 1761 5222 200.
1929 5231 1934 5242 ·

1276 5238 1307 5306 2)
1329 5238 1490 5294 Guilelmnm
1507 5239 1557 5294 lsoc
1573 5245 1634 5307 ipso
1645 5253 1719 5292 anne
1731 5235 1848 5292 Ioannis
1858 5237 1949 5298 pum
1956 5243 2141 5286 marcorem
