4782 6010
258 361 348 428 XVI
1150 360 1426 432 aalsuoauu.

257 549 305 616 Io.
330 547 465 616 Gotoiai.
509 550 551 614 Ia
572 569 636 631 pao
663 550 707 616 iis
723 569 805 633 orme
829 549 944 616 Petrae
965 548 1109 632 Bastiae,
1130 549 1293 618 Boilletua
1319 552 1439 635 otiique
1464 553 1502 618 de
1530 553 1585 620 hoo
1612 560 1793 640 arqomeoa
1812 557 2024 638 aediderunt,
2053 557 2111 624 aa
2131 578 2254 626 mamea

255 663 383 742 voeatis,
404 663 487 728 idem
508 661 590 728 illud
610 661 737 728 naeus
765 661 958 741 ι’Πιιειναιιιν,
988 663 1184 746 uaesanae
1204 663 1369 732 anecdota
1394 662 1555 730 XXVII.
1579 665 1626 732 Io.
1650 663 1777 732 &taint
1802 667 1996 750 alteram
2019 668 2062 734 ad
2088 689 2159 734 αιιιι
2186 693 2253 752 ψει-

256 769 395 853 deviam
421 773 513 839 datae
538 792 621 838 nmao
640 774 786 856 primam
813 774 849 838 ia
874 771 972 839 teon
999 773 1140 839 eduntur.
1190 776 1440 842 Anatelaedami
1466 777 1554 859 npssd
1589 775 1781 845 Wetateaioa.
1831 778 1880 846 M.
1910 777 2007 846 Duo,
2041 778 2188 848 XXIII.
2213 817 2253 831 -

255 882 338 950 XII.
361 892 395 950 et
413 889 453 948 99
475 905 549 970 pag.
573 889 602 951 8.
1944 957 1947 963 .

409 997 530 1062 Insunt
550 1017 630 1081 quas
657 996 774 1062 titulus
795 995 959 1080 promittit
980 997 1101 1081 viginti
1130 1003 1257 1080 septem
1279 997 1451 1082 epistolae,
1481 999 1606 1066 soilioet
1625 986 1709 1066 duae
1729 1001 1878 1080 Passelii,
1901 1021 1965 1084 quo
1986 1003 2119 1068 nomine
2137 1001 2257 1070 Noster

256 1107 385 1192 saepius
406 1107 571 1188 utebatur,
593 1107 777 1189 adBeaam,
800 1115 949 1174 oaeterao
966 1128 1080 1174 omnes
1100 1109 1267 1176 variorum
1290 1097 1530 1188 adOalvinum,
1552 1111 1606 1177 vol
1627 1111 1684 1178 illo
1701 1111 1757 1178 vel
1778 1112 1842 1177 alio
1859 1113 1920 1179 sub
1936 1114 2069 1180 nomine
2090 1113 2254 1194 latentem,

255 1239 377 1303 eaeque
396 1239 457 1302 pro
478 1221 605 1285 ratione
627 1221 765 1286 istorum
787 1219 960 1285 nominum
980 1221 1016 1285 in
1037 1219 1185 1286 diversas
1211 1223 1313 1288 serios
1335 1221 1518 1288 distinotso.
1562 1223 1659 1289 Duas
1679 1231 1812 1289 tantum
1829 1224 1951 1290 adsunt
1971 1223 2088 1309 gallioo
2109 1246 2254 1292 sermons

254 1330 413 1414 scriptae,
441 1330 586 1414 reliquae
612 1352 725 1397 omnes
751 1331 864 1396 latino.
909 1331 1104 1414 Doaumpsit
1125 1353 1181 1398 eas
1202 1332 1266 1398 Vir
1288 1333 1495 1401 dootissimns
1517 1355 1559 1398 ex
1587 1333 1714 1400 duobus
1740 1334 1904 1402 oodioibus
1926 1335 2092 1403 Gothauis
2120 1357 2255 1420 quorum

254 1442 407 1508 notitiam
428 1442 516 1507 infra
537 1441 597 1507 tibi
619 1440 908 1526 suppeditabimus.
942 1441 1119 1509 antamm
1136 1445 1245 1510 Lisbii
1267 1465 1365 1510 ourao
1385 1445 1422 1510 in
1440 1444 1661 1512 describendis
1679 1446 1893 1531 autographis
1910 1447 2035 1530 positae
2052 1449 2143 1513 omni
2161 1447 2256 1514 landa

254 1553 375 1639 dignae
396 1561 488 1633 sunt,
517 1563 551 1618 et
572 1554 630 1618 vix
657 1573 725 1620 uno
747 1554 799 1619 vel
822 1553 925 1620 altero
947 1554 1018 1620 looo
1039 1555 1076 1618 in
1098 1556 1271 1622 leotionem
1297 1555 1339 1620 ad
1361 1554 1461 1622 fidam
1483 1555 1630 1624 oodioum
1652 1555 1892 1623 emendandam
1912 1556 2097 1640 inoidimus,
2120 1567 2153 1624 at
2174 1559 2256 1626 hano

254 1686 381 1750 quoque
402 1665 542 1731 fortasse
563 1665 669 1750 magis
690 1664 890 1750 typographi
907 1666 1098 1733 osoitantiae
1115 1687 1213 1750 quam
1230 1666 1334 1750 ipsius
1351 1667 1485 1734 editoris
1502 1669 1607 1734 errori
1623 1667 1840 1734 tribuendam.
1874 1667 2046 1748 simlerus,
2068 1671 2122 1737 oui
2132 1669 2255 1738 Gothu-

255 1798 374 1843 nornm
400 1775 549 1842 oodioum
577 1777 856 1860 inspioiendornm
878 1778 970 1860 eopia
996 1778 1156 1857 nonfuit,
1179 1778 1248 1843 fere
1275 1785 1383 1843 totum
1404 1779 1512 1846 Liebii
1532 1779 1681 1848 libellum
1701 1780 1827 1845 oalamo
1854 1780 2056 1865 desoriptum
2076 1783 2144 1848 suis
2164 1782 2255 1848 voln-

253 1888 398 1954 minibns
418 1888 569 1952 inseruit.

408 1999 462 2063 Ex
484 1997 601 2064 iisdem
625 1998 787 2066 oodioibus
815 1999 936 2066 nostris
963 1999 1166 2084 temporibus
1194 2001 1292 2066 aliam
1320 2022 1457 2086 eamque
1483 2001 1588 2068 multo
1609 2002 1858 2086 locupletiorem
1880 2025 2021 2070 messem
2044 2004 2256 2088 epistolarum

254 2109 482 2193 depromptam
509 2108 612 2175 edidit
638 2109 675 2176 G.
699 2112 736 2176 Τ.
758 2111 1069 2192 Bretsohneiderus,
1099 2112 1301 2180 clarissimus
1323 2112 1480 2197 Oorporis
1507 2113 1775 2180 Reformatorem
1798 2112 1955 2181 eonditor.
2006 2115 2155 2181 uitulum
2184 2115 2257 2181 libri

255 2222 306 2288 aui
327 2221 405 2288 feoit
425 2219 528 2288 huno:

409 2332 544 2399 Ioaaaa's
566 2331 701 2413 Οιιιυιιιῑ,
727 2331 840 2401 Tbaod.
863 2333 979 2416 Betae,
1001 2334 1136 2402 Hearioi
1158 2334 1223 2400 IV.
1258 2335 1357 2420 Rapis
1377 2336 1572 2420 altorumque
1592 2337 1684 2404 idias
1705 2339 1776 2404 osai
1795 2337 1955 2404 bominum
1975 2337 2084 2404 literae
2104 2337 2258 2420 quaedam

255 2444 394 2510 nondam
414 2444 525 2512 addae.
558 2443 602 2509 Ia
622 2445 805 2510 maneriam
825 2465 987 2512 saeorum
1000 2446 1227 2513 amansium
1248 2451 1320 2514 ante
1340 2447 1406 2513 trio
1426 2449 1552 2515 saerata
1572 2449 1804 2515 emendutemm
1823 2469 1863 2514 aa·
1881 2447 2084 2533 oatopaplts
2100 2449 2136 2513 ia
2152 2448 2257 2514 bitilo-

255 2555 342 2622 theco
363 2555 471 2624 ducali
484 2555 630 2621 Gothum
651 2555 748 2622 edidit
771 2553 845 2622 Gar.
861 2555 1211 2639 GotaBrotsotneidea
1234 2558 1274 2624 ta.
1298 2557 1398 2642 ειμι.
1420 2559 1451 2624 d.
1477 2559 1601 2644 (uasti).
1634 2557 2024 2626 eonsummatos
2045 2559 2107 2642 ap.
2130 2561 2257 2626 ineunt.

257 2667 390 2750 Leptine
413 2671 506 2732 1835
526 2665 701 2750 sumptibus
724 2665 817 2734 Fae.
842 2665 913 2734 Otr.
940 2667 1026 2734 Get.
1056 2668 1183 2754 Voyetit.
1206 2706 1246 2716 -
1270 2669 1351 2736 ΧΠ.
1374 2677 1407 2736 ot
1426 2673 1488 2734 228
1508 2691 1583 2755 pag.
1607 2674 1636 2736 8.

409 2777 532 2844 Insunt
552 2779 716 2862 octoginta
737 2785 808 2844 ooto
830 2779 985 2861 epistolae
1007 2780 1062 2846 vel
1083 2780 1148 2847 alia
1169 2781 1373 2862 dooumenta,
1395 2801 1437 2848 ex
1459 2782 1577 2865 quibus
1597 2782 1717 2866 viginti
1738 2803 1797 2846 sex
1818 2788 1950 2851 tantum
1967 2802 1988 2847 a
2003 2784 2125 2850 uostris
2141 2784 2257 2850 eastris

256 2890 363 2958 aliena
385 2895 474 2955 sunt.
518 2889 612 2954 Inter
632 2887 758 2971 reliqua
785 2887 944 2973 leguntur
965 2889 1098 2958 Caluini
1125 2892 1245 2978 viginti
1272 2893 1415 2976 quinque
1443 2893 1599 2976 epistolae
1627 2893 1749 2959 latinae
1775 2891 1817 2958 ad
1845 2891 2008 2974 diversos,
2037 2900 2110 2958 tum
2136 2915 2257 2960 novem

255 3001 402 3069 eiusdem
430 3002 615 3085 fragmenta
643 2999 768 3084 politioi
796 3001 984 3086 argumenti
999 3002 1063 3069 ‚val
1090 3002 1132 3068 ad
1162 3003 1367 3088 disoiplinam
1387 3004 1518 3070 oivilem
1538 3004 1753 3088 pertinentia,
1778 3003 1932 3070 undeoim
1952 3003 2060 3070 Benas
2082 3002 2125 3070 ad
2145 3003 2257 3072 Oalvi·

255 3136 347 3194 mum,
369 3111 541 3180 duodeoim
563 3111 702 3177 aliorum
724 3110 766 3176 ad
788 3111 939 3193 eundem,
961 3121 1131 3197 praeterea
1152 3115 1296 3198 quinque
1318 3116 1441 3199 saripta
1462 3117 1554 3182 varia
1574 3113 1615 3181 de
1638 3114 1768 3182 Caluini
1788 3115 1888 3182 rebus
1908 3116 2093 3182 traotantia.
2126 3115 2171 3182 In
2190 3122 2257 3181 toto

254 3225 318 3292 hoo
338 3245 476 3290 numero
488 3245 548 3290 sax
559 3224 843 3306 tantumreperies
854 3244 938 3307 quae
959 3226 1059 3291 etiam
1077 3224 1164 3308 apud
1175 3225 1330 3292 Liebium
1351 3233 1491 3306 exstant,
1514 3233 1582 3294 tres
1603 3248 1685 3310 quas
1705 3227 1772 3292 iam
1792 3225 1872 3292 olim
1890 3227 1978 3294 Baua
1997 3227 2155 3308 ediderat,
2180 3250 2258 3313 qua·

254 3359 330 3404 rum
351 3345 465 3402 tamen
486 3355 554 3400 uon
573 3334 638 3400 nisi
660 3354 760 3399 unam
781 3334 888 3402 denuo
911 3337 1076 3422 integram
1098 3335 1271 3420 desoripsit
1290 3358 1397 3404 novus
1424 3337 1547 3418 editor,
1574 3337 1610 3404 in
1638 3337 1775 3422 reliquis
1796 3337 1962 3424 spicilegio
1990 3337 2258 3406 emendationum

254 3451 340 3518 uoto
362 3453 545 3516 eontentus.

411 3557 681 3626 Bratsohnaideri
708 3557 852 3625 studium
874 3555 915 3623 de
935 3557 1129 3644 evulgandis
1150 3559 1203 3625 his
1224 3581 1263 3626 eo
1284 3567 1430 3645 tempore
1456 3559 1588 3628 ineditis
1615 3567 1649 3625 et
1676 3559 1835 3646 negleotis
1861 3560 1991 3628 sohedis
2012 3561 2158 3628 maxime
2187 3563 2256 3628 lau-

253 3671 412 3752 dandum,
442 3669 500 3738 sed
529 3669 644 3736 multis
669 3671 705 3736 in
733 3667 813 3736 loois
842 3670 914 3736 viro
941 3691 1068 3736 summo
1095 3670 1203 3736 flandi
1230 3672 1294 3738 fnit
1319 3683 1415 3739 vetus
1439 3672 1610 3738 literatura
1638 3671 1749 3738 minus
1775 3672 1863 3738 lootu
1890 3671 2003 3739 faoilis.
2052 3673 2203 3740 Maxime
2222 3675 2256 3738 in
2376 3705 2377 3786 ι

254 3783 379 3870 galliois
400 3783 546 3848 textibus
567 3787 738 3864 peooatum
760 3787 819 3859 eat,
842 3779 923 3846 adeo
944 3789 981 3847 ιιι
999 3782 1067 3848 fere
1084 3781 1197 3848 nullus
1214 3782 1269 3850 hio
1290 3804 1407 3850 versus
1428 3784 1472 3849 sit
1492 3783 1529 3848 in
1545 3804 1609 3866 quo
1630 3781 1804 3848 lootionom
1821 3781 1956 3848 editoris
1973 3783 2132 3850 intentam
2153 3785 2254 3850 relin-
2376 3791 2377 3804 ¹

255 3917 355 3980 quera
376 3896 553 3979 potuimus.
596 3891 753 3976 Exempli
781 3893 888 3977 gratia
914 3899 947 3957 to
975 3891 1017 3958 ad
1045 3913 1085 3959 ea
1113 3893 1303 3978 ablegamus
1331 3915 1415 3978 quae
1444 3915 1545 3978 snpra
1565 3895 1601 3960 in
1622 3893 1730 3976 priora
1750 3901 1843 3977 parta
1864 3893 1962 3960 huius
1983 3895 2162 3962 voluminis
2183 3915 2254 3981 pag.
2376 3903 2377 3968 P

259 4009 429 4071 125-144
451 4005 569 4084 habos,
603 4003 693 4088 leges
718 4025 836 4086 nempe
865 4002 993 4084 oivilea,
1023 4025 1043 4069 a
1070 4004 1210 4072 Calvino
1237 4005 1359 4072 oumim
1386 4006 1603 4089 oonaoriptae,
1631 4025 1712 4089 quas
1740 4005 2034 4073 Brotsohneidorns
2059 4007 2189 4090 primus
2213 4027 2255 4072 ex

255 4115 384 4184 sehedis
407 4115 570 4182 Gothauis
592 4116 687 4181 eruit.
733 4113 837 4181 (luins
858 4113 1002 4198 plurima
1025 4123 1133 4180 errata
1154 4118 1252 4183 taoite
1273 4117 1446 4184 emendare
1475 4117 1651 4182 maluimus
1673 4137 1773 4200 quam
1793 4116 1921 4202 ingenti
1942 4117 2131 4184 oritioarum
2150 4138 2254 4184 anuo·
2376 4095 2377 4108 ἵ

255 4229 419 4293 tationum
439 4227 525 4291 mola
547 4228 730 4311 marginem
748 4247 893 4292 onerare.
937 4223 1006 4292 Sed
1024 4227 1123 4292 etiam
1144 4227 1248 4293 latina
1273 4227 1527 4295 emendatricem
1549 4249 1684 4294 manum
1704 4229 1906 4313 flagitarunt,
1929 4229 1991 4295 atsi
2012 4229 2116 4295 multo
2138 4231 2254 4296 rarius

254 4341 315 4406 Bis
336 4339 447 4404 omnia
467 4357 543 4403 oum
563 4339 642 4421 ipsis
660 4335 824 4405 oodioibua
846 4336 981 4403 anobis
1003 4337 1122 4405 oollata
1142 4347 1228 4420 sunt,
1251 4341 1297 4406 ita
1316 4342 1441 4406 utiam
1462 4339 1712 4424 castigatissimo
1733 4347 1827 4406 textu
1849 4359 1964 4406 seoure
1985 4341 2034 4406 nti
2056 4361 2167 4424 queas.

1200 4606 1224 4688 ι.
1247 4604 1310 4670 m

999 4739 1203 4796 EPISTULAE
1221 4741 1270 4794 AD
1289 4739 1507 4797 elatustum.

413 4875 534 4942 Lettres
554 4875 591 4940 de
615 4872 726 4942 Galata
748 4875 769 4940 ὰ
790 4875 893 4959 Juque
913 4879 951 4945 de
971 4877 1161 4963 Boarpopae
1184 4877 1338 4962 Seipnear
1358 4880 1396 4946 de
1418 4878 1533 4946 Fatots
1553 4883 1580 4945 at
1600 4877 1834 4946 doBredomet
1854 4878 1875 4942 d
1895 4898 1952 4944 soa
1973 4877 2098 4960 Eporae
2116 4877 2251 4946 dolende

254 4989 295 5055 dt
322 4987 507 5055 Breierode.
563 4985 750 5068 Imprimdes
782 5007 839 5052 aur
872 4989 916 5054 les
945 4988 1125 5074 Oriplmua
1151 4996 1295 5064 (Graviore
1316 4997 1504 5068 repre'seataat
1530 4999 1554 5054 te
1581 4998 1672 5054 caete
1694 4997 1727 5052 de
1751 4995 1872 5064 Galae).
1895 4989 1917 5054 ὰ
1938 4989 2146 5056 Anemosa
2172 4989 2252 5056 Chae

254 5099 291 5167 J.
320 5093 468 5165 Weaaia
490 5096 752 5164 MDOOXLIV.
794 5097 918 5164 XXIV
939 5107 972 5164 et
994 5103 1055 5163 228
1077 5121 1151 5185 pag.
1173 5103 1202 5166 8.

411 5211 464 5276 De
485 5209 605 5276 Iaoobo
627 5230 646 5274 a
667 5209 865 5293 Burgundia
886 5211 955 5276 sive
973 5211 1126 5292 Pallade,
1147 5217 1186 5277 ut
1206 5211 1305 5298 vulgo
1328 5211 1459 5279 Caluini
1479 5211 1692 5280 familiaribus
1715 5211 1815 5293 audit,
1837 5217 1872 5277 et
1891 5210 1969 5278 alibi
1990 5211 2131 5278 dirim
2153 5211 2251 5294 plura
