4820 6016
280 344 343 406 207
1055 337 1319 405 EPISTOLAE
1347 341 1511 402 121-123
2206 341 2259 404 208

278 527 397 613 quibus
418 533 606 610 promptum
625 535 697 592 erat
717 527 832 591 tollere
849 527 876 591 si
920 525 976 591 uid
994 525 1140 610 scrupuli
1158 545 1252 591 exor-
1304 537 1448 592 nostram
1470 525 1602 608 quidem
1619 523 1877 592 aedificationem
1894 524 2028 590 ridetur
2048 522 2192 600 diruisse,
2211 545 2262 592 nos

278 623 350 679 tum
372 624 467 680 esset.
481 611 522 698 ιὅ)
556 613 681 678 Verum
703 611 793 677 aliud
810 611 875 676 fuit
895 547 1033 679 danseri
1055 613 1158 677 nostri
1175 632 1253 676 oon-
1305 632 1382 677 vero
1402 611 1497 677 solidi
1519 613 1555 676 iu
1576 611 1721 677 Domino
1742 612 1950 678 consistimus
1979 631 2017 676 ac
2039 610 2156 675 melius
2176 613 2262 676 etiam

278 699 396 765 silium.
430 698 517 763 Nam
539 697 723 762 clanculum
741 697 814 762 illos
836 697 988 763 submisit
1008 718 1066 780 per
1087 698 1252 782 insignem
1304 697 1534 776 consistamus,
1564 698 1621 762 ubi
1649 699 1719 780 ipsc
1745 717 1820 764 cum
1850 705 1919 762 tota
1945 697 2121 778 impiorum
2147 697 2263 762 natione

278 784 442 869 quendam
453 783 652 866 proditorem
663 783 715 848 cui
726 803 848 848 nomen
859 791 909 848 est
919 784 1019 848 Petro
1039 783 1196 862 Varadeto,
1212 785 1251 864 ¹⁷)
1304 795 1441 850 corruet
1475 783 1547 847 Iam
1565 783 1736 848 ecclesiam
1752 802 1887 865 prorsus
1904 781 2094 847 destitutam
2115 803 2184 846 esse
2199 802 2262 864 pas·

278 891 321 934 ne
342 869 487 950 obscuris
509 869 703 935 coniecturis
731 870 854 952 putetis
876 890 935 933 nos
956 870 1063 933 inniti.
1107 867 1253 934 Perfidia
1304 869 1429 934 toribus
1451 869 1658 952 praestiterit,
1681 890 1780 951 quarn
1802 866 1959 934 atalibus
1981 866 2197 950 proditoribus
2211 869 2262 934 sub

279 957 349 1022 eius
375 953 438 1021 hac
466 956 502 1019 iu
531 965 623 1038 perte
651 975 752 1019 manu
780 963 924 1044 tenetur:
954 955 1043 1019 selus
1065 955 1153 1020 enim
1176 975 1252 1020 oum
1304 963 1473 1038 pastorum
1506 955 1601 1020 larva
1632 954 1838 1019 latitantibus
1870 953 2029 1036 occupari.
2084 951 2161 1017 Duo
2188 955 2264 1018 enim

280 1041 462 1107 Sebastiano
484 1040 663 1123 descriptos
682 1041 830 1118 habebat,
853 1049 886 1104 et
903 1040 1076 1106 Vuadelius
1093 1040 1149 1104 ille
1165 1040 1252 1122 apud
1305 1051 1383 1107 sunt
1403 1042 1459 1123 qui
1480 1039 1587 1107 locum
1614 1049 1764 1106 nostrum
1793 1041 2001 1118 invaserunt,
2035 1059 2171 1122 quorum
2192 1039 2264 1104 alter

278 1127 399 1192 multos
420 1126 559 1210 gloriose
579 1127 615 1190 in
644 1127 698 1191 via
719 1126 877 1203 effutivit,
907 1147 942 1191 se
963 1147 1128 1191 venenum
1157 1125 1253 1191 nobis
1304 1127 1481 1210 gordianus
1492 1125 1788 1192 Franciscanorum
1800 1125 1840 1210 19)
1858 1147 1959 1208 quum
1971 1133 2057 1190 esset
2073 1125 2160 1190 inter
2176 1144 2263 1190 eran·

278 1213 376 1278 letale
396 1213 490 1276 ferre.
527 1213 789 1294 Senaquoessot
810 1231 889 1294 erga
906 1214 1086 1277 nosanimo
1108 1231 1173 1275 non
1195 1231 1253 1294 po·
1305 1211 1381 1296 gelli
1410 1212 1559 1288 exordia,
1588 1211 1753 1277 hostiliter
1780 1231 1909 1293 semper
1935 1211 2146 1295 recognovit,
2175 1207 2263 1276 donoc

278 1299 345 1363 tuit
367 1297 591 1364 dissimulare:
614 1317 692 1362 nam
712 1298 748 1360 in
771 1307 936 1363 conventu
957 1298 1096 1362 fratrum
1118 1297 1253 1362 Nidonii
1304 1297 1475 1364 Ohristum
1508 1297 1683 1380 aliquando
1711 1299 1745 1361 in
1768 1302 1880 1362 uxoris
1907 1297 2012 1360 forma
2038 1295 2263 1378 contemplatus

278 1385 391 1450 habito
413 1385 459 1450 sic
480 1384 652 1466 loquutum
670 1383 866 1466 accepimus:
890 1382 1103 1448 Deliberabat
1120 1391 1253 1448 senatus
1304 1395 1364 1462 est,
1385 1404 1483 1467 quam
1507 1383 1605 1448 simul
1623 1394 1720 1465 atque
1741 1381 1858 1446 habuit
1874 1403 1985 1448 mcum
2002 1380 2108 1446 modis
2127 1383 2262 1446 omnibus

277 1479 316 1535 ut
337 1469 509 1536 Generum
530 1468 740 1535 concederem
771 1468 812 1532 ad
841 1467 1060 1534 restituendos
1087 1470 1168 1533 istos
1195 1489 1252 1532 ex·
1304 1471 1456 1551 corrupit.
1500 1469 1542 1540 In
1568 1470 1639 1552 ipsc
1667 1468 1866 1534 monachatu
1888 1469 2019 1532 vixerat
2039 1465 2217 1532 foedissime
2235 1481 2263 1530 et

278 1555 392 1639 pulsos
420 1554 482 1706 fflic
503 1557 591 1619 enim
613 1554 829 1639 ignominiose
849 1553 1087 1638 nuncupabat),
1118 1555 1175 1619 sed
1196 1575 1253 1637 pc-
1304 1555 1348 1618 im
1374 1555 1542 1630 ctissime,
1571 1565 1605 1620 et
1634 1556 1705 1619 sine
1733 1553 1801 1618 ulla
1828 1575 1893 1618 nou
1921 1553 2151 1635 superstitione
2171 1551 2261 1630 modo,

229 1713 237 1730 Ι
279 1642 346 1706 tius
379 1641 419 1706 ab
445 1641 558 1706 'cunm
592 1662 644 1704 me
671 1640 853 1704 ministerio
886 1651 920 1704 et
951 1641 1060 1724 patria
1089 1641 1252 1718 cesserim,
1305 1577 1372 1705 scd
1384 1642 1625 1723 superstitionis
1647 1640 1862 1706 simulatione.
1897 1638 2043 1704 Proinde
2064 1659 2107 1704 ne
2130 1637 2263 1703 videatur

279 1748 379 1811 quam
401 1739 438 1792 ut
459 1727 533 1791 illos
555 1726 664 1791 iuvem
683 1747 703 1790 a
724 1725 841 1808 quibus
861 1726 927 1790 scio
944 1747 997 1790 me
1016 1727 1115 1791 fuisse
1137 1727 1253 1790 imma-
1305 1726 1529 1810 episooporum
1551 1726 1664 1790 ordine
1686 1727 1802 1790 merito
1824 1724 2073 1810 expugnandus,
2095 1745 2188 1807 saepe
2207 1723 2262 1790 cla·

280 1814 369 1878 niter
397 1811 594 1877 traductum.
646 1811 736 1878 Haec
764 1821 814 1877 est
840 1811 963 1878 scilicet
989 1812 1071 1876 fides
1100 1812 1192 1877 vobis
1220 1821 1254 1876 et
1305 1813 1429 1876 mutin
1451 1820 1609 1895 suggestu
1631 1831 1697 1876 nou
1721 1812 1843 1894 requiri
1861 1813 2049 1895 episcopum
2071 1809 2201 1875 aPaulo
2216 1809 2260 1892 qui

280 1899 435 1964 ecclesiae
468 1897 593 1962 Christi
631 1897 811 1962 solenniter
843 1897 933 1976 data,
968 1899 1062 1964 cuius
1093 1897 1254 1962 fallendae
1306 1900 1377 1963 sine
1399 1898 1534 1962 crimine
1556 1899 1669 1972 luerit,
1702 1896 1760 1963 sed
1787 1899 1842 1980 qui
1863 1898 1997 1980 incipiet
2018 1917 2107 1972 esse,
2136 1895 2188 1960 ubi
2207 1897 2261 1978 pri·

279 1993 486 2068 praereptam
510 1983 696 2048 facultatem
721 1981 865 2048 Οαπεοηο
897 1985 1071 2066 putabatis.
1088 1985 1126 2057 ¹⁸)
1170 1984 1254 2048 Pro·
1306 2003 1399 2047 mum
1420 1985 1456 2047 in
1477 2005 1550 2048 eam
1572 1983 1766 2067 dignitatem
1788 1993 1967 2066 cooptatur.
2001 1983 2056 2046 Ex
2076 2002 2140 2066 quo
2159 2001 2261 2045 nomen

279 2069 357 2135 inde
378 2090 468 2135 nunc
495 2068 627 2133 tandem
655 2069 879 2150 experimento
901 2068 1037 2146 credite,
1065 2091 1131 2134 non
1153 2070 1253 2134 fuisse
1307 2070 1478 2152 evangelio
1500 2067 1590 2134 dedit
1610 2071 1658 2133 ita
1679 2091 1713 2134 se
1734 2068 1849 2152 gessit,
1877 2081 1917 2132 ut
1944 2066 2097 2133 omnibus
2123 2075 2261 2150 appareat

280 2177 403 2222 vanum
426 2156 661 2236 timoremque
689 2155 736 2219 sic
757 2153 845 2235 apud
873 2175 932 2219 vos
954 2154 1253 2234 consternabamur‚
1306 2163 1422 2237 pectus
1444 2155 1509 2219 Dei
1531 2156 1649 2220 timore
1670 2153 1869 2237 atqueadco
1890 2153 2049 2238 religione
2077 2154 2164 2218 omni
2184 2173 2261 2235 pror·

279 2253 317 2308 ut
344 2241 497 2307 ecclesiae
529 2241 703 2304 autoritate
737 2241 917 2323 aegerrime
944 2241 1102 2306 fuerimus
1129 2238 1254 2305 inducti
1307 2261 1364 2306 sus
1391 2260 1545 2306 vacuum.
1594 2241 1760 2323 Alter‚²⁰)
1794 2259 1979 2323 quanquam
2005 2246 2057 2304 cst
2084 2238 2261 2303 vaferrimus

279 2327 322 2393 ad
343 2325 593 2411 ingrediendum
617 2325 704 2390 huno
725 2325 960 2410 labyrinthum.
1004 2325 1076 2390 Iam
1099 2347 1177 2391 voro
1199 2326 1254 2390 de·
1306 2327 1342 2390 in
1365 2326 1513 2410 tegendis
1533 2327 1635 2404 vitiis,
1664 2325 1745 2392 adeo
1769 2334 1877 2392 umen
1899 2325 2073 2410 insigniter
2094 2343 2132 2389 ac
2153 2323 2262 2388 notabi-

279 2414 385 2478 funoti
407 2432 529 2477 sumus.
573 2411 645 2475 Iam
667 2419 776 2476 vestro
798 2421 832 2476 ct
851 2412 979 2494 piorum
1001 2412 1148 2476 omnium
1169 2411 1254 2476 iudi·
1306 2411 1383 2476 liter
1408 2411 1547 2478 vitiosus
1574 2421 1640 2490 est,
1669 2423 1706 2476 ut
1734 2433 1799 2476 non
1826 2410 1891 2476 nisi
1920 2411 2102 2495 peregrinis
2123 2410 2259 2492 imponat

280 2499 331 2564 cio
356 2497 507 2563 videmur
535 2497 744 2574 satisfecisse,
772 2505 938 2580 utcunque
964 2497 1012 2562 nil
1039 2498 1253 2576 effecerimus,
1305 2497 1450 2580 Uterque
1472 2518 1550 2562 vero
1568 2519 1669 2580 quum
1687 2499 1731 2564 sit
1755 2495 1998 2563 indoctissimus
2020 2517 2080 2561 neo
2106 2495 2148 2560 ad
2169 2495 2262 2560 dicon

280 2585 346 2650 nisi
364 2583 447 2649 lorte
465 2581 551 2665 quod
569 2582 668 2665 duplo
686 2589 743 2647 aut
760 2583 858 2665 triplo
877 2583 1010 2662 malum,
1030 2605 1127 2666 quam
1146 2593 1253 2661 autea,
1307 2581 1386 2648 dum
1407 2582 1503 2648 modo
1525 2583 1582 2648 sed
1605 2583 1705 2649 etiam
1727 2583 1768 2648 ad
1794 2582 2006 2667 garriendum
2032 2581 2261 2657 insulsissimus,

281 2670 424 2735 deterius
441 2667 620 2734 recruduit:
640 2689 716 2732 nam
734 2689 833 2750 quum
852 2669 962 2735 eiectis
980 2669 1140 2752 principio
1159 2669 1255 2734 nobis
1307 2669 1402 2734 ambo
1430 2679 1541 2734 tamen
1569 2670 1822 2736 insolentissime
1848 2667 2050 2751 superbiunt
2095 2667 2188 2732 Nunc
2208 2675 2261 2731 tor·

212 2803 214 2808 -
281 2755 386 2822 Satan
407 2753 578 2820 libidinose
600 2763 634 2818 et
654 2753 722 2818 illic
744 2754 835 2819 etin
852 2763 921 2819 tota
938 2754 1050 2822 Gallia
1072 2755 1254 2838 triumpha·
1306 2756 1390 2818 tium
1410 2753 1476 2820 illis
1497 2753 1687 2820 adiunctum
1708 2755 1857 2820 referunt
1873 2754 2080 2818 scortationis
2102 2773 2203 2836 nuper
2220 2752 2261 2814 in·

281 2849 347 2920 ret,
376 2841 518 2907 accrevit
546 2849 657 2904 tamon
686 2859 728 2904 ex
755 2841 819 2905 ista
843 2841 974 2923 repulsa
994 2861 1061 2905 non
1083 2841 1255 2906 mediocris
1308 2841 1508 2920 simulatum,
1527 2849 1561 2904 et
1578 2841 1710 2905 iamiam
1728 2839 1998 2920 convincendum,
2020 2839 2084 2904 nisi
2102 2857 2261 2920 paucorum

279 2925 494 3012 praefidentia
521 2924 570 2989 illi
602 2933 636 2990 ot
662 2926 732 2990 eius
763 2924 927 2992 membris.
980 2926 1178 3006 Incredibile
1205 2939 1256 2992 cst
1306 2927 1417 2991 favore
1438 2926 1569 3010 elapsus
1591 2937 1677 2992 essct
1698 2925 1860 2991 eiudicio.
1895 2925 2008 3008 Neque
2025 2926 2148 2990 maiore
2165 2921 2260 2988 dexte·

280 3033 380 3098 quam
401 3011 569 3078 licentiose
591 3019 626 3076 et
646 3010 827 3076 insolenter
847 3012 936 3076 omni
961 3013 1113 3076 vitiorum
1136 3033 1255 3096 genere
1307 3012 1405 3076 ritate
1426 3010 1659 3077 administrant
1680 3013 1831 3089 officium,
1857 3033 1955 3094 quam
1977 3018 2183 3100 usurparunt
2220 3007 2259 3072 llo

280 3098 522 3165 debacchentur
543 3097 611 3160 illio
637 3097 746 3180 impii,
774 3117 872 3178 quam
890 3101 1075 3180 petulanter
1096 3097 1257 3162 insultent
1307 3099 1395 3162 enim
1416 3119 1451 3163 so
1472 3099 1681 3182 ingesserunt
1700 3097 1857 3163 fratribus
1874 3099 1974 3162 totius
1995 3097 2181 3180 provinciae
2199 3113 2258 3176 par·

282 3183 409 3250 Christi
443 3183 563 3260 servis,
596 3203 693 3266 quam
719 3184 870 3248 ferociter
900 3183 1071 3268 evangelio
1104 3182 1254 3260 illudant,
1307 3184 1368 3247 tim
1388 3183 1582 3249 inconsultis
1603 3185 1723 3266 partim
1750 3183 2021 3260 reclamantibus,
2049 3184 2086 3247 in
2107 3202 2144 3247 eo
2164 3199 2257 3263 quam·

281 3291 381 3352 quum
401 3270 589 3351 importune
608 3267 714 3334 modis
732 3269 881 3334 omnibus
898 3271 1078 3335 insaniant:
1102 3289 1184 3352 quae
1201 3289 1255 3335 ca·
1306 3269 1357 3334 vis
1378 3271 1487 3352 potius
1509 3271 1737 3352 personam²¹l
1759 3289 1837 3352 prae
1859 3291 1895 3334 se
1916 3267 2027 3334 ferunt
2046 3289 2146 3350 quam
2166 3283 2256 3332 servo·

280 3357 412 3422 lamitas
434 3375 472 3419 eo
493 3353 587 3418 nobis
610 3353 755 3419 acerbior
782 3374 853 3419 esse
874 3355 987 3432 debet,
1015 3354 1101 3438 quod
1129 3364 1167 3420 ut
1188 3355 1254 3419 dis-
1306 3375 1382 3419 rum
1401 3353 1534 3421 Christi.
1566 3357 1692 3420 Verum
1713 3355 1798 3419 nihil
1819 3354 1914 3420 nobis
1936 3355 2040 3438 magis
2062 3353 2158 3430 dolet,
2178 3369 2259 3434 quan

281 3442 412 3526 ciplina,
435 3461 519 3523 quae
540 3439 608 3505 illic
628 3437 800 3506 mediocris
820 3461 927 3523 nuper
948 3439 1133 3524 apparebat,
1164 3461 1255 3524 eoge-
1307 3461 1420 3506 eorum
1448 3451 1518 3505 tum
1546 3442 1691 3514 inscitia,
1718 3448 1789 3505 tum
1817 3440 1965 3518 levitate,
1994 3452 2066 3504 tum
2093 3437 2260 3513 stoliditate,

282 3528 340 3594 bat
370 3526 546 3593 acerrimos
579 3525 745 3609 religionis
776 3533 908 3590 nostrae
940 3525 1144 3591 adversarios
1175 3525 1254 3592 dare
1307 3526 1525 3592 ministerium
1553 3527 1705 3611 prostitui
1739 3547 1776 3592 ao
1808 3527 1929 3609 proiici.
1977 3525 2097 3591 Nullus
2123 3521 2261 3608 praeterit

279 3613 423 3679 Domino
442 3613 588 3696 gloriam,
607 3613 654 3675 ita
670 3611 793 3676 furiosa
810 3611 874 3676 iste
891 3613 1037 3676 omnium
1057 3613 1254 3696 flagitiorum
1307 3610 1375 3677 dies
1397 3633 1460 3695 quo
1482 3633 1549 3677 nou
1570 3613 1742 3678 manifeste
1764 3611 1902 3678 alicuius
1924 3611 2040 3689 errati,
2070 3618 2129 3676 aut
2149 3631 2168 3674 a
2187 3609 2260 3682 virts

279 3699 518 3785 patrandorum
533 3697 735 3779 lieentiapro
753 3696 815 3761 loci
832 3697 1019 3762 celebritate
1036 3699 1071 3762 in
1089 3718 1254 3762 summum
1307 3709 1366 3762 aut
1387 3718 1407 3761 a
1428 3697 1635 3776 mulieribus,
1664 3696 1829 3763 interdum
1858 3701 1956 3762 etiam
1984 3718 2004 3762 a
2031 3697 2143 3780 pueris
2163 3702 2261 3759 notau-

279 3784 442 3870 evangelii
459 3783 638 3848 ludibrium
659 3781 733 3864 plus
754 3783 856 3848 nimio
874 3785 937 3848 erit
954 3783 1149 3866 spectabilis.
1184 3783 1254 3848 Vae
1307 3793 1370 3849 tur.
1414 3783 1482 3849 Sed
1503 3787 1570 3848 iam
1598 3784 1805 3850 festinatione
1831 3783 1993 3848 tabellarii
2020 3781 2158 3866 epistola
2182 3778 2261 3844 nobis

279 3871 330 3936 illi
350 3891 410 3954 per
436 3890 534 3953 quem
561 3868 628 3933 tale
654 3866 845 3932 scandulum
873 3870 1051 3934 excitatum
1079 3877 1138 3935 est
1182 3866 1255 3933 Vae
1307 3869 1347 3934 de
1368 3869 1518 3935 manibus
1545 3871 1717 3936 excutitur.
1771 3869 1904 3946 Valete,
1931 3869 2050 3953 igitur,
2078 3863 2261 3933 ddechmini

280 3956 347 4021 illis
373 3957 482 4038 potius
509 3955 564 4037 qui
593 3953 690 4018 simul
719 3955 755 4018 in
783 3954 957 4019 scelestum
986 3955 1048 4020 hoc
1081 3955 1252 4020 consilium
1307 3955 1400 4020 nobis
1421 3967 1454 4020 et
1480 3955 1632 4038 inprimis
1659 3953 1855 4021 observandi
1884 3956 2017 4034 fratres,
2044 3955 2198 4036 seriisque
2216 3969 2261 4014 no·

281 4043 519 4124 conspirarunt.
565 4041 659 4105 Bona
680 4060 771 4122 pars,
799 4041 861 4105 etsi
883 4061 942 4104 nos
968 4041 1146 4106 incolumes
1167 4049 1254 4104 stare
1306 4040 1433 4106 biscum
1454 4041 1605 4125 precibus
1626 4041 1807 4106 Dominum
1829 4040 1989 4123 appellate
2011 4052 2050 4104 nt
2070 4047 2197 4104 mature
2215 4057 2260 4100 ex·

281 4127 449 4209 cupiebat,
484 4128 561 4209 quia
588 4134 699 4191 tamen
728 4146 794 4190 non
823 4135 951 4208 poterat
983 4127 1135 4208 consequi
1168 4125 1254 4209 qudd
1306 4137 1427 4212 surgat

281 4213 463 4295 appetebat,
487 4213 550 4278 nisi
568 4213 730 4277 exstincto
749 4211 899 4276 veritatis
919 4211 1052 4289 lumine,
1075 4233 1142 4277 non
1160 4211 1252 4277 dubi·

281 4298 366 4363 tarit
387 4317 426 4361 ea
446 4296 594 4362 mercede
616 4298 739 4363 servire
755 4317 934 4380 perversae
955 4297 1133 4380 cupiditati.
1172 4295 1254 4364 Oua·

282 4403 378 4482 ⁸⁶l¹⁴³
398 4383 475 4464 qnia
496 4405 555 4449 ¹¹⁰⁸
577 4391 727 4482 emim.
751 4405 818 4448 ¹¹⁰⁰
848 4393 977 4482 p⁰l⁰r⁸⁶
1004 4385 1074 4448 ⁸i¹¹⁰
1101 4383 1254 4449 ⁹⁰⁰l⁰⁸i²⁰
1392 4415 1657 4502 obtestamurw)
1691 4437 1749 4482 ros
1775 4417 1891 4482 fratres
1941 4417 2085 4492 caveatis
2111 4435 2152 4480 nc
2179 4413 2260 4478 huius

282 4489 400 4546 ΜΒ»
428 4489 493 4532 ⁰⁰¹¹
521 4468 685 4534 dubssffll
717 4469 809 4533 ¹¹¹³ss
836 4469 1005 4535 ¹¹⁰b¹⁸⁰¹¹¹¹¹
1031 4467 1163 4534 mhffi
1175 4491 1182 4533 ²
1216 4490 1255 4535 ⁸⁰
1307 4505 1463 4589 epistolae
1492 4503 1664 4587 publicatio
1698 4504 1792 4568 nobis
1818 4503 1862 4568 sit
1896 4470 2013 4568 l‘randi.
2067 4497 2260 4566 Familiarius

1663 4161 1800 4226 Fratres
1821 4160 2036 4225 amantissimi
2057 4159 2159 4225 vestri

1839 4245 1991 4312 Farellus
2014 4253 2046 4310 et
2069 4243 2226 4310 Calvinus.

284 4623 488 4635 --.-...

388 4707 432 4774 16)
451 4707 507 4760 Hie
523 4721 580 4760 rem
597 4707 677 4762 aliter
694 4723 813 4762 conare
830 4708 937 4762 cidem
959 4724 1041 4778 quum
1064 4725 1097 4762 eu
1121 4715 1195 4762 trata
1213 4710 1255 4762 in·
1412 4707 1535 4770 19t1ac.
1561 4707 1703 4775 Bernard,
1732 4710 1782 4780 qai
1802 4709 1858 4762 ιάω
1882 4725 1907 4762 u.
1934 4705 2003 4762 ltat
2029 4705 2136 4760 Farelli
2156 4709 2180 4758 et
2202 4700 2260 4755 aa

282 4779 442 4834 mouente
461 4773 526 4846 (117
550 4781 604 4829 aot.
627 4775 658 4840 4)
678 4775 782 4842 fuctum
803 4775 892 4842 fuisse
913 4777 1056 4844 collegeris.
1102 4776 1143 4844 Os.
1169 4777 1257 4846 Roget
1308 4779 1392 4832 meari
1407 4777 1508 4847 collega
1520 4779 1620 4842 fuerat
1638 4779 1678 4830 αι’
1730 4783 1760 4832 in
1777 4777 1853 4832 baad
1869 4778 1963 4848 iniquo
1976 4773 2158 4830 inolet'rturn
2176 4771 2259 4826 cam·

279 4865 310 4917 p.
329 4845 387 4900 105.
429 4845 496 4901 Vide
513 4853 602 4898 tamen
662 4860 694 4896 ee
716 4845 837 4899 decimus
860 4845 893 4900 de
916 4845 1021 4913 duplici
1041 4852 1115 4900 terta
1137 4845 1256 4900 eiusdem
1316 4847 1381 4901 Vide
1398 4847 1456 4901 etur
1474 4863 1514 4914 ep.
1533 4845 1550 4899 6
1566 4847 1633 4912 lehr.
1653 4793 1730 4900 1OE

284 4915 411 4970 mamati
427 4915 584 4969 Berneaat'e.
648 4913 716 4966 cerie
732 4914 881 4968 credideris
905 4915 1035 4969 crumas
1051 4916 1119 4969 ictae
1136 4921 1193 4968 hcm
1211 4915 1256 4968 de·
1411 4915 1458 4980 20)
1478 4916 1561 4968 Hune
1578 4921 1604 4970 et
1620 4921 1727 4970 mirum
1750 4915 1828 4980 infra
1845 4914 2016 4982 mcum
2032 4911 2180 4966 Hermen
2195 4903 2260 4960 dele

283 5001 357 5039 mcor
373 4985 511 5064 publicari
527 4982 652 5036 debuisse
668 4997 750 5050 quum
768 4982 906 5064 resolidare
923 4983 1017 5037 aditus
1034 4984 1072 5037 od
1089 4989 1214 5037 renatum
1232 4991 1257 5037 et
1313 4983 1435 5038 Marcet
1453 4983 1493 5037 lo.
1514 4984 1784 5066 Morondumsaicee
1800 4989 1911 5052 opertet.
2099 5050 2104 5062 .
2193 5047 2197 5056 ι
2256 5039 2260 5049 ,

283 5053 564 5202 malm&
572 5057 903 5199 zlgslrtdidrrydenduatrlmeli
919 5127 1037 5190 quitor
1052 5121 1190 5186 fratribus
1207 5119 1256 5187 (N.
1309 5122 1358 5191 qui
1374 5041 2259 5189 αάῧέἔᾱῗαιέςέηιξίῗᾝθεθῖεπεᾟτῗκΐιᾞηὼᾶΐ

283 5189 328 5259 83)
344 5189 475 5256 facttum
493 5189 727 5244 emmeramme
743 5194 947 5256 enumerare.
1308 5205 1411 5256 renam,
1431 5193 1462 5252 (i.
1481 5207 1502 5243 e.
1520 5191 1676 5261 maun
1730 5193 1740 5254 )
1759 5205 1841 5260 wara
1857 5204 2003 5259 peronam
2020 5181 2258 5242 mmm-tarra

389 5257 435 5324 18)
460 5257 527 5311 Vite
543 5271 631 5324 cupro
648 5261 702 5310 not.
720 5253 744 5308 4.
1411 5257 1459 5326 22)
1480 5258 1626 5330 Sequentia
1645 5259 1668 5314 0
1695 5261 1753 5314 viai
1770 5275 1854 5314 meaa
1870 5257 1977 5313 additu.
