4782 6010
1031 375 1397 444 PROLEGOMENA.
2122 375 2194 442 XV

231 601 235 612 ·
347 566 515 650 Epistulae
537 569 627 651 ipsae
644 567 856 632 continentur
872 565 1140 650 quaternionibus
1157 563 1375 650 quadraginta
1391 571 1529 647 quatuor
1545 583 1621 630 cum
1638 560 1773 628 dimidio
1791 563 1896 648 (a-a,
1916 563 2039 645 s-Y)
2061 564 2193 647 paginis

194 679 377 744 numeratis
400 682 476 756 693,
506 679 642 762 reliquis
669 678 771 744 indici
796 697 909 743 rerum
937 677 1130 760 simpliciter
1157 699 1198 742 ex
1228 675 1371 742 editione
1393 675 1583 742 Gcnevensi
1605 675 1744 759 repetite
1766 673 1986 740 commodatis
2032 672 2198 760 Singulae,

194 790 349 872 epistolae
371 790 519 856 numeris
539 791 681 874 margini
703 788 876 872 adscriptis
897 789 1074 874 insignitae
1096 795 1183 867 sunt,
1205 788 1253 852 ita
1269 797 1308 852 ut
1324 797 1403 871 quet
1421 794 1488 852 toto
1506 787 1673 853 volumine
1691 793 1822 853 exstent
1839 786 1933 852 facile
1950 786 2057 869 primo
2075 787 2192 853 obtutu

192 909 356 984 appareat.
402 899 489 968 Sunt
510 901 587 966 illae
610 905 681 966 397.
726 899 835 981 Quem
856 921 1032 965 numerum
1054 901 1081 965 si
1104 921 1179 964 cum
1201 921 1239 964 oo
1256 899 1404 965 conferas
1425 919 1521 982 quern
1546 919 1646 980 supra
1666 899 1702 962 in
1719 897 1862 962 editione
1880 898 2037 981 principe,
2059 904 2191 964 nostrae

191 1011 387 1096 archetypo,
416 1011 564 1078 exhiberi
593 998 768 1091 diximusj
782 1033 927 1077 errorem
953 1011 989 1076 in
1018 1011 1235 1094 computande
1262 1010 1365 1075 latere
1386 1010 1471 1076 forte
1492 1011 1675 1092 suspiceris,
1703 1029 1804 1092 quum
1827 1008 1944 1074 demtis
1965 1017 2106 1091 quatuor
2125 1008 2191 1074 illis

189 1123 322 1190 schedis
343 1143 424 1207 quas
446 1125 500 1190 hic
522 1123 700 1190 desiderari
721 1111 978 1207 significavimus
999 1131 1130 1188 tantum
1153 1126 1214 1186 396
1238 1143 1310 1188 osse
1341 1120 1505 1186 deberent.
1550 1120 1618 1188 Sed
1640 1121 1815 1186 diversitas
1842 1141 1883 1184 ex
1901 1141 1939 1184 ec
1960 1120 2083 1202 pendet
2103 1117 2191 1202 quod

187 1255 272 1318 quae
300 1235 507 1302 Ooniessioni
541 1234 582 1300 de
608 1235 807 1300 eucharistia
833 1254 861 1299 a.
895 1239 975 1298 1537
1005 1234 1110 1300 editae
1144 1235 1250 1318 (num.
1275 1235 1352 1316 348)
1380 1231 1507 1298 adiecta
1536 1233 1599 1300 tuit
1626 1231 1824 1315 subscriptio
1848 1231 2189 1316 Argentoratensium,

188 1366 294 1429 eaque
326 1348 441 1430 paucis
469 1347 619 1412 versibus
639 1347 788 1412 absoluta
808 1345 909 1430 (Opp.
933 1344 1007 1410 Vol.
1030 1345 1092 1411 IX.
1114 1365 1187 1430 pag.
1212 1345 1289 1428 711)
1316 1344 1371 1411 hic
1392 1343 1484 1410 velut
1509 1343 1685 1426 peculiaris
1707 1343 1846 1427 epistola
1866 1343 1928 1408 sub
1957 1364 2047 1408 num.
2071 1346 2132 1408 349
2155 1343 2190 1408 in

186 1477 325 1524 censum
348 1459 447 1524 venit
1267 1489 1270 1498 ·

346 1569 422 1654 Ipse
444 1568 528 1636 liber
549 1589 666 1652 parum
688 1567 882 1652 spectabilis.
926 1569 1013 1653 {typi
1035 1567 1173 1652 graciles
1194 1567 1252 1633 sed
1268 1567 1397 1632 minuti.
1431 1567 1590 1632 Attamen
1612 1566 1673 1632 hoc
1695 1567 1795 1640 etiam
1816 1566 1949 1631 nomine
1971 1566 2074 1632 multo
2095 1587 2190 1650 prae-

184 1681 330 1746 stantior
349 1688 400 1748 est
415 1681 621 1748 Hanoriensi
641 1679 684 1746 ad
705 1701 804 1764 quam
823 1681 891 1745 iam
912 1680 1100 1746 tremimus.

1124 1989 1147 2072 Ι,
1171 1985 1251 2050 vu.

994 2120 1118 2176 EDITIO
1135 2120 1386 2176 HANOVIENSIS.

346 2263 457 2329 Editio
476 2263 700 2328 Hanoviensis
721 2283 780 2346 per
807 2261 917 2326 omnia
939 2259 1187 2325 Lausannensis
1209 2278 1336 2322 merum
1358 2258 1568 2344 apographon
1590 2267 1648 2336 est,
1672 2259 1777 2323 forma
1797 2259 1896 2340 paulo
1918 2260 2034 2324 maiori
2057 2279 2190 2343 expres·

184 2399 274 2458 sum,
298 2378 388 2462 typis
411 2375 548 2440 cursivis
571 2374 652 2439 satis
675 2373 882 2452 deformibus,
905 2372 1020 2436 charta
1041 2369 1229 2454 germanica
1250 2369 1324 2452 plus
1346 2391 1446 2454 quam
1467 2371 1595 2437 incana.
1639 2369 1769 2435 Titulus
1791 2377 1854 2435 est:

345 2491 508 2576 IOAN.
541 2489 770 2574 OALVIN
772 2489 794 2570 Ι
827 2489 832 2593 Ι
859 2497 1332 2568 vramsumssrurra-
1353 2499 1358 2583 1
1377 2507 1819 2579 srous,mr1nnnss1u1
1837 2500 1843 2584 ι
1861 2499 2191 2566 neocaesareae

186 2607 406 2686 Geneuensis,
428 2603 714 2684 lllPIS'l'OLAll
737 2615 771 2670 et
790 2601 1044 2670 RESPONSA.
1065 2602 1070 2686 Ι
1093 2607 1191 2679 Qvnvs
1213 2602 1389 2666 interiectae
1409 2607 1483 2666 aaut
1502 2603 1597 2668 etiam
1614 2602 1788 2684 lanuuium
1806 2603 1841 2666 in
1859 2601 1985 2668 arderia
2003 2604 2008 2686 Ι
2027 2601 2092 2668 Dei
2108 2603 2191 2669 viro·

182 2741 263 2786 ram
284 2719 403 2801 aliquot
424 2726 582 2780 Emmaus.
605 2701 752 2784 {Ervsnau
778 2723 850 2778 Ion.
879 2723 989 2778 cruam
1010 2715 1079 2780 vita
1105 2735 1125 2779 a
1144 2713 1265 2778 Theod.
1286 2713 1374 2778 Bene
1394 2715 1398 2798 Ι
1418 2713 1624 2778 Geneuensis
1645 2713 1814 2780 Ecclesiae
1841 2713 2011 2794 ministro,
2038 2721 2190 2780 accurate

184 2829 362 2914 descripta.
383 2829 387 2916 Ι
414 2831 562 2890 ΕΠΙΤΙΟ
584 2833 743 2888 TERTIA.
763 2829 768 2910 Ι
788 2833 873 2889 Nunc
889 2835 1007 2899 tafirta's
1024 2833 1128 2888 orcadis
1144 2839 1302 2902 reparqcta,
1324 2837 1434 2901 praeter
1451 2847 1498 2886 eas
1515 2846 1585 2902 quar
1602 2833 1634 2886 ἐπ
1651 2833 1722 2888 cclcc
1739 2835 1831 2901 operis
1846 2834 1850 2900 Ι
1865 2834 2027 2888 nominatim
2044 2834 2192 2888 emordet

182 2941 274 2997 editio
287 2942 380 3010 pra'or,
405 2945 462 2995 tam
487 2938 611 3007 eupales
633 2937 778 3006 Epictetus
794 2939 874 3007 offert
887 2941 893 3004 Ι
908 2939 1035 3006 temporis
1057 2936 1154 2991 ordine
1177 2937 1309 3004 clipeatus,
1327 2941 1414 3004 prout
1435 2933 1469 2988 de
1486 2934 1532 2988 dic
1548 2941 1573 2988 ct
1591 2951 1679 3004 uano,
1702 2935 1745 2990 orl
1760 2951 1793 2990 ea
1811 2936 1984 3004 subscriptio
1999 2935 2004 3003 Ι
2019 2951 2054 2990 ac
2071 2938 2192 2992 amorio

182 3047 338 3112 mactat,
360 3043 403 3099 cel
419 3057 452 3096 er
470 3041 575 3097 &onas
593 3041 755 3096 materteris
777 3039 904 3109 datura&
925 3039 1012 3107 carol
1024 3040 1118 3108 potuit
1141 3038 1210 3093 altri.
1247 3038 1307 3093 Ima
1330 3043 1356 3092 et
1372 3037 1506 3108 quaedam
1526 3039 1734 3107 manumissa,
1757 3040 1815 3092 eutr
1837 3038 1904 3093 locis
1927 3039 2072 3108 restituit!
2104 3029 2189 3097 (lum

180 3156 283 3210 Irmca
303 3168 414 3213 rerum
436 3151 470 3209 et
490 3144 667 3210 verborum
689 3144 917 3227 copiosissimo.
938 3143 942 3228 Ι
964 3149 1128 3221 (matema)
1149 3142 1154 3224 Ι
1173 3149 1363 3206 HANOVIAE
1382 3140 1387 3226 Ι
1407 3139 1506 3223 Apud
1517 3139 1733 3206 Guilielmum
1750 3141 1942 3206 Antonium.
1962 3140 1967 3225 Ι
1986 3170 2013 3203 κ.
2031 3169 2057 3204 n.
2075 3168 2156 3204 xovn.

341 3257 515 3322 Emblema
541 3261 764 3339 repraesentat
788 3276 904 3338 rupem
937 3254 1154 3338 praefractam
1181 3253 1218 3316 in
1244 3251 1339 3318 cuius
1371 3253 1493 3318 vertice
1522 3252 1631 3335 aquila
1658 3251 1765 3334 pullos
1792 3273 1867 3318 suos
1894 3253 2022 3318 nutrire
2049 3251 2190 3332 videtur,

187 3368 270 3435 dum
292 3389 312 3434 a
334 3368 444 3433 radice
465 3367 588 3431 montis
610 3366 704 3430 miles
725 3387 785 3450 per
805 3386 921 3450 aspera
942 3366 983 3431 ad
1006 3365 1073 3430 alta
1090 3365 1250 3432 concitate
1271 3383 1386 3448 gressu
1404 3361 1558 3430 aseendit.
1593 3362 1687 3444 Quae
1708 3363 1786 3447 quid
1807 3363 1868 3429 sibi
1890 3363 1995 3429 velint
2015 3365 2076 3431 tibi
2097 3372 2190 3431 tuae-

185 3501 255 3564 que
282 3479 453 3564 sagacitati
480 3476 671 3543 extricanda
703 3477 927 3561 relinquimus.
976 3477 1204 3542 Praefationcs
1232 3485 1266 3541 et
1290 3474 1415 3541 indices
1442 3475 1689 3558 praeliminares
1716 3497 1791 3542 cum
1818 3475 1898 3540 Vita
1925 3474 2057 3541 (lalvini
2084 3475 2190 3541 absol-

184 3597 314 3659 vuntur
338 3587 608 3674 quaternionibus
638 3589 744 3656 tribus
766 3611 841 3656 cum
869 3588 1004 3654 dimidio
1027 3586 1156 3675 (a-d),
1185 3586 1352 3670 Epistulae
1379 3607 1454 3651 cum
1476 3585 1582 3652 indice
1604 3608 1715 3652 rerum
1737 3586 1978 3670 quinquaginta
2000 3594 2033 3652 et
2055 3585 2189 3652 dimidio

186 3703 317 3789 (A—Z,
341 3702 491 3779 Aa-Za,
514 3702 722 3786 Aac-Eae),
745 3702 873 3785 paginis
895 3700 1074 3766 numeratis
1097 3703 1170 3777 804,
1192 3699 1391 3780 inquorum
1413 3697 1502 3764 cifris
1524 3706 1635 3763 tamen
1657 3699 1749 3764 varie
1770 3705 1939 3781 peceatum
1962 3705 2020 3764 est.
2059 3697 2189 3778 Omnia,

186 3825 229 3880 nt
250 3815 315 3880 iam
335 3814 533 3892 monuimus,
556 3833 598 3878 ex
609 3814 840 3879 Lausannensi
863 3812 944 3878 adeo
966 3811 1129 3878 serviliter
1151 3809 1314 3892 descripta
1332 3817 1409 3874 sunt
1430 3817 1468 3874 ut
1486 3809 1628 3892 exempli
1650 3810 1757 3894 gratia
1773 3811 1809 3874 iu
1830 3811 1937 3875 fronte
1957 3809 2076 3876 indicis
2097 3821 2192 3894 typo·

185 3927 338 4010 graphas
354 3925 467 3992 lectori
489 3925 659 4009 significet,
683 3945 717 3990 se
738 3924 879 3990 libenter
900 3944 1023 3990 norum
1044 3919 1285 3989 contexendum
1303 3927 1494 3985 sumturum
1511 3920 1611 3985 fuisse
1628 3920 1657 3984 si
1679 3921 1760 3986 satis
1781 3921 1840 3986 otii
1857 3921 2023 3988 dedissent
2043 3923 2191 4004 proxime

186 4039 353 4103 instantes
373 4035 685 4102 Francolordienses
713 4036 896 4116 nundinae,
926 4036 1013 4120 quod
1039 4036 1149 4119 ipsum
1175 4032 1317 4115 amplius
1345 4031 1462 4116 viginti
1484 4031 1581 4097 annis
1602 4037 1701 4097 antea
1721 4033 1811 4115 prior
1833 4031 1939 4097 editor
1959 4033 1996 4098 in
2017 4033 2070 4099 sui
2090 4053 2189 4099 excu-

189 4147 354 4214 sationem
373 4148 555 4230 scripserat.

1112 4423 1136 4506 Ι.
1159 4417 1257 4484 vm.

960 4554 1227 4614 SUPPLEMENTA
1243 4552 1424 4608 GOTHANA.

345 4695 428 4762 Post
448 4695 570 4762 Beaam
591 4715 693 4779 usque
714 4693 755 4760 ad
776 4694 858 4762 haec
879 4703 993 4762 nostra
1018 4703 1167 4776 tempora
1188 4713 1283 4758 nemo
1310 4691 1503 4758 thesaurum
1531 4689 1736 4774 epistolicam
1761 4689 1983 4756 calvinianum
2009 4689 2188 4756 auctiorem

189 4805 290 4874 edere
311 4815 447 4874 conatus
468 4815 528 4887 est,
553 4807 665 4890 plures
687 4816 797 4872 tamen
818 4807 883 4874 viri
904 4806 988 4873 docti
1013 4815 1047 4871 et
1067 4813 1178 4871 nostro
1200 4811 1234 4869 et
1255 4803 1422 4886 superiore
1443 4800 1571 4867 saeculo
1593 4808 1720 4884 partem
1740 4801 1819 4866 clim
1841 4800 1963 4866 editam
1984 4799 2080 4865 novis
2101 4799 2189 4865 curia

190 4927 359 4986 auxerunt
380 4925 414 4984 et
434 4917 531 4984 modo
551 4917 701 5002 pluribus
718 4917 814 4984 modo
831 4917 1037 5002 paucioribus
1048 4915 1279 4981 additamentis
1296 4914 1546 4998 locupletarunt
1578 4912 1672 4978 Inter
1688 4933 1779 4997 quos,
1802 4913 1830 4978 si
1848 4911 2004 4996 temporis
2025 4911 2189 4977 rationem

189 5029 347 5096 habueris
367 5029 510 5114 primum
532 5028 639 5094 locum
660 5029 787 5096 obtinet
803 5037 897 5128 anter
917 5027 1019 5094 libelli
1040 5028 1120 5093 satis
1141 5025 1363 5109 infrequentis,
1386 5024 1479 5091 cuius
1501 5023 1618 5091 titulus
1639 5044 1699 5108 pro
1722 5022 1847 5090 ambitu
1868 5024 1972 5106 ipsius
1993 5022 2091 5106 paulo
2111 5043 2187 5089 ver-

189 5143 301 5210 bosior
322 5143 369 5209 sic
390 5141 548 5208 decurrit:
603 5149 605 5154 '

351 5249 527 5322 &maiori
549 5251 747 5337 ammana·
768 5251 882 5333 acaia
903 5249 1102 5320 semaam
1122 5247 1210 5314 Daci
1232 5246 1473 5314 Sara-Gethone
1495 5249 1534 5314 ab
1556 5247 1710 5331 Epirmlis
1729 5245 1876 5314 Distribc
1895 5245 1934 5312 do
1956 5243 2187 5330 Pseudoaymr'a
