4804 6012
274 337 331 398 171
1157 331 1386 402 CONSILIA.
2211 339 2267 400 172

270 521 447 604 profectam
468 543 533 586 non
556 542 626 587 esse
647 522 726 586 setis
748 521 880 604 liqueat
930 520 1046 604 Itaque
1068 520 1152 586 nihil
1174 541 1243 586 oar·
1269 525 1272 546 ¹
1296 520 1473 605 quidquam
1499 529 1550 588 est
1582 523 1739 588 momenti
1768 523 1804 588 in
1832 523 1904 588 aius
1931 521 2064 601 cavillo,
2100 523 2268 590 Christum

269 608 336 674 tius
363 628 460 690 quam
487 607 661 673 coelestem
688 609 797 672 vocari
828 605 1015 685 Christum,
1044 607 1243 673 vivificantis
1295 609 1364 672 fore
1386 615 1589 690 pennatorum
1611 628 1653 674 ox
1670 607 1903 692 peccatoribus,
1926 609 1955 674 si
1977 629 2076 676 verus
2094 609 2191 676 homo
2212 612 2267 677 sit:

270 693 406 777 spiritus
427 701 585 775 respectu.
1296 693 1458 778 quianon
1479 691 1686 760 concedimus
1709 702 1847 760 naturae
1869 694 2090 777 corruptelam
2114 695 2213 761 111111
2234 697 2266 764 11

357 777 509 844 8111111
531 777 573 842 11
594 775 823 860 Philippenses
846 779 951 860 capite
978 782 1081 862 (1.7)
1104 777 1243 843 11111-
1296 779 1443 858 Christo,
1472 778 1531 846 sed
1562 779 1714 846 decamus
1742 779 1863 864 absque
1891 781 1971 846 vitio
1997 789 2144 848 creatum
2170 782 2267 850 fuisse

272 863 375 942 litier,
405 864 485 946 quin
513 865 617 929 forma
639 863 781 929 hominis
803 865 847 928 sit
869 863 1145 930 11111111111111
1167 885 1243 930 eon·
1296 865 1472 930 hominem.

270 948 364 1016 ditio:
387 949 443 1016 sed
462 973 504 1016 ex
515 956 582 1014 tote
593 956 749 1016 contextu
762 950 854 1015 facile
866 949 1031 1034 colligitur
1048 952 1084 1014 in
1096 971 1174 1016 1111
1185 950 1243 1014 ho-
1381 951 1493 1017 Locus
1514 973 1557 1017 ex
1578 950 1721 1018 secundo
1743 948 1785 1018 sd
1802 951 1970 1018 Hebraeos
1993 949 2039 1037 (v.
2061 951 2124 1038 16),
2147 953 2202 1020 ubi
2220 955 2266 1020 di·

269 1035 369 1105 minis
385 1045 504 1101 natura
522 1035 728 1102 exinanitum
740 1035 840 1101 luisse
853 1035 1032 1102 Christum.
1045 1034 1134 1116 Quid
1156 1036 1243 1102 enim
1296 1035 1342 1102 cit
1363 1037 1544 1120 apostolus,
1572 1037 1745 1103 Christum
1773 1037 1953 1121 sumpsisse
1974 1059 2087 1104 semen
2106 1038 2266 1120 Abrahae,

269 1121 331 1188 hoc
353 1121 416 1186 sibi
437 1121 525 1199 vult,
551 1123 659 1206 figura
685 1130 853 1204 repertum
880 1121 982 1187 fuisse
1004 1130 1162 1204 tanquam
1183 1121 1243 1186 ho·
1295 1121 1434 1205 impium
1456 1123 1633 1190 Menaenis
1655 1131 1688 1188 et
1709 1121 1840 1188 8111111
1865 1134 2085 1189 commentum
2107 1125 2265 1210 repudiat,

269 1207 401 1286 minem,
424 1207 488 1272 nisi
510 1208 587 1290 quia
608 1205 649 1272 11
667 1219 796 1290 tempus
818 1229 884 1272 non
906 1206 1109 1290 resplenduit
1130 1207 1244 1272 111111
1295 1207 1381 1290 quod
1401 1209 1561 1291 receperit
1582 1209 1738 1274 Christus
1760 1209 1795 1274 11
1816 1210 1957 1292 gratiam
1979 1209 2138 1276 homines.
2183 1211 2267 1276 Nam

270 1293 382 1377 gloria,
406 1291 463 1358 sed
484 1300 615 1358 tantum
638 1293 790 1376 apparuit
816 1293 962 1358 humana
989 1292 1135 1376 specics?
1181 1295 1242 1358 At·
1294 1293 1362 1360 illic
1382 1295 1549 1376 apostolus
1570 1304 1609 1360 ut
1636 1295 1776 1379 gratiam
1804 1295 1994 1378 amplificet,
2023 1317 2089 1378 qua
2116 1295 2267 1381 dignatus

269 1400 332 1462 que
350 1379 414 1444 huc
433 1380 577 1461 pertinet
598 1379 768 1444 exaltatio:
792 1380 868 1461 quia
889 1379 1011 1444 diserte
1032 1399 1152 1444 novam
1173 1378 1243 1462 glo·
1294 1391 1345 1446 111
1366 1380 1522 1446 Christus
1543 1381 1726 1446 humanam
1743 1400 1857 1464 genus,
1880 1381 2014 1465 angelos
2032 1403 2107 1448 oum
2128 1382 2265 1448 homini-

194 1541 199 1552 ·
269 1466 353 1530 riam
375 1463 514 1547 adeptus
536 1465 636 1530 fuisse
657 1464 776 1530 dicitur
794 1463 956 1544 Christus,
979 1465 1055 1548 quia
1077 1487 1112 1530 se
1134 1466 1243 1548 ipsum
1294 1465 1356 1530 bus
1376 1476 1557 1549 comparat,
1586 1467 1672 1550 quod
1700 1465 1825 1533 scilicet
1847 1465 2039 1549 praetulerit
2060 1468 2186 1552 angelis
2208 1467 2265 1534 ho-

269 1551 462 1616 exinanivit
1294 1553 1416 1630 mines,
1445 1552 1615 1618 hominum
1644 1562 1795 1618 naturam
1823 1552 1997 1619 induendo.
2023 1553 2131 1618 -Nam
2160 1556 2267 1637 siper

357 1635 531 1717 Utcunque
558 1635 666 1700 locum
695 1656 737 1700 ex
766 1641 784 1700 2
807 1636 1038 1702 11Η1111111
1063 1635 1168 1719 capite
1195 1639 1241 1706 (1.
1294 1658 1408 1702 semen
1428 1637 1584 1722 intelligit
1605 1647 1766 1722 posteros,
1794 1638 1879 1703 idem
1910 1647 1943 1702 ct
1964 1637 2004 1704 de
2026 1639 2151 1724 angelis
2171 1641 2266 1706 fateri

274 1726 328 1804 11)
350 1729 516 1804 torqueat,
545 1742 612 1785 non
640 1731 750 1786 tamon
779 1723 939 1788 extricare
967 1743 1002 1788 se
1029 1730 1144 1805 potest
1188 1723 1243 1787 Ex
1294 1733 1437 1807 cogetur,
1458 1745 1575 1806 nempe
1592 1724 1736 1790 sobolem
1751 1725 1870 1790 abillis
1887 1726 2064 1806 procreari:
2089 1728 2266 1792 acsiman-

269 1829 335 1874 uno
357 1828 428 1872 esse
449 1806 528 1872 dicit
545 1815 691 1874 autorem
709 1809 899 1886 sanctitatis,
923 1817 957 1873 et
973 1830 1028 1874 eos
1046 1809 1101 1891 qui
1121 1808 1242 1874 sancti·
1295 1809 1375 1874 titus
1396 1819 1483 1875 esset
1504 1809 1668 1889 Christus,
1695 1809 1807 1876 dicens
1829 1831 1888 1875 nos
1909 1809 2034 1894 angelis
2055 1811 2178 1878 similes
2199 1813 2266 1878 1111

269 1895 419 1969 ficantur,
442 1913 559 1976 nempe
581 1913 624 1957 ex
643 1892 724 1957 Deo.
770 1894 874 1977 Atqui
892 1894 999 1976 potius
1020 1893 1162 1978 intelligi
1183 1915 1242 1958 na·
1295 1903 1368 1977 post
1401 1898 1683 1964 resurrectionem.
1734 1895 1776 1960 In
1804 1897 1968 1980 praesenti
2001 1895 2093 1962 verbi
2122 1907 2265 1980 tempore

269 1987 363 2044 turae
402 1978 745 2054 communicationem,
790 2001 831 2044 ex
871 1987 1027 2046 contextu
1071 1981 1243 2045 evincitur.
1295 1980 1397 2047 futilis
1418 1991 1469 2046 cst
1490 1982 1627 2066 argutia.
1678 1981 1764 2046 Nam
1784 1983 1906 2047 usitato
1927 2003 2018 2048 more
2040 1981 2194 2057 δεικτικῶς
2221 1983 2266 2050 lo-

269 2063 433 2131 01111111
463 2065 552 2128 enim
582 2075 657 2146 post
689 2065 819 2130 subiicit
852 2065 1033 2148 apostolus:
1066 2064 1144 2130 Ideo
1178 2086 1243 2130 non
1297 2075 1418 2148 quutus
1439 2077 1489 2132 est
1511 2068 1690 2150 apostolus,
1720 2076 1757 2132 ut
1777 2068 1898 2133 clarius
1918 2075 1986 2134 tam
2008 2069 2172 2153 insignem
2193 2091 2267 2154 gra·

269 2150 431 2216 erubescit
452 2170 506 2214 cos
529 2169 645 2216 vocare
667 2151 793 2216 fratres.
839 2149 878 2217 81
899 2159 1010 2216 autem
1028 2153 1119 2234 prius
1142 2151 1243 2216 dixis·
1295 2152 1375 2218 tiam
1395 2162 1472 2218 ante
1494 2153 1604 2220 oculos
1626 2154 1720 2218 nobis
1742 2166 1886 2236 poneret

269 2249 329 2312 sot,
351 2235 463 2301 fideles
485 2255 528 2299 ex
539 2236 610 2300 Dec
632 2259 712 2312 esse,
735 2238 770 2300 in
793 2245 884 2302 tanta
902 2235 1061 2320 dignitate
1081 2259 1243 2320 quaenam
1381 2240 1432 2303 De
1452 2249 1591 2322 utraque
1612 2241 1648 2304 in
1659 2238 1791 2305 Christo
1813 2248 1932 2306 natura
1953 2261 2021 2304 nen
2038 2240 2134 2306 modo
2151 2241 2267 2306 inscite

267 2333 356 2388 osset
378 2322 620 2386 erubescentiae
642 2321 747 2386 ratio?
782 2321 944 2388 8111111
966 2345 1033 2388 non
1054 2322 1243 2388 erubescere
1295 2325 1413 2408 garrit,
1442 2325 1499 2390 scd
1521 2327 1654 2390 contusa
1676 2326 1787 2390 omnia
1815 2328 2030 2408 permiscens,
2059 2347 2170 2392 secum
2198 2327 2267 2408 ipse

270 2407 390 2474 dicitur
412 2406 580 2484 Christus,
610 2409 686 2490 quia
714 2429 773 2491 pro
802 2409 964 2474 immensa
991 2431 1051 2474 sua
1072 2409 1179 2493 gratia
1201 2408 1243 2474 ad
1295 2419 1429 2494 pugnat.
1475 2411 1589 2475 Tradit
1620 2411 1741 2476 Petrus
1773 2433 1833 2476 nos
1865 2411 1996 2478 divinae
2030 2421 2167 2477 naturae
2201 2413 2267 2478 fere

175 2547 178 2552 .
270 2493 418 2560 sordidos
440 2503 473 2556 et
500 2493 658 2576 ignobiles
685 2516 720 2560 se
747 2507 914 2578 aggregat.
964 2494 1104 2560 Frustra
1132 2502 1244 2559 autem
1294 2509 1461 2561 consortes
1483 2499 1527 2579 (2.
1547 2497 1636 2562 Petr.
1660 2503 1685 2575 1,
1704 2497 1755 2580 4);
1784 2497 1841 2562 111
1863 2497 1924 2562 hoc
1947 2499 2077 2564 nonnisi
2099 2497 2141 2563 ad
2163 2497 2267 2579 quali·

268 2580 410 2646 obiectat
431 2578 564 2656 Manno,
586 2580 703 2661 impios
725 2579 845 2662 alioqui
867 2581 935 2645 fore
957 2579 1083 2646 Christi
1104 2582 1240 2646 fratres:
1295 2593 1395 2648 tatem
1418 2581 1533 2648 referri
1555 2591 1680 2665 potest,
1709 2591 1872 2664 quatenos
1893 2583 2017 2650 scilieet
2038 2583 2268 2650 renovabimur

268 2665 347 2749 quia
375 2664 495 2730 scimus
523 2665 607 2730 lilios
635 2667 698 2730 Dei
724 2687 790 2730 non
818 2689 859 2730 ox
886 2686 983 2730 carne
1012 2677 1046 2730 et
1074 2666 1241 2750 sanguine,
1294 2669 1328 2732 in
1350 2669 1523 2734 coelestem
1545 2668 1693 2752 gloriam.
1726 2667 1857 2751 Alioqui
1879 2669 2091 2751 corruptibile
2112 2669 2267 2735 1111111-

270 2751 328 2818 sed
351 2751 534 2833 suspiritu
556 2751 646 2816 nasci
668 2774 726 2835 per
748 2749 854 2817 fidem.
899 2749 1042 2817 Proinde
1064 2753 1242 2816 fraternam
1294 2762 1382 2818 trum
1404 2773 1521 2836 corpus
1542 2755 1638 2819 ficret
1655 2765 1726 2818 tum
1744 2753 1845 2820 Deus.
1883 2753 2053 2839 Quomodo
2075 2765 2185 2820 autem
2203 2777 2268 2820 non

269 2837 595 2904 communicationem
618 2858 683 2902 non
705 2839 783 2903 lacit
800 2837 870 2903 sola
887 2839 994 2903 earnis
1011 2839 1158 2904 societas.
1190 2839 1243 2903 De
1294 2839 1541 2906 horrethdenno
1559 2849 1593 2905 et
1611 2841 1816 2906 abominatur
1832 2841 2050 2906 mutationem
2067 2840 2176 2906 carnis
2193 2863 2267 2924 pec·

268 2923 380 3008 pueris
401 2923 518 2988 inscito
540 2934 692 3008 nugatur,
723 2923 853 3007 quando
874 2923 1065 3008 simpliciter
1086 2924 1244 3008 intelligit
1294 2926 1424 2992 catricis
1446 2925 1482 2989 in
1503 2925 1568 2992 Dei
1590 2927 1779 3004 essentiam,
1801 2947 1902 3008 quum
1925 2934 2096 3008 tantopere
2118 2927 2266 3010 refugiat,

268 3009 430 3094 propheta
449 3009 526 3082 (111.
546 3013 575 3086 8,
599 3007 665 3094 11),
693 3009 786 3075 11111
814 3009 1001 3074 testimonio
1023 3010 1127 3075 utitur
1149 3031 1243 3093 apos·
1295 3011 1382 3095 qnod
1405 3020 1517 3076 111111
1538 3010 1738 3076 absurditate
1756 3020 1854 3091 caret,
1876 3011 1982 3077 filium
1993 3011 2058 3078 Dei
2077 3033 2175 3079 carne
2192 3034 2267 3079 nos·

269 3095 365 3172 tolus,
388 3115 500 3160 servos
521 3095 576 3160 rel
594 3094 779 3178 discipulos.
813 3095 881 3162 Nec
899 3097 1009 3162 minus
1027 3109 1150 3161 temere
1167 3117 1242 3180 gar·
1295 3113 1347 3162 tra
1375 3097 1475 3163 luisse
1503 3097 1676 3162 indutum?
1732 3095 1826 3162 Adde
1854 3097 1941 3180 quod
1968 3097 2148 3164 secundum
2175 3099 2268 3164 Petri

269 3181 322 3260 rit,
344 3179 487 3246 Mariam
509 3180 621 3246 fratris
643 3181 695 3246 sui
716 3182 784 3246 lore
805 3191 954 3258 matrem,
977 3181 1006 3247 si
1017 3181 1170 3247 Christus
1193 3203 1243 3246 se·
1296 3190 1440 3249 mentem
1461 3185 1596 3249 societas
1618 3183 1748 3248 divinae
1775 3191 1913 3248 naturae
1934 3194 2140 3266 praesentem
2164 3185 2267 3249 homi·

268 3265 413 3334 cundum
434 3285 567 3331 carnem
589 3267 691 3331 111111
717 3274 829 3332 111111
855 3267 912 3346 111,
943 3289 1045 3351 quum
1067 3267 1141 3351 plus
1163 3268 1243 3332 satis
1295 3291 1376 3334 num
1405 3279 1574 3346 naturam,
1602 3277 1765 3352 quatenus
1787 3271 1919 3334 infirma
1940 3279 2004 3347 est,
2031 3269 2180 3335 abolebit
2227 3269 2266 3334 In

268 3353 348 3418 trita
368 3351 413 3417 sit
434 3352 564 3434 phrasis
585 3352 747 3431 hebraica,
774 3353 893 3419 fratrea
916 3355 1024 3418 vocari
1049 3354 1242 3437 consangui-
1295 3355 1429 3420 Christo
1451 3367 1561 3420 autem
1583 3355 1680 3438 longe
1702 3354 1831 3420 diversa
1852 3355 1935 3420 ratio
1957 3356 2013 3437 qui
2041 3355 2141 3422 simul
2162 3363 2196 3421 et
2216 3377 2266 3422 se·

272 3459 352 3504 neos
374 3438 544 3520 quoslibet
588 3439 734 3504 Tametsi
755 3445 864 3504 autem
886 3439 1052 3522 apostolus
1073 3440 1162 3505 hunc
1184 3440 1242 3505 ho·
1294 3441 1359 3505 mol
1389 3441 1480 3506 Deus
1510 3451 1544 3505 et
1570 3440 1666 3506 homo
1694 3441 1764 3505 fuit
1813 3441 1885 3506 Iam
1914 3461 1994 3506 1111
2025 3442 2054 3506 si
2087 3442 2265 3506 humanam

268 3545 382 3590 norem
412 3523 559 3608 assignat
586 3523 664 3588 solis
692 3522 857 3603 fidelibus,
894 3525 980 3607 quod
1008 3546 1049 3590 ex
1078 3547 1145 3590 uno
1175 3526 1243 3591 sint
1294 3527 1511 3592 substantiam
1533 3526 1665 3593 Christo
1691 3526 1807 3592 tribuit
1833 3527 1997 3610 integram
2024 3536 2059 3592 at
2085 3549 2203 3609 puram
2225 3526 2265 3592 ab

268 3631 343 3676 cum
366 3609 514 3675 Christo:
550 3630 617 3674 non
644 3619 756 3675 tamen
784 3612 948 3692 sequitur,
977 3631 1041 3695 qoo
1067 3611 1178 3676 minus
1200 3633 1242 3676 ex
1293 3613 1384 3678 omni
1405 3613 1487 3690 labe,
1510 3612 1616 3694 qualis
1636 3613 1672 3677 in
1690 3611 1797 3676 Adam
1818 3613 1880 3676 fuit
1900 3621 1976 3678 ante
1998 3611 2137 3695 lapsum,
2159 3613 2264 3696 sequi·

269 3695 383 3762 ecdem
400 3696 489 3760 fonte
507 3703 682 3761 nascantur
698 3695 873 3762 increduli:
897 3695 1168 3780 quemadmodum
1186 3696 1243 3762 ubi
1294 3707 1350 3764 tur
1370 3719 1437 3763 non
1465 3719 1506 3762 ex
1536 3699 1598 3763 Dei
1625 3698 1749 3762 semino
1779 3699 1986 3780 progenitam
2013 3699 2113 3764 111111
2141 3699 2265 3764 Christi

269 3779 409 3846 dicimus
429 3779 599 3847 Christum
622 3782 744 3848 factum
766 3803 836 3848 esse
859 3781 1026 3848 hominem
1047 3796 1085 3848 ut
1111 3805 1171 3848 nos
1193 3784 1241 3848 fa·
1293 3805 1436 3862 carnem,
1459 3784 1515 3849 sed
1538 3806 1580 3848 cx
1601 3783 1747 3848 homine:
1777 3785 1842 3850 nisi
1863 3783 1971 3850 111111
1992 3785 2076 3848 sorte
2097 3784 2191 3850 malit
2212 3785 2265 3852 vel

268 3877 358 3932 cerat
384 3866 450 3932 Dei
476 3868 576 3947 filios,
607 3887 675 3932 non
702 3867 892 3933 extenditur
919 3868 1000 3935 haec
1026 3869 1172 3952 loquutio
1199 3869 1241 3934 ad
1294 3871 1334 3935 ds
1356 3869 1461 3935 nihilo
1483 3869 1536 3934 111
1558 3891 1599 3934 ex
1616 3877 1707 3934 terra
1727 3880 1871 3934 creatam
1891 3869 2000 3934 fuisse.
2051 3869 2121 3935 Cur
2142 3869 2264 3936 dictum

269 3952 445 4036 quoslibet:
473 3955 549 4036 quia
570 3952 651 4018 fides
678 3953 785 4018 media
812 3955 1048 4038 interponitur,
1077 3973 1159 4038 quae
1182 3977 1240 4020 nos
1295 3956 1469 4022 Athanasii
1488 3956 1664 4039 improbet,
1694 3953 1866 4020 Christum
1893 3965 2043 4021 constare
2070 3975 2112 4020 ex
2141 3955 2264 4022 duabus

269 4039 304 4104 in
326 4039 450 4103 Christi
473 4059 591 4122 corpus
612 4039 828 4123 spiritualiter
844 4041 968 4106 inserit.
1012 4041 1120 4106 Nimis
1141 4042 1241 4123 impie
1292 4045 1435 4118 naturis,
1475 4043 1559 4106 sieut
1598 4041 1695 4104 homo
1734 4041 1950 4122 personaliter
1979 4041 2190 4108 constituitur
2224 4063 2264 4106 ex

269 4123 1241 4202 111111111111111111,11111111011111111111111111111-
1293 4129 1461 4192 animast
1487 4147 1635 4208 corpore,
1667 4125 1878 4192 monstranda
1907 4136 1958 4192 est
1985 4128 2083 4204 ratic,
2111 4147 2170 4192 cur
2197 4135 2265 4192 tam

269 4209 317 4274 tio
345 4231 386 4276 ex
414 4209 522 4274 Adam
550 4212 655 4286 nasci,
691 4233 794 4294 quum
821 4213 1058 4297 primogenitus
1084 4213 1128 4277 sit
1153 4213 1241 4277 inter
1293 4221 1370 4296 apta
1391 4211 1569 4278 similitudo
1588 4211 1765 4294 displiceat.

269 4296 396 4360 1111111.
441 4295 706 4380 Primogenitura
733 4299 820 4363 enim
843 4319 909 4363 non
932 4298 974 4363 11
1000 4306 1154 4375 aetatem,
1182 4297 1240 4364 sed
1378 4297 1417 4364 Si
1450 4299 1556 4363 locum
1583 4299 1675 4364 Petri
1709 4297 1829 4380 (Epist.
1858 4303 1884 4374 1,
1907 4319 1934 4363 c.
1960 4302 1989 4376 3,
2019 4301 2071 4378 18)
2103 4299 2265 4382 tergiver-

269 4380 472 4466 adgradum
494 4381 625 4449 honoris
647 4383 834 4450 1111111111
856 4385 1069 4450 eminentiam
1091 4385 1238 4450 refertur.
1292 4384 1394 4450 sande
1422 4384 1576 4462 involvit,
1605 4382 1660 4448 abi
1689 4383 1862 4449 Christum
1892 4382 1973 4449 dicit
1999 4394 2167 4450 mortuum
2194 4403 2265 4449 esse

357 4469 601 4551 Argumentum
631 4468 793 4535 decimum
815 4471 967 4552 quintum
996 4469 1095 4535 nimis
1122 4470 1240 4536 inscita
1292 4491 1404 4549 carne,
1438 4471 1652 4534 vivificatam·
1673 4470 1805 4552 spiritu,
1840 4490 1906 4534 non
1933 4469 2043 4534 miror.
2094 4468 2265 4550 Quomodo

269 4553 380 4620 eludit
431 4553 529 4619 Clara
557 4564 635 4620 sunt
661 4556 797 4638 apostoli
826 4557 942 4622 verba:
976 4553 1118 4637 Quando
1146 4557 1241 4638 pueri
1293 4557 1381 4622 enim
1399 4577 1434 4621 se
1449 4555 1611 4639 expediet,
1629 4576 1731 4639 quum
1746 4557 1902 4620 virtatem
1920 4574 1984 4638 qua
2001 4554 2130 4620 carebat
2141 4555 2265 4622 Christi
2386 4581 2387 4588 ¹

268 4641 470 4724 participant
501 4661 632 4706 carnem
663 4650 697 4705 st
729 4641 938 4724 sanguinem,
971 4662 1085 4706 eorum
1114 4663 1241 4725 quoque
1292 4663 1377 4719 caro,
1400 4642 1521 4708 Petrus
1542 4643 1671 4724 spiritui
1693 4639 1877 4706 adscribat?
1922 4641 2048 4707 Durius
2068 4643 2167 4706 etiam
2188 4661 2265 4708 sum

268 4727 460 4810 participem
493 4728 565 4792 fieri
599 4725 769 4792 Christum
803 4728 949 4810 oportuit
981 4726 1097 4810 (Hebr.
1125 4729 1240 4810 114).
1293 4729 1414 4811 premit
1434 4727 1531 4792 Pauli
1549 4727 1688 4802 dictam,
1716 4727 1773 4792 ubi
1796 4725 1966 4792 Christum
1995 4728 2113 4794 asserit
2132 4747 2264 4810 passum

269 4811 368 4893 Quod
390 4810 430 4876 de
457 4823 578 4878 natura
605 4812 752 4877 humana
780 4811 903 4877 dictum
930 4821 996 4892 cst,
1025 4813 1148 4879 Menoe
1170 4814 1241 4878 sina
1294 4815 1393 4878 luisse
1414 4834 1474 4896 pro
1496 4813 1689 4878 infirmitate
1710 4812 1819 4878 earnis
1841 4816 1884 4889 (2.
1905 4811 1978 4879 Cor.
2002 4818 2050 4890 13,
2069 4813 2121 4896 4):
2144 4813 2265 4895 quiasi

268 4899 394 4962 ratione
416 4905 449 4963 et
476 4899 546 4963 sine
574 4897 701 4982 pudore
727 4895 769 4961 ad
795 4907 963 4980 peccatum
992 4907 1129 4980 torquet
1173 4899 1241 4964 Im·
1294 4899 1405 4964 divina
1427 4899 1489 4964 fuit
1501 4898 1626 4966 Christi
1646 4918 1731 4974 carc,
1754 4898 1886 4966 infirma
1908 4899 1971 4964 fuit
1992 4898 2155 4966 divinitas.
2187 4899 2265 4964 Huc

269 4983 403 5065 probius
423 4983 522 5048 etiam
543 4992 606 5062 est,
636 4982 721 5066 quod
750 4983 926 5048 relativum
955 4984 1090 5066 pluralis
1112 4986 1241 5050 numeri
1292 4986 1391 5052 etiam
1419 4986 1562 5067 pertinet
1590 4981 1677 5068 quod
1698 4983 1851 5050 Christus
1880 4985 2047 5068 passiones
2076 4991 2204 5052 nostras
2232 4991 2266 5049 et

270 5075 403 5134 tantum
425 5067 466 5134 ad
488 5087 620 5134 carnem
641 5069 826 5152 restringit,
855 5079 888 5148 et
909 5091 982 5134 sam
1010 5071 1174 5136 fictitiam:
1203 5089 1241 5136 ac
1292 5072 1428 5136 affectus
1456 5071 1627 5149 sustinuit,
1662 5070 1779 5136 similis
1811 5091 1871 5154 per
1898 5073 2008 5138 omnis
2041 5071 2134 5136 nobis
2161 5071 2265 5136 fectus
2386 5131 2387 5138 ,

270 5154 405 5218 sinihil
427 5153 549 5220 diceret
569 5153 745 5236 apostolus,
769 5154 940 5221 Christum
961 5155 1107 5221 eiusdem
1130 5157 1240 5222 nobis·
1292 5165 1426 5240 excepto
1452 5164 1594 5240 peccato.
1643 5155 1728 5220 Nam
1755 5155 1784 5219 si
1806 5155 1909 5221 dolori
1929 5168 1963 5222 st
1984 5158 2108 5237 1111111,
2137 5158 2266 5222 cuneus

270 5259 346 5304 oum
374 5247 512 5305 naturae
542 5241 666 5306 sociam
693 5246 727 5303 11
754 5249 938 5308 consortem
965 5249 1121 5308 statuens.
1171 5242 1241 5310 Noc
1264 5247 1268 5302 Ι
1292 5241 1432 5327 denique
1454 5242 1576 5308 nostris
1597 5241 1843 5310 infirmitatibus
1870 5243 2018 5312 subiecto
2038 5243 2101 5310 1111
2121 5242 2184 5308 1)11
2207 5261 2267 5306 11-
