4852 6022
276 337 343 398 327
1050 322 1314 391 ΕΡΙΒΤΟΙιΔΕ
1338 325 1506 388 lca-164
2216 325 2275 386 328

273 519 356 595 tait,
385 515 470 598 quod
498 514 705 599 Mopantinaa
732 512 855 578 multas
876 513 918 578 ob
942 532 1056 578 causas
1085 511 1255 576 caesone
1306 511 1439 578 missuri
1472 517 1583 576 essent
1620 509 1799 594 Principes.
1855 509 2120 576 metanaeas»
2151 510 2277 576 mittere

274 601 468 688 repudiatus
501 608 563 666 est:
609 599 789 665 Ioocbimaa
827 599 863 662 in
901 597 1034 663 comitia
1071 597 1254 662 vonsentire
1306 617 1373 662 non
1395 595 1552 680 placebat,
1571 595 1656 678 quod
1677 595 1850 661 mollitiam
1876 596 1978 661 animi
2005 595 2076 662 eius
2097 607 2277 678 suspectam

276 709 377 754 ansus
394 707 460 752 nen
477 695 537 762 est,
560 707 581 750 a
600 684 718 767 quibus
735 693 873 767 patruus
890 683 1130 748 excluderetur.
1163 683 1254 766 Ergo
1308 681 1459 748 habeant.
1492 682 1607 764 Neque
1618 703 1695 748 vero
1718 702 1783 765 qua
1804 683 1839 746 in
1857 681 2009 764 opinione
2030 681 2075 747 sit
2094 691 2152 747 eut
2169 683 2276 761 nescit,

275 773 382 839 nostri
414 771 569 837 articulos
599 770 806 847 obtulerunt,
840 770 956 852 quibus
990 789 1026 834 se
1057 769 1179 834 invitos
1212 766 1254 833 ad
1308 775 1366 832 eut
1392 767 1592 834 dissimulet:
1620 768 1752 834 tametsi
1779 767 1863 832 mihi
1891 767 2096 833 sanctissime
2123 765 2278 833 deieravit

275 857 354 924 belli
372 857 600 942 cogitationem
619 855 823 922 descendisse
841 852 1069 920 ostendebant:
1093 853 1254 937 siquidem
1307 874 1432 920 vanum
1454 874 1525 919 esse
1543 854 1632 920 bunc
1654 853 1815 918 timorem.
1850 855 1897 918 Et
1910 873 1989 917 sene
2011 865 2049 918 ut
2068 853 2183 919 videor
2199 854 2278 918 mibi

276 944 418 1009 iniurias
440 941 649 1024 exponebant
669 942 788 1024 quibus
810 942 939 1006 luerent
963 940 1004 1006 ed
1026 939 1061 1006 id
1083 940 1254 1005 consiliam
1307 939 1377 1005 eins
1400 940 1546 1004 animum
1568 940 1759 1022 persumere,
1782 960 1849 1004 non
1866 939 1977 1004 minus
1992 938 2042 1002 illi
2052 939 2156 1006 fidere
2175 940 2277 1004 ausim

277 1029 462 1095 necessario
479 1028 595 1092 adacti.
631 1027 728 1092 Pacis
745 1027 834 1109 leges
852 1026 1012 1103 dicebant,
1035 1034 1074 1091 ut
1094 1047 1172 1092 sues
1194 1024 1255 1092 sibi
1307 1045 1406 1107 qaam
1434 1024 1569 1090 Becare:
1597 1025 1675 1090 dum
1703 1026 1870 1108 negotium
1899 1035 1950 1090 est
1976 1046 2050 1090 cum
2078 1026 2119 1090 iis
2141 1025 2199 1108 qui
2221 1025 2277 1090 sibi

279 1114 434 1181 ecclesias
445 1113 676 1178 administrare
689 1113 810 1191 liceret,
823 1113 883 1177 sub
895 1133 960 1194 qua
972 1110 1255 1177 administratione
1307 1109 1470 1195 indulgeri
1499 1109 1621 1193 aliquid
1649 1110 1775 1176 volunt.
1824 1112 1930 1176 'Panto
1955 1113 2043 1176 enim
2070 1111 2181 1176 studio
2209 1132 2277 1194 pro-

278 1200 439 1266 benorum
467 1199 757 1265 ecclesiasticorum
793 1198 1068 1280 dispensationem
1101 1198 1256 1263 volebant
1306 1195 1450 1280 pagandi
1476 1195 1639 1280 evangelii
1659 1198 1779 1280 flagrat
1803 1195 1964 1273 Bucesae,
1992 1208 2031 1261 ut
2052 1217 2136 1280 quae
2157 1198 2277 1280 praeci·

278 1285 450 1352 eontineri.
501 1285 673 1367 Integrum
702 1281 818 1348 deinde
845 1284 908 1348 sibi
935 1283 1124 1362 servabant,
1154 1292 1191 1348 ut
1218 1286 1255 1347 in
1307 1303 1373 1366 pua
1395 1291 1473 1348 sunt
1493 1291 1665 1348 contentus
1682 1285 1887 1366 impetrasse,
1915 1282 2080 1348 interdum
2108 1285 2153 1348 sit
2181 1303 2277 1366 aequo

277 1371 418 1437 foederis
440 1372 627 1435 societatem
650 1381 784 1452 possent
804 1369 977 1434 admittere
999 1371 1054 1452 qui
1076 1369 1255 1452 adiungere
1307 1368 1412 1433 lenior
1438 1369 1474 1432 in
1501 1370 1542 1434 iis
1576 1367 1806 1447 concedendis,
1839 1389 1921 1450 quae
1953 1369 2119 1434 minutula
2151 1367 2277 1452 quidem

279 1477 314 1522 se
341 1456 476 1521 vellent.
529 1455 639 1536 Quum
666 1454 766 1520 oblati
788 1457 853 1520 iam
877 1465 987 1520 essent
1017 1455 1161 1534 articuli,
1189 1453 1255 1521 dis·
1307 1455 1377 1536 ipse
1404 1462 1514 1538 putat,
1543 1453 1600 1519 sed
1621 1452 1747 1520 habent
1767 1463 1877 1518 tamen
1904 1475 2001 1519 snum
2023 1454 2162 1537 pondus.
2207 1455 2276 1520 Rex

277 1542 445 1609 cessimus.
479 1541 600 1606 Postea
619 1541 819 1624 significavit
831 1541 1152 1606 amarescente
1175 1541 1255 1606 daos
1307 1541 1378 1623 ipse
1410 1542 1469 1605 vix
1500 1539 1635 1605 dimidia
1669 1560 1709 1605 ex
1751 1549 1843 1622 parte
1875 1541 1968 1622 sepit.
2024 1538 2220 1606 Sacerdotes
2247 1549 2277 1606 et

277 1627 354 1710 plus
382 1628 549 1709 aliquanto
577 1626 755 1692 concedere
790 1647 889 1709 quam
925 1626 1074 1692 Caesaris
1099 1626 1253 1710 legatum.
1307 1626 1474 1708 episcopos
1502 1626 1625 1692 severis
1654 1625 1886 1702 sanctionibus,
1917 1647 1983 1690 non
2010 1635 2139 1692 tantum
2168 1627 2276 1691 minis·

275 1713 378 1779 Retio
410 1723 476 1788 est,
503 1711 588 1794 qnod
618 1711 747 1788 Caesar,
777 1733 876 1794 quum
903 1713 1046 1778 hostium
1068 1727 1253 1778 nostrerum
1308 1711 1382 1775 terii
1399 1711 1592 1794 privatione,
1617 1721 1705 1776 arcet
1723 1732 1742 1776 e
1761 1711 1925 1794 coningio:
1948 1712 2277 1794 missasquotidianas

277 1797 1253 1883 opibusindigeatadversus'Parcamperindeeanostrorum,
1307 1799 1440 1862 retinet:
1481 1807 1605 1880 septem
1643 1805 1849 1862 sacramente
1882 1797 1955 1864 vult
1989 1797 2081 1863 salve
2113 1819 2201 1864 esse:
2236 1798 2277 1861 ita

277 1886 368 1967 capit
395 1885 526 1966 utrique
555 1885 640 1965 parti
669 1885 740 1950 sine
762 1883 897 1948 alterius
920 1885 1044 1948 offense
1066 1884 1253 1968 gratificari.
1308 1882 1407 1947 hebet
1434 1881 1587 1948 mutilum
1617 1891 1651 1948 et
1679 1883 1904 1948 semilacerum
1928 1883 2154 1968 evangelium,
2182 1883 2276 1950 eccle·

277 1969 417 2036 Summe
439 1978 550 2034 temen
574 1970 727 2051 postulati
746 1970 816 2034 eius
835 1979 893 2045 est,
917 1981 954 2034 ut
972 1970 1054 2036 eitra
1073 1970 1255 2051 praesentis
1307 1969 1390 2032 siem
1412 1988 1493 2033 vero
1515 1969 1629 2034 multis
1651 1969 1759 2036 adhue
1780 1971 1877 2052 nugis
1897 1970 2060 2034 refertam.
2104 1969 2178 2034 Iam
2200 1966 2276 2052 qnod

276 2065 382 2122 status
410 2056 639 2132 mutationem,
670 2056 734 2120 viri
762 2054 849 2120 docti
879 2075 916 2120 ec
937 2055 1032 2138 probi
1061 2065 1095 2118 et
1120 2057 1254 2120 minime
1307 2055 1379 2118 seni
1399 2052 1524 2118 cerebri
1545 2075 1611 2119 non
1634 2075 1705 2120 esse
1727 2075 1841 2120 omnes
1858 2055 1980 2132 videat,
1999 2056 2200 2139 scripturam
2209 2054 2276 2120 ral-

276 2141 470 2208 contentiosi
494 2141 700 2216 conveniant,
724 2141 913 2224 intorques
936 2139 976 2205 de
999 2141 1158 2223 capitibus
1179 2141 1254 2206 reli·
1307 2140 1378 2222 gari
1399 2139 1554 2204 idiomate
1576 2140 1690 2206 haberi
1718 2141 1753 2204 in
1783 2161 1884 2224 regne
1911 2162 1977 2205 non
1999 2143 2140 2224 patitur:
2164 2163 2204 2207 ac
2224 2163 2276 2205 no-

300 2229 383 2291 ionis
400 2228 621 2292 controversis
639 2225 851 2308 disceptetur:
871 2235 984 2308 postea
995 2247 1049 2290 res
1060 2226 1100 2291 ad
1111 2227 1255 2292 Comitia
1305 2246 1386 2290 vum
1419 2225 1631 2290 interdictum
1663 2245 1769 2310 nuper
1801 2226 1996 2308 publicavit,
2036 2247 2101 2309 quo
2138 2226 2182 2292 eb
2214 2227 2277 2292 eius

277 2249 414 2394 lmperii
436 2311 606 2386 referatur,
629 2322 668 2376 ut
689 2312 729 2376 dc
751 2313 913 2376 sententie
933 2313 1080 2376 omnium
1102 2311 1254 2377 ordinum
1306 2311 1446 2376 lectione
1467 2311 1595 2393 plebem
1617 2313 1757 2377 arcebat.
1802 2313 1912 2394 Atque
1933 2321 1972 2376 ut
1992 2313 2160 2398 intelligas
2189 2312 2277 2378 illum

277 2399 434 2464 ecclesiae
456 2399 662 2481 germanicae
684 2397 872 2462 reformatio
894 2400 1106 2481 transigatur.
1150 2396 1253 2463 Indu·
1305 2417 1373 2462 non
1394 2397 1500 2462 iocose
1522 2397 1675 2474 insanire,
1698 2419 1803 2480 nuper
1824 2398 1931 2462 virum
1954 2399 2117 2480 quendam
2144 2397 2277 2483 probum

277 2485 346 2550 cias
369 2483 410 2547 ed
431 2503 471 2547 ee
492 2482 676 2567 peragenda
698 2485 775 2547 anni
798 2484 896 2548 unius
913 2485 1096 2566 paciscitur.
1141 2484 1253 2549 Nostri
1307 2489 1341 2548 et
1362 2479 1492 2547 doctum
1522 2485 1648 2548 exussit
1675 2482 1716 2549 ob
1744 2491 1897 2567 negatam
1919 2485 2137 2566 praesentiam
2157 2483 2277 2550 Christi

276 2590 339 2635 noc
362 2569 515 2633 brevibus
536 2568 616 2632 adeo
638 2569 778 2633 induciis
799 2569 943 2634 contenti
965 2579 1051 2647 sunt,
1075 2577 1109 2634 et
1130 2567 1253 2652 aliquid
1307 2568 1471 2633 carnalem
1505 2568 1541 2632 in
1573 2587 1673 2651 pane:
1708 2570 1801 2634 cuius
1833 2590 1922 2634 mors
1953 2570 1994 2635 ab
2030 2571 2186 2636 omnibus
2218 2572 2275 2655 piis

277 2655 402 2721 certius
429 2654 500 2718 sibi'
518 2653 589 2718 deri
618 2655 795 2736 postulant.
840 2654 894 2719 Ita
916 2655 1027 2718 omnia
1047 2663 1125 2720 sunt
1146 2656 1254 2720 adbuc
1307 2663 1341 2718 et
1363 2653 1501 2718 eruditis
1522 2654 1619 2720 valde
1636 2654 1866 2737 compleretur.
1901 2655 2013 2720 Nostri
2032 2665 2144 2721 tamen
2163 2667 2275 2723 utcun-

276 2741 313 2805 in
336 2759 509 2822 suspenso:
533 2761 593 2806 nec
615 2749 711 2804 extra
732 2740 809 2806 belli
831 2740 1014 2823 periculum
1037 2762 1160 2821 sumus,
1189 2742 1254 2806 nisi
1306 2761 1368 2822 que
1390 2739 1549 2804 eiusmodi
1569 2739 1766 2806 facineribus
1793 2742 1939 2824 graviter
1965 2741 2188 2822 offendentur,
2211 2743 2276 2808 eius

279 2825 400 2892 Caesar
426 2823 564 2890 alterius
593 2825 756 2908 procedat.
809 2825 1001 2892 luciacensis
1027 2847 1133 2909 nuper
1160 2837 1254 2910 petre
1305 2825 1400 2908 regni
1435 2825 1597 2890 rationem
1634 2825 1755 2892 habere
1791 2847 1857 2892 non
1890 2825 2047 2892 desinent.
2098 2827 2209 2894 Video
2239 2829 2274 2894 de

275 2910 419 2988 orbatus,
441 2911 566 2994 legatos
587 2912 679 2978 misit
700 2933 773 2977 cum
804 2911 992 2977 huiusmodi
1015 2911 1186 2992 mandato,
1217 2933 1253 2978 se
1306 2911 1529 2976 coniuratione
1541 2912 1583 2987 ¹⁰)
1624 2909 1708 2975 nibil
1743 2911 1784 2977 ed
1825 2931 1883 2978 vos
1921 2913 2111 2995 pervenisse
2149 2923 2275 2998 praeter

275 2997 431 3063 ducatum
444 2996 608 3076 Geldriae,
632 2997 903 3080 cuiuslegitimus
920 3007 992 3062 erat
1009 2997 1169 3076 dominus,
1187 2999 1253 3064 Dei
1305 2995 1477 3061 obscurum
1500 3003 1535 3060 st
1556 2996 1746 3080 ambiguum
1768 3018 1942 3064 rumorem.
1977 2999 2167 3066 cardinalis
2183 2999 2276 3067 Pelea

225 3137 229 3146 .
274 3083 433 3150 beneficio
451 3103 674 3165 recuperasse:
698 3105 786 3148 nanc
803 3083 866 3149 sibi
884 3083 924 3148 de
942 3105 979 3148 eo
997 3087 1251 3151 controversiam
1304 3082 1439 3147 tratrem
1452 3083 1492 3158 ¹¹)
1515 3081 1822 3148 habebatvirumet
1838 3083 2013 3167 primariae
2031 3085 2225 3166 nobilitatis,
2245 3095 2276 3152 et

274 3168 402 3234 moveri
423 3177 494 3232 tum
517 3190 536 3232 a
560 3167 702 3246 Ccoesare,
730 3179 800 3234 tum
822 3189 843 3234 a
865 3169 1066 3254 Lotdcriaqo,
1092 3171 1163 3236 sinc
1185 3172 1251 3236 ullo
1304 3167 1488 3236 autoritatis
1509 3169 1597 3232 inter
1614 3189 1765 3252 proceres
1775 3170 1947 3236 maximae.
1981 3169 2153 3254 Siquidem
2165 3193 2275 3238 eorem

275 3255 358 3321 satis
386 3253 532 3336 specioso
557 3265 740 3336 praetextu.
789 3255 1017 3338 Lethariapam
1049 3257 1137 3320 enim
1166 3257 1251 3321 nibil
1303 3253 1425 3318 familia
1448 3254 1575 3338 Regem
1597 3255 1778 3338 propinqua
1802 3257 1995 3340 cognatione
2026 3258 2177 3341 attingit:
2209 3259 2274 3342 ipse

273 3340 358 3405 iuris
380 3359 476 3422 posse
497 3337 681 3417 obtendere,
704 3341 767 3405 nisi
792 3341 879 3423 quod
897 3341 942 3405 sit
960 3341 1075 3406 haeres
1092 3343 1251 3426 postremi
1303 3360 1382 3404 vero
1403 3359 1497 3404 rarae
1519 3337 1688 3406 cuiusdam
1710 3340 1905 3423 prudentiae
1927 3343 2158 3427 etgravitatis
2180 3345 2273 3410 habe-

272 3423 388 3490 Ducis.
440 3425 544 3506 Atqui
570 3426 665 3490 illum
691 3447 751 3508 per
782 3425 865 3503 vim,
896 3433 1011 3491 contre
1042 3426 1093 3492 ius
1127 3435 1160 3492 et
1191 3429 1249 3506 fas,
1303 3424 1409 3490 betur.
1453 3425 1508 3490 Ite
1529 3425 1593 3492 sibi
1621 3425 1658 3492 in
1684 3446 1782 3492 eausa
1802 3427 1916 3492 fratris
1933 3428 2120 3494 moderatus
2139 3438 2218 3506 erat,
2238 3437 2275 3494 ut

274 3510 429 3577 ducatum
453 3511 651 3593 possedisse,
680 3512 736 3593 qui
764 3512 929 3576 sententie
950 3511 1087 3595 Imperii
1109 3513 1250 3579 familias
1303 3509 1407 3576 nihilo
1439 3520 1525 3576 esset
1557 3509 1646 3596 apud
1677 3512 1804 3596 Regem
1837 3511 1998 3579 deteriore
2029 3515 2109 3581 loco.
2166 3515 2274 3596 Quum

273 3597 451 3662 lubecensi
486 3596 692 3662 adiudicatus
725 3607 803 3661 erat.
861 3595 1027 3662 Gaesarem
1059 3611 1250 3680 praetexere
1302 3597 1387 3680 Regi
1414 3597 1550 3662 minime
1571 3605 1740 3680 suspectus
1765 3609 1858 3675 esset,
1880 3599 1959 3681 quia
1975 3599 2082 3682 palam
2106 3601 2275 3667 dissidium

275 3682 407 3766 quidem
429 3683 602 3763 emptionis
614 3682 761 3746 titulum:
785 3681 841 3747 sed
864 3703 961 3764 quam
984 3684 1036 3748 vel
1059 3686 1249 3750 commenti-
1303 3703 1378 3747 cnm
1400 3681 1502 3748 fratre
1523 3703 1602 3766 prae
1624 3705 1659 3750 se
1676 3683 1816 3749 terebat:
1840 3685 1988 3750 omnium
2006 3687 2195 3770 opinionem
2218 3707 2277 3753 sua

275 3770 365 3845 tiam,
390 3768 441 3834 vel
465 3769 563 3832 nimis
585 3767 825 3833 fraudulentam
849 3789 920 3834 esse
938 3777 1108 3852 appareat:
1131 3793 1251 3854 nempe
1303 3766 1480 3833 calliditate
1508 3767 1631 3834 fefellit.
1676 3769 1730 3833 Ita
1746 3771 1833 3834 inter
1854 3791 1890 3836 se
1911 3771 2115 3855 pepigerant,
2135 3783 2172 3838 at
2194 3774 2274 3840 Cer·

274 3876 374 3938 quum
397 3854 539 3936 pretium
561 3855 659 3918 fuerit
686 3859 727 3918 50
748 3855 888 3918 millium
916 3865 1157 3936 coronatorum,
1187 3877 1250 3939 quo
1302 3853 1422 3918 dinalis
1444 3855 1623 3920 exercitum
1645 3851 1781 3922 duceret
1802 3877 1861 3938 per
1874 3855 2033 3922 Galliam:
2056 3859 2156 3924 amal
2178 3867 2275 3942 etque

275 3939 330 4003 vel
350 3940 418 4004 sola
439 3939 517 4004 urbs
538 3941 704 4004 aestimari
730 3949 843 4021 queat:
874 3951 961 4004 certe
987 3961 1060 4005 eam
1087 3963 1250 4007 summam
1301 3939 1469 4005 accederet
1489 3939 1530 4004 ad
1552 3941 1651 4004 finem
1675 3941 1778 4024 regni,
1796 3941 1973 4007 tumultum
1992 3943 2094 4010 freter
2111 3945 2183 4010 eius
2199 3966 2273 4012 cum

273 4025 360 4088 infre
398 4027 475 4090 anni
514 4027 612 4090 unius
651 4025 794 4090 reditum
837 4045 917 4090 esse.
980 4026 1132 4110 Rogebet
1171 4049 1249 4112 ergo
1302 4025 1376 4090 eliis
1409 4025 1587 4090 coniuratis
1626 4026 1797 4092 excitaret:
1831 4048 1895 4109 qao
1925 4029 2002 4092 Rex
2034 4042 2211 4114 occupatus
2240 4033 2271 4096 in

273 4117 402 4174 nostros
420 4111 553 4193 atapnd
569 4109 996 4186 Gaesaremintereederent,
1014 4113 1248 4196 neprincipem
1301 4109 1469 4192 placandis
1507 4110 1673 4176 intestinis
1719 4113 1862 4178 motibus
1901 4111 2059 4180 adversus
2098 4127 2270 4182 externum

273 4192 412 4275 Imperii
433 4196 503 4262 aine
525 4218 623 4263 causa
640 4197 822 4264 lacesseret.
857 4195 953 4277 Quod
972 4199 999 4261 si
1013 4197 1132 4264 Caesar
1148 4200 1250 4264 nollet
1301 4197 1428 4261 bostem
1457 4195 1632 4262 defendere
1660 4218 1694 4264 se
1723 4217 1791 4262 non
1815 4209 1932 4280 posset.
1983 4199 2153 4266 Cardinali
2181 4201 2270 4270 facila

274 4280 427 4362 precibus
454 4285 674 4363 acquiescere,
703 4283 863 4347 auxilinm
893 4302 1005 4347 eorum
1028 4283 1070 4347 ad
1093 4283 1247 4350 tuendam
1300 4291 1372 4347 erat
1409 4303 1537 4347 armare
1574 4283 1712 4348 militem
1748 4284 1859 4366 Papae
1896 4286 2091 4368 sumptibus.
2147 4289 2272 4354 Verum

273 4385 479 4432 communem
501 4367 685 4434 libertatem
706 4369 910 4450 implorabat.
956 4367 1049 4434 Nihil
1072 4369 1179 4435 adbuc
1196 4393 1247 4436 re-
1299 4369 1489 4450 priusquam
1512 4367 1713 4446 adventaret,
1736 4367 1864 4436 detecte
1884 4379 1936 4434 est
1952 4371 1993 4438 ab
2016 4373 2124 4440 indice
2145 4373 2275 4457 conspi-

274 4449 387 4536 sponsi
419 4449 506 4515 tulit:
540 4455 670 4534 quando
703 4454 874 4519 consilium
914 4473 1028 4536 capere
1062 4475 1103 4519 ex
1135 4477 1246 4520 rerum
1300 4456 1392 4519 ratio.
1436 4453 1604 4536 Namque
1627 4475 1661 4518 se
1684 4456 1746 4520 rite
1767 4455 1979 4530 instruerent,
2002 4459 2274 4526 necessehebae·

273 4555 409 4604 suarum
431 4535 639 4605 inclinatione
660 4560 793 4605 necesse
815 4538 992 4604 habebunt.
1042 4541 1095 4605 De
1119 4541 1248 4606 foedere
1299 4549 1377 4604 rant
1397 4539 1582 4621 complures
1602 4541 1708 4606 facere
1729 4542 1884 4607 conscios.
1918 4542 2029 4626 Nepos
2046 4546 2099 4610 vir
2119 4557 2275 4612 saannus

273 4631 386 4688 tamen
408 4619 500 4685 nulle
522 4623 619 4687 fiebat
640 4627 771 4700 mentio,
795 4625 858 4690 etsi
885 4645 951 4690 non
974 4634 1024 4690 est
1047 4646 1067 4690 e
1087 4627 1247 4711 religione
1299 4645 1400 4708 qaum
1428 4624 1572 4690 audisset
1598 4627 1763 4708 pactiones
1790 4647 1863 4692 asse
1897 4625 2132 4711 deprebensae,
2168 4631 2275 4696 voluit

274 4708 411 4774 alienus.
460 4706 560 4788 Angli
585 4712 700 4790 petitio
724 4713 786 4776 fuit
815 4710 1000 4794 utlagatio
1028 4710 1070 4776 ad
1098 4734 1133 4777 se
1161 4735 1247 4780 nova
1298 4711 1360 4775 sibi
1397 4722 1537 4775 mortem
1573 4713 1781 4784 consciscere.
1843 4709 1911 4778 Sed
1948 4735 2049 4797 qnam
2092 4715 2273 4800 impeditas

272 4796 475 4869 mitteretur,
506 4792 559 4857 cui
587 4794 820 4880 adiungeretur
844 4795 1027 4882 Philippus:
1051 4805 1090 4862 ut
1112 4797 1247 4866 haberet
1298 4796 1422 4874 nisset,
1442 4797 1615 4862 saevitiam
1636 4798 1837 4879 quaestionis
1858 4799 1944 4864 ferre
1965 4821 2031 4866 nen
2050 4805 2167 4884 potuit.
2214 4803 2275 4869 Se·

273 4880 365 4944 cuius
392 4877 527 4944 consilio
555 4880 604 4942 uti
629 4893 739 4960 posset
765 4881 806 4947 ad
833 4882 1002 4948 ecclesiam
1030 4884 1147 4951 melius
1168 4906 1245 4951 con·

273 4964 520 5048 stituendam.⁹)
569 4963 645 5028 Non
672 4975 743 5032 erat
769 4967 904 5033 dubium
936 4968 1016 5050 quin
1049 4968 1246 5055 legationem

1298 4955 1499 4962 ———-———

1403 5033 1448 5098 10)
1466 5040 1558 5090 atmm
1577 5051 1642 5090 aero
1660 5053 1697 5118 aa
1713 5037 1786 5103 fieta,
1803 5038 1956 5159 anh'p'tar.
1998 5037 2099 5107 Weber,
2119 5040 2273 5096 &aare

1298 5103 1410 5159 abiectis
1430 5102 1467 5156 K.
1485 5103 1544 5157 aad
1563 5103 1705 5160 Rectorem
1725 5105 1851 5161 Groasbr.
1889 5123 1940 5175 .p.
1957 5105 2016 5160 470.

270 5230 326 5288 m
375 5167 405 5232 9)
426 5168 468 5250 Of.
491 5167 596 5236 Corpus
617 5167 670 5232 res.
691 5165 753 5221 111.
771 5167 829 5224 all.
847 5169 906 5224 676.
949 5170 1121 5236 Seekmdorf
1134 5173 1199 5227 111.
1214 5189 1244 5242 p.
1342 5243 1349 5254 υ
1402 5171 1447 5238 11)
1467 5173 1528 5254 lma
1550 5173 1635 5228 daos:
1657 5173 1739 5255 'zara
1761 5174 1959 5256 plantaverat
1983 5175 2030 5230 Sir
2053 5175 2180 5248 Geoffrey
2196 5177 2273 5248 Pele,

326 5273 334 5287 .
370 5237 500 5305 Schmidt,
517 5239 581 5293 Met
597 5254 626 5307 p.
643 5232 703 5289 851.
1298 5257 1347 5310 «ιιι
1364 5257 1443 5296 men
1460 5247 1545 5297 υιιιιιιι
1561 5248 1675 5298 cesima
1692 5243 1804 5300 audate
1820 5245 1939 5300 τιάιιιιιι.
