4804 6012
150 361 209 424 2⁷7
970 369 1064 438 PRO
1085 371 1331 441 FALLESIO.
2093 389 2157 453 278

150 557 223 632 [μς.
245 558 297 632 ιι]
329 565 463 622 exactae
491 577 583 622 meas
611 557 698 622 vitas
732 558 812 624 satis
840 567 1045 644 perspectam
1067 557 1126 623 ha-
1177 564 1206 628 si
1227 562 1280 630 hic
1297 563 1446 647 pluribus
1465 573 1496 630 te
1515 585 1632 644 morer,
1654 565 1785 645 Caesar,
1809 589 1919 636 coram
1942 591 2006 654 qno
2029 573 2156 640 nidlam

149 638 235 704 beot.
292 639 378 704 Illud
408 649 519 708 tamen
546 644 730 728 spargitur,
760 647 853 727 quasi
883 653 940 710 tua
972 645 1125 711 maiestas
1177 648 1275 714 huius
1298 649 1346 715 rei
1367 649 1569 715 mentionem
1592 652 1697 718 lacere
1724 665 1806 736 o'pus
1827 655 1948 732 luerat,
1979 658 2042 723 nisi
2064 669 2101 724 ut
2123 669 2155 727 te

148 723 235 790 idem
258 723 299 824 de
320 747 373 791 me
394 728 625 810 suspicaretur.
670 727 821 813 Suntque
842 731 865 795 ii
884 739 1023 808 autores,
1047 751 1125 814 quo·
1177 734 1360 801 verecunde
1392 756 1575 814 monerem,
1609 759 1707 820 quarn
1734 739 1833 806 fidem
1867 751 2055 809 mereantur
2086 754 2156 812 tam

149 831 221 875 rnm
242 809 364 894 alioqui
385 812 580 896 dignitatem
610 815 690 881 haee
717 815 881 882 calumnia
907 817 1042 883 minime
1069 816 1124 882 de·
1177 821 1331 887 effrontes
1352 821 1614 888 calumniatores.

149 907 214 962 oet:
243 905 276 960 et
296 919 376 980 quos
397 918 456 964 cur
474 897 610 966 habeam
635 911 701 966 tam
723 901 929 967 adversarios
957 904 1125 968 nonsatis
1263 907 1419 973 Eiusdem
1447 910 1578 992 generis
1603 917 1668 988 est,
1701 910 1786 993 quod
1814 913 1991 992 lactarunt,
2017 936 2155 982 consen·

149 981 305 1082 intelligo.
350 985 422 1050 Nisi
445 987 472 1050 si
493 985 584 1062 illud,
616 985 702 1070 quod
724 989 882 1070 scriptum
905 1001 964 1066 est,
988 987 1124 1072 implore
1176 993 1257 1058 sisse
1284 1013 1352 1068 me,
1382 993 1436 1058 vel
1464 1002 1552 1060 certe
1579 995 1698 1060 favisse
1728 997 1962 1080 Anabaptistis.
2015 1003 2154 1069 Antores

149 1091 183 1133 m
205 1091 258 1132 me
280 1070 429 1152 cupiant:
453 1069 537 1138 Odio
560 1095 612 1138 me
635 1072 824 1138 habuerunt
845 1075 957 1158 gratis.
1177 1077 1275 1143 huius
1296 1079 1480 1146 calumniae
1507 1081 1575 1145 suis
1597 1081 1784 1147 nominibus
1807 1104 1873 1148 non
1895 1085 2022 1152 notabo.
2068 1087 2154 1154 Nam

233 1155 384 1220 Primum
411 1157 550 1238 cumen,
577 1179 641 1241 quo
669 1180 722 1224 me
750 1169 904 1239 onerant,
932 1169 1000 1225 tam
1030 1160 1124 1226 futile
1176 1171 1210 1228 et
1231 1163 1313 1228 mihi
1334 1165 1509 1231 molestum
1531 1177 1589 1244 est,
1613 1166 1698 1248 quod
1720 1187 1756 1232 se
1778 1169 1825 1233 ita
1843 1170 1905 1252 ipsi
1924 1171 2092 1252 infament,
2117 1195 2155 1240 ao

148 1251 198 1306 est
219 1261 257 1305 ac
278 1241 446 1320 frivolum,
478 1253 513 1308 ut
536 1245 598 1309 nisi
624 1246 687 1311 ista
707 1248 883 1311 autoritate
905 1256 938 1312 et
959 1245 1123 1312 conlideu-
1175 1271 1305 1315 omnem
1332 1251 1367 1315 in
1396 1259 1562 1335 postorum
1589 1251 1687 1318 fidem
1713 1273 1807 1328 suam
1836 1255 1923 1337 apud
1944 1257 2043 1323 bonos
2066 1259 2154 1326 viros

148 1328 195 1392 tin
230 1326 270 1392 ab
296 1328 337 1393 iis
359 1328 535 1406 diceretur,
565 1331 665 1395 ullam
694 1332 764 1396 eius
791 1333 897 1398 facere
925 1331 1123 1397 mentionem
1175 1335 1313 1402 elevent.
1358 1336 1425 1404 Sed
1448 1346 1558 1402 tamen
1587 1340 1744 1404 usitatum
1773 1349 1823 1404 est
1852 1340 1912 1406 hoc
1941 1342 2007 1408 illis
2035 1353 2153 1410 strata-

147 1413 280 1478 nollem.
332 1414 429 1480 Nunc
455 1437 534 1480 vero
562 1417 589 1481 si
620 1427 766 1494 tacuero,
795 1439 908 1483 eorum
931 1419 1036 1484 oratio
1058 1439 1124 1482 non
1175 1441 1278 1505 gama,
1298 1422 1533 1507 Anabaptistas
1550 1444 1666 1490 vocare
1684 1435 1841 1508 quotquot
1859 1447 1926 1492 non
1945 1431 2154 1496 consentiunt

147 1499 244 1564 nihili
267 1519 339 1565 esse
361 1499 532 1566 videbitur.
585 1502 715 1568 lactant
742 1503 937 1587 dilapidasse
959 1525 1012 1569 mc
1034 1524 1124 1569 meas
1176 1507 1368 1590 vulgaribus
1390 1508 1594 1592 corruptelis.
1627 1511 1761 1576 Utinm
1785 1512 1970 1595 principum
1993 1535 2089 1580 aures
2111 1516 2153 1582 ad

147 1585 332 1666 facultatem
356 1603 394 1651 ut
410 1609 511 1670 quum
534 1588 726 1672 dignitatem
750 1611 855 1654 nicam
878 1591 1017 1674 amplius
1039 1589 1124 1654 tueri
1175 1593 1262 1658 hanc
1283 1595 1480 1662 cantilenam
1503 1595 1691 1662 occalluisse
1709 1607 1829 1679 putem.
1865 1596 1939 1678 Quo
1957 1601 2004 1678 fit,
2028 1612 2064 1666 ut
2081 1601 2153 1667 lon·

149 1693 215 1736 non
237 1693 374 1754 possem
397 1695 530 1739 neccsse
547 1674 628 1738 mihi
649 1676 747 1740 inierit
765 1678 876 1741 omnia
893 1697 952 1760 pro
971 1675 1124 1741 derelicto
1175 1679 1258 1763 glori
1280 1683 1489 1764 responsione
1511 1703 1579 1746 non
1601 1680 1755 1766 indigeat.
1801 1681 1868 1749 Sed
1891 1683 1973 1749 illud
1996 1687 2153 1752 nimirum

150 1758 286 1835 habere,
315 1768 348 1824 et
376 1781 440 1825 non
470 1762 580 1826 minus
610 1761 717 1840 bonis,
746 1783 845 1844 qnam
865 1763 972 1846 patria
993 1761 1123 1827 cedere:
1176 1776 1240 1830 est:
1270 1767 1316 1832 nil
1345 1766 1386 1832 de
1413 1767 1507 1832 nobis
1529 1767 1593 1832 dici
1622 1775 1689 1831 tam
1717 1769 1896 1834 absurdum
1926 1792 2035 1852 posse,
2065 1773 2153 1856 quod

149 1843 246 1910 naid
269 1847 383 1914 fecisse
404 1846 516 1912 videar
537 1846 705 1932 roligionis
727 1869 813 1932 crgo.
846 1847 885 1914 Si
907 1846 939 1912 id
962 1848 1126 1914 diceretur
1176 1871 1242 1916 non
1266 1853 1363 1918 fidem
1390 1853 1554 1930 inveniat,
1583 1855 1643 1919 etsi
1671 1875 1713 1920 ne
1741 1854 1843 1919 ullam
1866 1855 1995 1938 quidem
2018 1878 2096 1940 prae
2118 1881 2153 1924 se

148 1934 183 1996 in
205 1955 242 1996 re
263 1933 441 2017 praesenti:
471 1933 563 1998 nulla
584 1932 665 1996 mihi
688 1955 769 2016 opus
787 1943 874 1999 essct
894 1934 1124 2012 confutatione,
1176 1939 1260 2002 ferat
1291 1939 1362 2004 veri
1395 1940 1549 2022 speeiem,
1585 1940 1649 2004 nisi
1680 1961 1740 2005 nos
1769 1941 2031 2026 respondeamus.
2087 1945 2152 2012 Hie

148 2018 189 2085 ad
219 2019 462 2104 coarguendam
491 2019 590 2084 talem
617 2019 863 2101 impudentiam.
914 2018 982 2085 Sed
1010 2019 1125 2104 procul
1176 2025 1575 2106 enim[pag.1t]siuno
1602 2024 1701 2091 verbo
1730 2035 1832 2090 totam
1863 2048 1970 2092 meam
1992 2028 2152 2096 defensio-

146 2105 241 2171 lacile
262 2105 387 2170 audent
407 2103 485 2169 mali
507 2105 655 2170 homines
679 2104 759 2172 haeo
781 2107 914 2190 lingere,
937 2105 1056 2189 quibus
1073 2107 1124 2170 in·
1177 2133 1251 2176 nem
1273 2111 1469 2189 conclusam,
1491 2111 1645 2176 iniuriam
1665 2111 1748 2176 mihi
1769 2111 1809 2177 ab
1831 2113 1872 2178 iis
1889 2115 1970 2191 lieri,
1992 2115 2048 2197 qui
2070 2115 2152 2182 illud

146 2193 267 2257 famem
290 2213 342 2257 me
363 2190 512 2269 reddant,
536 2191 724 2274 priusquam
747 2191 825 2275 quid
850 2213 963 2256 verum
985 2193 1028 2256 sit
1049 2212 1124 2276 cog-
1175 2196 1346 2276 ohiieiant,
1382 2195 1467 2280 quod
1497 2218 1538 2262 ne
1567 2217 1626 2281 per
1653 2197 1817 2263 somnium
1848 2199 1979 2281 quidem
2006 2221 2151 2283 unquam

146 2279 239 2344 nosci
266 2288 374 2362 queat.
423 2279 600 2341 Caeterum
629 2279 751 2360 gratias
778 2299 840 2362 ago
864 2279 1005 2342 Domino
1034 2299 1122 2342 meo:
1175 2283 1332 2368 cogitavi,
1371 2293 1504 2366 peracta
1535 2283 1679 2349 breviter
1711 2303 1809 2348 causa
1843 2284 1950 2350 fuerit.
2006 2285 2151 2351 Omnino

146 2385 206 2430 nec
229 2385 301 2430 esse
323 2385 375 2428 mc
397 2361 496 2428 talem
520 2361 715 2442 helluonem,
736 2365 789 2431 vel
808 2365 906 2429 huius
923 2365 1054 2448 generis
1072 2363 1125 2446 (ut
1175 2371 1264 2434 enim
1286 2391 1398 2436 eorum
1422 2367 1558 2452 probare
1580 2378 1639 2446 est,
1662 2367 1749 2453 quod
1767 2369 1938 2435 obiiciunt:
1962 2381 2151 2456 certumque

145 2450 193 2514 ita
216 2450 338 2530 dicam)
360 2448 561 2526 barathrum,
585 2450 637 2515 oui
655 2451 805 2515 satiando
824 2461 892 2516 tam
910 2450 1030 2533 copiosi
1048 2471 1123 2534 pro·
1175 2463 1225 2521 est
1258 2455 1510 2533 accusationem,
1538 2475 1620 2538 quae
1649 2475 1708 2520 sua
1736 2456 1926 2538 probatione
1949 2456 2150 2536 destituitur,

145 2550 265 2602 ventus
288 2557 354 2600 non
376 2535 578 2602 sufficereut:
603 2557 663 2601 nec
686 2557 830 2620 unquam
848 2537 947 2602 fuisse
965 2546 1030 2601 tam
1050 2557 1123 2619 pro-
1174 2561 1233 2625 pro
1257 2562 1347 2606 mera
1368 2539 1479 2606 haberi
1501 2541 1672 2607 calumnia.
1718 2540 1790 2605 Iam
1813 2561 1891 2606 vero
1913 2563 1995 2624 quae
2017 2543 2151 2608 tandem

145 2623 238 2688 hisae
260 2627 334 2701 [pag.
355 2627 405 2700 12]
424 2622 650 2687 ostentationis
672 2623 750 2706 quin
772 2623 867 2688 facile
885 2631 1036 2705 sumptus
1054 2643 1124 2686 sus·
1174 2627 1295 2692 indicia
1317 2627 1493 2692 adversum
1512 2647 1566 2691 me
1587 2629 1731 2710 proferre
1753 2637 1898 2710 possunt,
1922 2648 2004 2710 quae
2026 2629 2080 2694 vel
2102 2639 2150 2694 te·

144 2710 313 2773 tinuerim.
356 2707 553 2790 Quanquam
575 2717 609 2773 et
636 2710 664 2773 si
687 2729 787 2792 supra
816 2710 903 2774 vires
934 2707 1123 2792 patrimonii
1174 2735 1274 2778 nusm
1302 2715 1520 2779 coniecturam
1555 2715 1723 2798 ingerant:
1758 2713 1959 2779 certe-nihil
1987 2722 2037 2778 est
2065 2714 2151 2798 quod

144 2795 281 2861 fuissem
303 2805 526 2877 sumptuosus:
555 2795 627 2877 quis
648 2795 760 2861 credat
783 2795 939 2859 maluisse
961 2793 1047 2859 ultro
1070 2792 1123 2858 bo-
1173 2799 1391 2864 relormidem.
1437 2797 1504 2864 Sed
1525 2799 1552 2863 si
1574 2801 1614 2864 iis
1636 2807 1765 2863 tantum
1789 2798 1874 2863 ultro
1892 2799 2090 2883 indulgetur,
2113 2810 2152 2866 ut

144 2882 198 2945 nis
215 2881 367 2945 omnibus
385 2879 508 2957 cedere,
531 2901 628 2962 quam
647 2891 815 2966 sumptum
832 2879 1001 2945 minuere?
1025 2888 1123 2962 atque
1174 2887 1263 2949 nuda
1285 2905 1396 2950 eorum
1415 2885 1578 2950 accusatio
1596 2883 1693 2950 fidem
1713 2884 1841 2962 habeat,
1863 2885 1927 2950 nisi
1949 2887 2150 2952 contrarium

144 2979 183 3030 ut
213 2987 268 3030 me
296 2967 405 3050 aliqua
426 2967 509 3030 forta
540 2964 722 3049 desperatio
749 2968 959 3050 praecipitem
992 2965 1121 3050 egisset,
1172 2971 1242 3054 ipse
1264 2970 1415 3054 probem:
1450 2969 1567 3036 saltem
1588 2970 1642 3037 vel
1663 2970 1699 3036 id
1723 2971 1803 3034 mihi
1825 2969 1998 3050 tribuatur,
2028 2980 2067 3036 ut
2087 2971 2149 3040 heo

143 3054 263 3120 saltem
284 3051 368 3135 quod
392 3051 555 3134 reliquum
577 3063 661 3132 erat,
691 3063 729 3118 ut
757 3075 810 3118 me
837 3054 872 3118 in
901 3053 966 3118 alia
986 3051 1121 3136 regione
1173 3055 1355 3122 conditione
1377 3055 1501 3121 audiar.

143 3147 379 3216 sustentarem,
406 3135 635 3204 vendidissem.
686 3139 773 3204 Nam
801 3161 884 3222 quaa
912 3138 1043 3203 tandem
1064 3137 1122 3201 illa
1258 3143 1409 3208 Primum
1430 3143 1532 3227 igitur
1554 3139 1635 3218 dico,
1659 3141 1788 3206 nullum
1810 3163 1956 3225 unquam
1973 3141 2057 3206 mihi
2075 3163 2149 3209 vcr-

142 3226 264 3291 astutia
285 3224 400 3302 fuerit,
426 3224 475 3289 ita
495 3226 602 3308 patria
622 3225 737 3291 cadere
758 3225 844 3308 quod
865 3235 1017 3308 sumptus
1039 3245 1120 3289 non·
1172 3229 1251 3294 bum
1273 3227 1449 3307 excidisse,
1478 3227 1565 3312 quod
1590 3227 1692 3292 ullam
1716 3227 1852 3294 huiusce
1873 3228 2020 3294 cuminis
2042 3229 2149 3312 suspi-

142 3311 227 3376 nihil
260 3311 454 3376 contrahere
492 3310 643 3394 puderet:
683 3311 814 3377 interim
852 3331 930 3378 vero
968 3310 1118 3394 plurima,
1171 3316 1297 3380 cionem
1324 3313 1518 3396 praebuerit
1570 3314 1616 3378 Et
1643 3333 1722 3378 sane
1750 3321 1819 3378 tam
1850 3333 1937 3380 vana
1970 3321 2004 3378 et
2037 3313 2150 3397 inepta

142 3399 261 3481 quibus
294 3395 371 3461 alibi
401 3397 446 3461 sit
473 3417 569 3480 opus,
604 3397 689 3462 bona
716 3396 964 3480 derelinquere?
1009 3397 1119 3479 Atque
1170 3421 1243 3466 esse
1265 3400 1361 3466 audio
1383 3399 1675 3482 Anabaptistarum
1698 3398 1822 3478 deliria,
1844 3409 1970 3464 utnon
1991 3399 2057 3464 nisi
2078 3421 2148 3465 om·

141 3481 223 3549 adeo
251 3503 331 3566 quos
364 3482 481 3564 reliqui
515 3503 641 3549 annuos
669 3493 864 3566 proventus,
893 3481 1029 3547 alendae
1062 3483 1118 3547 ho-
1171 3487 1263 3551 nium
1287 3485 1577 3551 literarumrudes
1593 3485 1692 3569 plane
1709 3485 1860 3550 homines
1877 3485 2147 3553 circumveniant

141 3581 237 3636 ueste
266 3568 408 3634 familiae
434 3569 535 3634 luisse
562 3589 657 3652 pares
687 3569 872 3634 testimonio
901 3577 952 3633 est
979 3568 1119 3634 sollicite
1171 3571 1345 3638 Caeterum
1374 3591 1439 3654 qno
1468 3593 1521 3638 me
1547 3571 1703 3638 beneficio
1725 3571 1887 3636 Dominus
1915 3569 2039 3648 affecit,
2067 3569 2148 3638 adeo

140 3677 256 3722 eorum
278 3653 448 3737 cupiditas,
471 3655 528 3738 qui
550 3655 616 3721 illis
634 3655 675 3721 ad
693 3677 728 3721 se
751 3655 918 3720 trahendis
937 3654 1119 3720 inhiarunt.
1170 3679 1235 3723 non
1258 3679 1331 3724 sum
1353 3657 1482 3723 alienus
1504 3677 1524 3722 a
1545 3657 1658 3735 literis,
1681 3658 1761 3740 quin
1779 3665 1813 3721 st
1830 3656 1939 3740 legere
1959 3656 2091 3738 possim,
2115 3665 2148 3722 et

141 3740 181 3809 Si
210 3740 328 3824 quibus
357 3741 553 3825 hypothecis
585 3741 763 3807 nonnullae
791 3763 831 3806 ex
860 3741 1119 3824 possessionibus
1170 3743 1292 3828 aliquid
1314 3743 1467 3809 iudicare.
1511 3741 1619 3809 Sicuti
1642 3753 1676 3807 et
1698 3763 1718 3807 a
1740 3763 1840 3826 puero
1863 3742 1942 3807 haec
1965 3763 2016 3807 me
2039 3741 2148 3807 studia

139 3827 322 3910 implicitae
348 3835 456 3891 erant:
490 3828 553 3894 nisi
581 3828 761 3894 obstitisset
787 3847 860 3891 mea
887 3827 1048 3892 absentia:
1072 3827 1118 3890 la-
1170 3851 1299 3913 sempsr
1325 3829 1544 3896 oblectarunt:
1574 3835 1607 3892 et
1635 3829 1696 3894 hoe
1723 3848 1850 3912 quoque
1876 3829 2009 3892 nomine
2038 3827 2147 3911 aliqua

140 3913 213 3980 cilis
245 3921 319 3978 erat
351 3911 535 3995 explicandi
564 3915 655 3979 ratio.
709 3911 777 3980 Sed
806 3913 930 3996 gratias
959 3933 1019 3996 ago
1046 3909 1118 3978 Deo
1170 3915 1249 3980 mihi
1273 3916 1460 3981 intercessit
1480 3913 1685 3981 necessitudo
1707 3935 1782 3980 cum
1806 3911 1909 3978 doctis
1937 3913 2019 3979 viris
2052 3923 2085 3978 et
2106 3914 2145 3978 li-

139 4019 224 4078 meo,
247 3999 379 4076 Caesar,
401 4008 435 4063 te
456 3999 565 4082 ipsum
588 4009 706 4066 testem
722 3999 804 4064 mihi
823 3998 1017 4082 locupletem
1038 4019 1118 4076 esse,
1169 4003 1292 4066 teretis.
1337 3999 1394 4067 Sic
1415 4002 1525 4084 itaque
1547 4000 1652 4064 omnis
1675 4021 1695 4064 a
1716 4021 1769 4064 me
1791 3998 1899 4064 aditus
1920 3999 2146 4083 Anabaptistis

138 4107 240 4169 quam
264 4105 349 4150 vana
374 4085 418 4150 sit
440 4085 534 4164 haec,
564 4105 629 4169 qua
655 4107 708 4151 me
736 4085 917 4150 adversarii
946 4083 1117 4164 infamant,
1169 4087 1354 4152 obstructus
1387 4095 1472 4164 erat,
1505 4095 1543 4150 ut
1575 4085 1674 4150 etiam
1708 4086 1735 4150 si
1768 4085 1966 4168 aspirarent,
2001 4089 2075 4164 [pag.
2096 4093 2147 4164 15]

137 4171 315 4238 calumnia
360 4171 458 4236 Certe
480 4173 507 4237 si
536 4171 576 4238 de
597 4170 783 4255 sumptibus
804 4178 933 4235 tantum
955 4179 1116 4254 ageretur,
1169 4175 1292 4238 frustra
1323 4172 1357 4236 id
1386 4173 1427 4238 ab
1455 4173 1495 4238 iis
1527 4173 1650 4236 lactum
1677 4179 1773 4236 esset.
1830 4169 1927 4236 Oerte
1960 4170 2001 4235 ab
2031 4191 2146 4236 eorum

138 4257 189 4324 nil
210 4257 292 4322 mihi
315 4257 441 4323 facilins
463 4265 535 4322 erat
561 4277 659 4340 qnam
685 4265 875 4340 sumptuose
904 4256 958 4322 vel
985 4257 1020 4321 in
1042 4257 1118 4322 aula
1170 4259 1296 4326 haeresi
1327 4259 1374 4325 sic
1407 4267 1565 4342 perpetuo
1599 4255 1769 4335 abhorrui,
1804 4265 1843 4320 ut
1868 4257 1994 4340 quoties
2022 4257 2146 4322 mentio

138 4357 198 4409 tua
230 4344 358 4421 rivere,
387 4351 422 4408 et
448 4343 550 4409 multo
580 4341 712 4428 quidem
740 4344 846 4427 magis
872 4363 970 4426 quam
998 4352 1117 4408 natura
1168 4346 1238 4410 eius
1259 4344 1371 4428 aliqua
1390 4345 1476 4410 facta
1497 4353 1563 4421 est,
1591 4342 1669 4426 quid
1694 4343 1865 4419 sentirem,
1894 4343 2029 4407 minime
2051 4341 2145 4408 dissi·

137 4449 213 4495 mea
240 4430 333 4494 ferat.
384 4429 498 4512 Neque
525 4432 629 4507 euim,
666 4429 719 4494 vel
747 4439 877 4507 tenues,
912 4427 965 4494 vel
993 4430 1116 4494 accisae
1168 4430 1373 4496 mulaverim.
1419 4429 1522 4496 (luins
1544 4429 1592 4493 rei
1615 4449 1675 4494 nec
1695 4447 1824 4510 paucos,
1844 4449 1904 4494 nec
1922 4427 2011 4492 leves
2033 4435 2144 4506 testes,

135 4537 217 4600 opes
238 4517 375 4580 bierunt
395 4517 466 4580 eius
488 4515 643 4593 lamlllao,
672 4517 708 4579 in
735 4536 800 4598 qua
826 4523 926 4581 natus
955 4535 1027 4580 sum
1057 4535 1116 4582 nee
1168 4518 1223 4600 qui
1254 4518 1336 4582 meis
1375 4513 1577 4582 sermonibus
1615 4515 1850 4592 interfuerunt,
1889 4533 2145 4579 commemorare

137 4622 201 4684 ego
224 4609 292 4668 tam
315 4601 400 4667 male
417 4602 522 4667 tuitus
540 4621 614 4667 sum
632 4603 866 4686 patrimonium
889 4621 909 4664 a
930 4604 1115 4685 progenito-
1167 4623 1308 4686 possum.
1367 4603 1476 4685 Atque
1509 4599 1604 4680 adeo,
1645 4621 1747 4682 quum
1779 4601 1914 4665 minime
1947 4600 2143 4682 ignorarem,

135 4685 230 4752 ribus
253 4688 413 4766 relietum,
436 4696 474 4752 ut
495 4687 610 4753 infami
632 4687 791 4765 cessione,
821 4687 875 4750 vel
897 4687 1116 4771 ignominiosa
1167 4707 1286 4772 magua
1308 4688 1427 4752 asnatia
1449 4707 1504 4754 eos
1525 4686 1670 4769 irrepere
1697 4686 1732 4750 in
1763 4687 1888 4752 animos
1908 4685 2144 4767 simpliciorum

137 4779 214 4853 [pag.
241 4777 292 4854 13]
324 4775 358 4840 lu
434 4775 563 4857 inopiae
601 4773 760 4858 pudorem
792 4771 953 4838 discutere
984 4793 1115 4839 necesse
1165 4774 1346 4850 hominum,
1369 4772 1481 4840 sedulo
1504 4772 1618 4839 curavi
1640 4781 1677 4838 ut
1699 4772 1779 4838 haec
1801 4773 1916 4855 postis,
1949 4791 2046 4920 quam
2068 4789 2143 4853 per·

134 4860 320 4925 habuerim.
372 4879 426 4924 mo
448 4881 527 4926 vero
548 4881 614 4925 non
635 4859 776 4944 ignoras,
800 4857 929 4937 Caesar,
954 4859 1039 4924 ultro
1062 4879 1114 4925 me
1166 4859 1415 4926 niciosissimam
1437 4858 1638 4936 iudicabam,
1667 4879 1801 4940 prorsus
1821 4879 1842 4922 a
1863 4868 1931 4922 tote
1974 4875 2048 4920 omo
2069 4873 2144 4920 mea

134 4946 180 5010 ab
203 4965 242 5012 eo
264 4967 400 5011 munero
420 4945 507 5029 quod
529 4944 692 5012 detuleras
713 4944 934 5028 praeclarum,
963 4946 1113 5011 excusari
1165 4955 1200 5011 et
1225 4945 1349 5011 familia
1377 4957 1551 5011 arceretur.
1601 4945 1775 5027 Rogantur
1803 4942 1865 5026 ipsi
1896 4940 2141 5024 Anahaptistae,

134 5030 290 5097 voluisse.
334 5031 435 5097 Nulla
461 5031 591 5116 quidem
619 5041 695 5097 tuan
723 5032 885 5096 maiestati
913 5031 1114 5114 obsequendi
1165 5051 1208 5097 en
1226 5053 1278 5096 me
1295 5032 1331 5096 in
1353 5053 1486 5097 suorum
1509 5051 1645 5096 numero
1667 5030 1820 5095 habeant.
1864 5027 2033 5111 Ouperent
2054 5039 2143 5092 certe

134 5118 356 5196 recusatione,
384 5116 441 5184 sed
467 5119 615 5204 ingenua
636 5117 862 5202 simplicitate,
890 5115 976 5199 quod
998 5137 1036 5181 eo
1058 5116 1113 5182 de-
1164 5118 1212 5182 ita
1233 5139 1314 5198 esse,
1343 5127 1376 5183 et
1397 5117 1537 5184 libenter
1557 5116 1790 5201 gloriarentur,
1818 5115 1846 5181 si
1867 5115 1914 5178 ita
1935 5121 2030 5178 esset
2074 5110 2143 5180 Sed

133 5205 241 5288 fungi,
264 5205 350 5270 sicut
370 5214 549 5288 optassem,
575 5203 712 5270 minime
733 5214 888 5287 poteram.
932 5204 988 5268 An
1009 5202 1043 5267 id
1064 5211 1115 5269 est
1164 5225 1333 5287 nunquam
1354 5224 1407 5268 me
1429 5225 1525 5269 suum
1547 5223 1619 5268 esse
1640 5202 1704 5284 ipsi
1721 5199 1918 5266 fatebuntur.
1964 5199 2013 5264 ho
2034 5199 2142 5265 nescio

135 5289 291 5368 hominis,
314 5290 367 5357 cui
389 5289 555 5374 desitque
573 5289 713 5355 scelat?
748 5290 815 5358 Sed
833 5289 966 5372 ineptus
983 5288 1112 5368 luerim,
1165 5309 1244 5355 sane
1267 5309 1309 5354 an
1331 5289 1388 5372 qui
1409 5309 1463 5354 mc
1486 5289 1548 5356 hoo
1580 5287 1711 5354 nomine
1732 5287 1901 5364 infamant,
1928 5283 2043 5350 mdem
2064 5305 2141 5351 oon·

1885 5385 1936 5442 18*
