4804 6012
158 305 215 366 281

158 491 279 568 culum,
303 491 360 574 qni
382 512 447 555 non
466 489 562 556 modo
579 501 656 557 tuae
675 493 855 558 maiestatis
872 494 1009 575 imperio
1031 503 1133 577 paret,

157 577 213 642 sed
241 599 331 642 unns
359 598 487 658 semper
515 577 576 642 fuit
608 600 650 642 ex
684 579 743 644 tibi
768 577 951 658 fidissimis,
981 589 1013 644 et
1042 581 1134 646 obse-

158 663 390 746 quentissimis.
447 661 644 744 Quanquam
678 686 744 730 uon
781 665 858 731 huic
891 667 949 730 uni
983 665 1054 730 loco
1088 667 1135 729 ita

158 769 246 814 212111
269 750 398 826 affixus,
421 750 501 830 quin
518 749 705 831 frequenter
723 750 786 816 1122
805 751 954 816 22111122
972 772 1134 817 221112122-

159 854 239 900 rem:
268 855 333 916 quo
362 855 415 898 me
443 835 605 900 vocabant
632 834 748 900 domus
770 846 899 902 nostrae
922 839 1067 920 negotia,
1097 859 1133 902 ac

158 920 349 1004 praesertim
368 920 511 986 familiae
529 939 603 984 cum
622 919 775 986 fratribus
787 922 1030 988 herciscundae.
1060 921 1134 1004 Quo

157 1009 192 1071 in
219 1008 350 1088 negotio
384 1004 602 1088 expediendo,
638 1007 857 1072 illustrissima
885 1007 1016 1091 Regina
1043 1029 1136 1074 soror

158 1105 213 1156 tua
235 1091 444 1156 autoritatem
467 1113 560 1158 suam
582 1094 791 1176 interposuit:
815 1089 849 1158 e't
871 1094 969 1158 simul
987 1097 1036 1160 tui
1058 1117 1135 1160 cou-

158 1177 271 1244 siliarii
296 1199 388 1242 suam
406 1199 539 1260 operam
562 1177 790 1244 adiunxerant.
837 1177 913 1260 Quo
935 1181 1134 1256 factumest,

158 1279 195 1328 ut
215 1264 391 1329 transactis
412 1261 511 1328 robus
534 1265 702 1342 omnibus,
731 1265 921 1348 placideque
949 1267 1136 1350 compositis

158 1372 192 1414 re
214 1352 285 1432 ipsa
304 1349 574 1426 demonstrarim,
604 1372 669 1416 non
694 1361 760 1416 tam
790 1353 928 1434 privatis
957 1352 1135 1418 commodis

157 1459 208 1500 ms
242 1436 385 1500 voluisse
418 1436 601 1514 consulere,
635 1458 734 1518 quam
767 1436 957 1504 concordiae
989 1447 1022 1502 et
1054 1440 1134 1522 paci.

159 1521 295 1603 Quoties
317 1533 425 1586 tamen
450 1521 532 1586 mihi
550 1524 715 1606 integrum
734 1537 814 1599 erat,
837 1523 1004 1588 Falesiam
1026 1545 1134 1590 meam

158 1608 288 1674 domum
313 1607 512 1689 repetebam:
547 1609 582 1671 in
604 1629 669 1690 qua
690 1607 856 1674 lubentius
879 1621 965 1674 certe
988 1609 1133 1693 agebam,

158 1715 255 1776 quam
278 1693 356 1758 alibi
377 1695 533 1776 precario.
578 1695 646 1760 Nee
668 1715 747 1759 sane
766 1715 909 1777 unquam
933 1695 1135 1762 domicilium

158 1779 246 1844 aliud
276 1793 433 1861 sequutus
460 1781 609 1858 12122221,
640 1781 668 1844 21
698 1801 736 1844 22
763 1781 832 1846 1222
860 1781 1003 1846 licuisset
1027 1784 1134 1865 quiete

158 1867 278 1930 212212.
324 1867 369 1929 Et
390 1887 576 1948 quanquam
599 1868 632 1944 ii,
656 1868 711 1948 qui
733 1867 815 1930 milri
837 1868 1044 1933 lacessebant
1064 1890 1133 1933 mo·

155 1951 292 2028 lestiam,
315 1951 424 2016 infesti
443 1960 539 2016 eraut
555 1973 628 2016 meo
646 1953 780 2016 vivendi
799 1954 896 2018 mori:
921 1955 1003 2018 nihil
1022 1963 1134 2020 tamen

154 2038 190 2101 in
222 2059 261 2102 eo
294 2037 502 2121 reperiebant
534 2048 590 2102 221
623 2037 833 2117 (112221212111,
868 2047 925 2102 221
957 2041 1131 2122 impurum.

155 2125 313 2198 Tantum,
342 2125 419 2204 quia
441 2125 481 2188 iis
504 2125 791 2206 superstitionibus
813 2123 1021 2202 abstinerem,
1051 2147 1132 2208 quas

154 2209 275 2293 vulgus
298 2209 453 2274 ecelesiae
476 2211 698 2274 caeremonias
725 2219 910 2293 nuncupat,
940 2233 1000 2295 ego
1022 2223 1132 2276 autem

154 2317 226 2361 cum
256 2295 358 2360 verbo
384 2294 450 2358 Dei
478 2316 625 2378 pugnare
654 2317 826 2360 noveram:
860 2317 972 2360 rumor
999 2298 1133 2380 quidam

153 2403 287 2463 sparsus
309 2391 396 2458 erat,
427 2383 606 2462 separatim
629 2385 702 2460 [pag.
724 2388 777 2462 21]
806 2381 927 2447 habere
949 2405 1002 2447 me
1024 2405 1132 2448 meam

153 2477 285 2542 sectam,
310 2476 350 2542 21,
374 2477 412 2530 21
431 2468 502 2532 fieri
525 2467 615 2544 solet,
639 2467 771 2550 quidam
790 2469 1014 2545 coniioiebant,
1037 2469 1133 2552 plura

153 2574 250 2636 quam
271 2555 377 2617 fronte
399 2555 570 2634 profiterer
590 2553 624 2616 in
647 2573 774 2618 recessu
795 2553 928 2618 habere:
952 2555 1008 2619 alii
1031 2556 1131 2618 etiam

152 2640 258 2704 multa
280 2637 476 2704 adiiciebant
497 2639 696 2704 mentiendo.
749 2637 860 2720 Quum
888 2639 940 2706 his
969 2641 1131 2723 angustiis

151 2747 328 2808 premerer,
352 2733 391 2788 ut
411 2723 494 2788 mihi
517 2725 731 2790 offendendus
753 2735 840 2790 esset
861 2725 953 2790 Dens
976 2726 1004 2790 si
1026 2727 1131 2790 homi·

150 2813 248 2876 nibus
277 2811 405 2893 placere
438 2810 570 2874 vellem:
603 2810 900 2876 commodissimum
935 2812 1041 2876 visum
1071 2820 1130 2891 est,

151 2896 192 2962 ad
214 2907 348 2980 tempus
370 2897 535 2962 secedere:
558 2907 592 2962 et
614 2897 654 2960 ab
677 2918 789 2962 eorum
812 2907 986 2980 conspectu
1009 2899 1130 2980 paulis-

150 3005 209 3066 per
235 3003 291 3048 me
320 2981 514 3060 subducere,
543 2985 599 3064 qui
625 2982 800 3048 obturbare
829 3004 897 3047 nou
927 2983 1127 3050 desinebant.

150 3068 241 3150 Quin
273 3069 373 3134 etiam
403 3089 444 3132 ex
473 3070 555 3133 meis
584 3070 731 3152 cognatis
759 3070 909 3134 nonnulli
936 3079 1005 3134 12111
1035 3079 1130 3134 21221

148 3155 270 3233 1212211,
294 3163 333 3218 21
354 3155 419 3219 2121
440 3155 509 3218 vim
530 3155 564 3218 vi
586 3153 793 3236 repulissem,
822 3177 864 3220 ne
887 3153 974 3220 domi
997 3156 1128 3238 quidem

146 3262 240 3308 meae
269 3242 371 3306 forem
399 3261 541 3306 securus.
596 3241 698 3322 Atqui
726 3240 827 3306 vitam
857 3243 966 3324 potius
995 3243 1129 3324 profun-

148 3327 233 3407 dere,
257 3348 357 3409 quam
378 3325 494 3403 ullam,
523 3325 576 3392 vel
599 3327 825 3391 tenuissimam
848 3327 917 3392 eius
939 3328 1128 3393 commotio-

146 3415 196 3480 nis
219 3414 363 3496 speciem
386 3410 490 3490 edere,
511 3412 615 3476 multo
637 3412 835 3477 maluissem.

233 3500 358 3564 Dicant
377 3498 525 3563 fortassis
547 3497 736 3576 adversarii,
759 3519 825 3562 non
844 3518 915 3562 esse
939 3499 1126 3577 verisimile,

144 3587 229 3650 mihi
253 3605 345 3650 meos
367 3593 435 3648 tam
457 3584 558 3648 fuisse
580 3583 733 3652 molestos
755 3585 825 3648 sinc
844 3603 950 3650 causa.
995 3582 1127 3650 Deinde

144 3673 186 3738 ad
208 3683 304 3736 tuam
326 3671 531 3734 maiestatem
555 3691 592 3734 eo
614 3671 746 3735 nomine
774 3667 1041 3752 confugiendum,
1070 3691 1126 3753 pa-

144 3761 208 3824 tria
232 3755 416 3823 cedendum
445 3775 513 3820 non
540 3756 650 3822 1111222.
700 3755 911 3838 Respondeo:
946 3777 984 3820 22
1013 3765 1125 3820 tamen

144 3866 245 3910 causa
281 3840 439 3908 adversus
470 3862 524 3905 me
551 3850 726 3906 commotos
755 3863 841 3920 esse,
876 3841 961 3923 quod
994 3841 1126 3906 obedire

142 3931 225 4008 Deo,
250 3948 350 4011 quam
373 3925 560 3992 hominibus
582 3927 723 3992 mallem.
773 3927 838 3992 Hic
860 3927 902 3992 ad
923 3935 1015 3991 tnam
1038 3937 1125 3992 certe

142 4017 352 4080 maiestatem
387 4013 641 4097 confugiendum
670 4021 754 4092 2121,
788 4015 816 4078 21
845 4033 908 4096 222
941 4013 1024 4076 mibi
1052 4035 1126 4096 spes

142 4103 260 4168 firisset
281 4098 506 4182 impetrandae
530 4099 724 4164 audientiae.
770 4099 837 4166 Sed
857 4099 950 4165 facile
969 4100 1125 4165 coniicere

141 4189 245 4270 potui,
267 4208 321 4252 eos
339 4187 393 4269 qui
411 4185 494 4250 mihi
512 4185 600 4250 domi
616 4185 746 4250 molesti
766 4195 869 4264 erant,
887 4186 933 4250 ita
950 4205 1124 4267 praeoccu-

140 4295 239 4357 passe
270 4283 364 4336 tuum
392 4292 518 4354 quoque
548 4272 694 4335 animum
717 4271 808 4336 salsis
830 4271 1061 4349 delationibus,
1087 4280 1126 4335 21

140 4359 271 4426 2221212
293 4358 428 4422 auribus
449 4358 549 4423 verba
571 4358 718 4422 facturus
735 4378 849 4422 essem.
894 4357 1008 4439 Neque
1030 4378 1125 4440 prae-

141 4455 234 4512 terea
265 4465 318 4508 me
346 4441 483 4522 latebat,
518 4443 714 4524 quantulum
749 4447 822 4521 [pag.
843 4448 897 4522 22]
926 4445 1125 4508 inventurus

142 4553 248 4598 assam
275 4528 362 4612 apud
385 4549 440 4594 eos
463 4529 645 4611 aequitatis,
668 4527 786 4610 quibus
808 4530 843 4592 in
861 4528 1028 4612 religionis
1047 4549 1123 4594 con-

141 4615 318 4684 troversiis
339 4615 559 4698 cognitionem
580 4611 736 4680 mandare
758 4615 851 4680 soles.
895 4615 1009 4697 Neque
1036 4615 1123 4680 enim

140 4713 297 4770 22221212
318 4701 536 4784 inquisitione,
559 4701 612 4764 vel
631 4700 801 4766 moderato
822 4701 975 4766 examine
992 4721 1124 4766 causam

140 4787 353 4874 expendunt:
388 4785 445 4852 sed
475 4785 631 4869 quidquid
666 4807 741 4851 cum
768 4787 835 4852 2212
866 4786 988 4851 deliriis
1014 4788 1124 4852 minus

140 4894 326 4960 congruere
353 4873 483 4951 vident,
512 4893 590 4936 mox
621 4873 745 4938 habent
770 4893 830 4956 pro
859 4870 1020 4937 damnato.
1070 4873 1124 4937 112

140 4982 200 5028 222
234 4959 370 5026 veritati
403 4981 464 5026 nec
501 4959 623 5024 rationi
655 4960 762 5024 locum
796 4959 958 5040 reliquum
991 4959 1123 5024 faciunt.

139 5045 248 5114 Dabis
278 5046 424 5122 veniam,
454 5043 590 5124 Caesar,
619 5043 756 5128 siquod
782 5046 818 5110 in
847 5044 909 5109 hae
931 5066 1004 5110 mea
1026 5065 1123 5108 22222

140 5155 260 5200 verum
283 5140 349 5210 est,
378 5131 571 5213 simpliciter
599 5132 669 5196 sina
697 5130 767 5196 ulla
787 5128 1060 5209 dissimulatione,
1090 5137 1124 5194 et

140 5218 283 5285 candide
305 5217 470 5284 21221222
492 5237 663 5300 exponam.
711 5217 912 5283 Praesertim
942 5237 1043 5299 quum
1073 5215 1123 5280 in·

979 303 1073 371 PRO
1095 302 1340 370 uALLuSIO.

2101 310 2163 373 282

1187 491 1315 576 telligas
1337 514 1400 575 222
1422 494 1542 560 affectu
1569 494 1602 558 id
1622 495 1748 560 faciam.
1799 495 1904 561 Decet
1931 505 2018 562 certe
2046 517 2165 560 nnum-

1187 598 1349 660 quemquc
1370 579 1462 643 12112
1480 581 1675 664 cognitionis
1697 601 1717 644 2
1739 581 1881 646 Domino
1903 603 2073 648 concessae
2095 603 2165 646 mo-

1187 659 1279 740 dum,
1310 666 1413 729 vitam
1436 686 1528 730 suam
1549 667 1731 732 instituere.
1782 667 1867 730 Nam
1895 689 1958 751 qno
1980 670 2086 752 magis
2108 667 2165 732 bo·

1187 769 1266 812 22111
1289 770 1327 814 22
1348 749 1472 815 1221221
1495 751 1589 816 nobis
1611 753 1764 830 innotuit,
1789 761 1881 817 tanto
1904 755 2012 820 minus
2036 763 2086 818 est
2107 775 2164 818 ex·

1187 835 1373 910 cusatiouis,
1397 838 1425 901 si
1447 836 1510 902 1122
1532 860 1598 902 222
1622 839 1795 922 fugiamus,
1819 839 1901 905 illud
1921 849 2092 906 sectemur.
2126 837 2164 905 Si

1188 919 1301 985 dixero
1334 921 1484 990 edoctum
1517 924 1617 990 121222
1650 946 1703 989 212
1731 923 1832 988 verbo
1862 924 2012 1002 Domini,
2046 947 2164 1008 puram

1187 1027 1253 1070 non
1277 1029 1348 1072 2222
1376 1009 1544 1092 religionis
1566 1011 1719 1087 1211112111,
1749 1031 1833 1093 2222
1862 1011 1961 1095 vulgo
1990 1011 2086 1076 hodie
2115 1019 2165 1076 est

1187 1101 1319 1174 recepta
1347 1106 1379 1158 21
1408 1097 1614 1160 sanctissima
1639 1095 1795 1175 habetur,
1831 1107 2067 1180 proptereaque
2097 1119 2164 1162 non

1187 1180 1332 1260 potuisse
1355 1202 1427 1244 eam
1448 1181 1610 1264 amplecti,
1640 1183 1718 1264 quin
1741 1181 1850 1246 Deum
1874 1181 2071 1247 offenderem
2095 1203 2164 1246 ma·

1188 1265 1238 1346 gis
1266 1285 1365 1346 quam
1394 1266 1547 1342 colerem,
1576 1275 1650 1350 peto
1680 1268 1802 1332 iterum
1832 1278 1890 1332 122
1924 1292 1943 1332 2
1980 1271 2162 1347 maiestate,

1188 1349 1326 1430 Caesar,
1355 1375 1397 1415 ne
1425 1353 1597 1435 superbiae
1627 1355 1822 1419 ascribatur:
1857 1376 1962 1436 neque
1991 1355 2077 1420 enirn
2108 1363 2164 1418 2111

1187 1435 1362 1512 2221212111,
1386 1448 1444 1502 221
1464 1439 1680 1522 ingeniosum,
1702 1449 1762 1504 221
1784 1440 1994 1522 prudentem,
2023 1449 2079 1504 aut
2101 1440 2164 1504 cir-

1187 1534 1413 1604 cumspectum
1436 1546 1508 1590 2222
1530 1547 1583 1590 1112
1606 1524 1676 1590 dico
1699 1547 1797 1608 super
1826 1527 1915 1590 alies.
1967 1526 2060 1590 Nihil
2082 1525 2165 1589 mihi

1187 1607 1323 1672 istorum
1342 1609 1396 1674 vel
1425 1633 1541 1694 arrogo
1571 1612 1622 1675 vel
1653 1612 1771 1676 tribuo.
1821 1612 1892 1676 Imo
1919 1633 1999 1676 vero
2021 1613 2164 1695 ingenue

1187 1713 1326 1776 agnosco
1357 1709 1389 1758 et
1418 1697 1536 1774 121221,
1567 1717 1637 1760 2221
1668 1719 1738 1762 2222
1768 1719 1875 1762 meam
1896 1697 2162 1776 imbecillitatem,

1188 1783 1262 1856 [pag.
1282 1785 1337 1859 23]
1359 1793 1395 1844 21
1416 1783 1553 1848 minime
1575 1803 1614 1846 eo
1636 1783 1775 1847 evadere
1799 1785 1970 1865 potuerim,
1993 1783 2045 1849 22]
2067 1792 2163 1848 natu·
2248 1781 2250 1797 ¹

1186 1865 1249 1928 rali
1277 1887 1350 1931 meo
1378 1869 1525 1950 ingenio,
1558 1868 1611 1932 vel
1641 1869 1791 1932 alicunde
1821 1876 2006 1951 comparato
2034 1868 2162 1934 iudicio.

1187 1947 1253 2014 Sed
1277 1953 1325 2016 ita
1346 1953 1454 2018 visum
1476 1955 1539 2018 init
1559 1955 1630 2018 Deo
1651 1976 1732 2030 meo,
1755 1975 1815 2036 pro
1837 1955 1969 2018 infinita
1990 1975 2049 2020 sua
2071 1955 2162 2018 boni·

1186 2044 1270 2116 tate,
1304 2039 1392 2102 viam
1420 2039 1527 2116 illam,
1561 2061 1643 2122 quae
1672 2041 1791 2122 alioqui
1815 2041 1912 2122 plane
1940 2042 2053 2123 ignota
2080 2040 2163 2104 mihi

1185 2131 1267 2202 erat,
1285 2135 1555 2190 commonstrare:
1582 2147 1645 2190 uon
1664 2125 1795 2207 quidem
1815 2137 1852 2189 21
1870 2125 2010 2190 doctoris
2029 2125 2163 2190 titulum

1185 2208 1371 2288 induerem,
1406 2211 1461 2275 sed
1492 2219 1530 2274 ut
1558 2211 1746 2276 obedienter
1774 2210 1982 2294 modesteque
2010 2233 2163 2293 sequerer

1185 2315 1247 2375 quo
1270 2295 1417 2360 ducebat.
1463 2294 1519 2362 Sic
1541 2297 1665 2379 itaque,
1693 2297 1779 2378 quod
1808 2297 1863 2362 alii
1891 2298 2077 2380 ignorantia
2105 2297 2162 2361 ob-

1185 2381 1288 2444 voluti
1321 2382 1458 2447 fortassc
1491 2383 1615 2448 iaciunt
1646 2383 1730 2446 bono
1764 2382 1904 2465 quodam
1937 2383 2021 2460 celo,
2055 2383 2162 2448 faeere

1184 2487 1251 2530 non
1269 2469 1359 2549 potui
1382 2469 1453 2532 sine
1474 2469 1575 2550 impia
1595 2469 1787 2551 pervicacia,
1811 2490 1852 2533 ex
1875 2489 1938 2550 quo
1951 2469 2086 2534 Domini
2105 2489 2162 2534 vo·

1183 2551 1344 2618 luntatem
1368 2555 1516 2638 cognovi.
1552 2554 1620 2618 Res
1638 2563 1707 2618 1212
1725 2557 1759 2619 12
1777 2555 1839 2620 hoc
1862 2557 2005 2632 2112221,
2029 2553 2161 2634 Caesar,

1183 2637 1270 2720 quod
1288 2640 1453 2704 Dominus
1481 2639 1541 2704 2211
1570 2639 1642 2703 2211
1670 2662 1708 2704 22
1734 2661 1831 2722 22221
1854 2641 1954 2706 verbo
1984 2660 2044 2706 suo
2067 2661 2161 2722 prae-

1184 2725 1315 2808 scripsit
1343 2727 1484 2804 rationa‚
1513 2733 1547 2789 et
1576 2727 1722 2808 graviter
1747 2736 1840 2792 22121
1868 2727 1922 2791 hic
1950 2747 2011 2790 nos
2039 2724 2161 2808 aliquid

1183 2810 1292 2874 moliri
1325 2832 1365 2875 ex
1395 2818 1507 2876 uestro
1535 2811 1684 2896 ingenio,
1714 2811 1767 2876 vel
1797 2814 1865 2878 2212
1894 2812 1934 2876 de
1963 2832 2042 2876 vero
2070 2812 2161 2876 22112

1183 2897 1297 2962 edictis
1319 2895 1495 2979 quidquam
1519 2895 1666 2963 adiicere.
1718 2899 1820 2980 Atqui
1849 2897 2040 2981 religionem
2064 2896 2161 2962 hodie

1182 2984 1336 3048 usitatam
1358 2983 1508 3048 homiues
1536 2985 1603 3048 fere
1633 2992 1735 3048 totam
1762 2983 1939 3050 commenti
1968 2991 2059 3062 sunt,
2090 2983 2161 3048 sine

1181 3068 1249 3133 ullo
1271 3068 1363 3134 verbi
1384 3068 1521 3133 Domini
1543 3070 1708 3153 suffragio.
1753 3069 1825 3134 1212
1847 3091 1924 3135 2212
1946 3068 2089 3152 plurima
2109 3070 2160 3132 in-

1182 3163 1269 3232 sunt,
1292 3175 1375 3236 quae
1396 3157 1568 3220 manifeste
1590 3163 1740 3239 pugnant
1761 3177 1836 3221 oum
1855 3163 1970 3220 sancta
1988 3156 2159 3238 scriptura,

1182 3249 1216 3303 et
1237 3240 1265 3306 si
1287 3239 1365 3322 quid
1388 3240 1508 3306 lrabeat
1528 3239 1614 3322 quod
1644 3263 1683 3306 22
1709 3242 1770 3304 2111
1799 3241 1963 3319 videatur,
1993 3241 2041 3306 ita
2062 3241 2160 3305 vitia-

1180 3336 1251 3390 tum
1275 3333 1339 3404 cst,
1371 3328 1489 3392 212111
1519 3327 1620 3392 ullam
1643 3326 1887 3409 deprehendere
1909 3326 2158 3393 similitudinem

1181 3413 1284 3478 liceat.

1266 3498 1382 3562 Testor
1428 3497 1593 3580 equidem,
1634 3497 1662 3562 si
1707 3497 1788 3562 milri
1834 3497 1999 3581 integrum
2043 3497 2191 3564 1212221.

1180 3584 1290 3648 Deum
1313 3604 1395 3665 pure
1418 3583 1532 3662 colere,
1556 3593 1590 3648 et
1617 3583 1658 3650 iis
1686 3605 1769 3666 2222
1796 3583 1929 3648 damnat
1955 3584 2158 3666 superstitio-

1179 3667 1276 3734 nibus
1299 3669 1463 3734 abstinere
1484 3670 1554 3734 sine
1577 3669 1644 3733 ullo
1667 3669 1821 3748 tumultu,
1841 3669 1895 3734 vel
1918 3669 2085 3735 scandalo:
2109 3669 2159 3734 iu-

1180 3755 1339 3837 terimque
1359 3755 1518 3818 familiam
1546 3775 1652 3818 meam
1680 3756 1775 3832 tueri,
1804 3763 1950 3820 2112212
1976 3756 2158 3832 instituere,

1179 3841 1277 3904 simul
1306 3850 1338 3904 et
1365 3841 1566 3922 obsequium,
1594 3840 1679 3922 quod
1708 3845 1780 3920 [pag.
1809 3846 1861 3918 24]
1890 3848 1967 3905 1222
1995 3840 2159 3905 maiestati

1178 3925 1345 4006 debebam,
1372 3925 1523 3992 reddere:
1552 3926 1598 3990 nil
1626 3927 1727 3990 fuisse
1753 3926 1864 4008 potius
1890 3926 1971 3990 mibi
1999 3927 2157 4007 futurum,

1178 4034 1273 4094 quam
1303 4013 1340 4075 111
1367 4012 1475 4094 patria
1503 4012 1662 4078 habitare.
1712 4011 1782 4076 Neo
1810 4033 1932 4090 vereor,
1962 4022 2000 4077 ut
2027 4033 2062 4076 re
2089 4019 2159 4078 tota

1177 4099 1500 4180 2221122221222212,
1519 4098 1826 4163 21122122222112112
1845 4107 1996 4179 suspecta
2016 4098 2060 4162 sit
2077 4097 2158 4162 haee

1177 4205 1249 4248 meo
1277 4185 1477 4266 protestatio.
1526 4182 1615 4248 Illud
1643 4204 1721 4248 vero
1748 4183 1776 4248 si
1799 4205 1865 4248 uon
1886 4183 2011 4248 liceret:
2041 4184 2157 4248 saltem

1176 4270 1239 4336 boc
1261 4291 1466 4352 summopere
1487 4277 1666 4352 optassem,
1697 4268 1838 4351 aliquam
1861 4269 1942 4332 mihi
1965 4290 1985 4332 a
2007 4277 2065 4334 122
2086 4290 2157 4334 ma·

1176 4357 1292 4421 1221212
1314 4356 1512 4420 audientiam
1536 4353 1615 4434 dari,
1644 4355 1693 4419 rei
1721 4355 1791 4434 toti,
1825 4355 1931 4438 qualis
1959 4355 2065 4438 qualis
2097 4362 2156 4435 221,

1176 4441 1430 4526 patefaciendae.
1475 4440 1542 4506 Sed
1565 4463 1676 4524 quum,
1700 4440 1797 4506 sicuti
1818 4441 1883 4504 iam
1908 4462 1927 4505 a
1954 4463 2007 4506 me
2034 4439 2157 4507 dietum

1177 4537 1236 4606 est,
1258 4549 1326 4592 non
1344 4529 1531 4611 ignorarem
1555 4547 1619 4604 222,
1639 4528 1694 4610 221
1716 4526 1800 4590 mihi
1817 4525 1905 4592 domi
1923 4527 2032 4592 infesti
2053 4535 2155 4605 erant,

1176 4623 1268 4679 tuam
1290 4613 1494 4678 maiestatem
1516 4634 1596 4697 arga
1616 4634 1670 4678 me
1690 4613 1850 4679 irritasse:
1883 4613 1987 4679 malui
2013 4612 2156 4680 cedendo

1176 4700 1400 4766 excusationes
1422 4719 1535 4764 omnes
1556 4700 1716 4776 omittere,
1739 4719 1837 4782 quam
1860 4720 1931 4764 esse
1952 4698 2011 4764 tibi
2038 4697 2155 4762 moles·

1176 4794 1238 4851 tus.
1291 4785 1469 4850 Praeterea
1502 4806 1556 4850 222
1589 4785 1827 4870 intelligebam,
1861 4786 1916 4868 qui
1948 4784 2070 4868 privati
2102 4783 2155 4848 sui

1175 4871 1336 4938 commodi
1369 4879 1403 4935 et
1428 4871 1614 4936 ambitionis
1641 4871 1746 4955 magis
1773 4869 1912 4936 studiosi
1939 4875 2027 4948 sunt,
2056 4889 2156 4952 quam

1175 4957 1327 5022 1222221
1356 4955 1526 5041 dignitatis
1548 4957 1603 5024 vel
1626 4957 1753 5036 salutis,
1780 4963 1866 5022 totos
1887 4958 1922 5021 in
1944 4977 1982 5020 eo
2009 4976 2090 5034 esse,
2117 4961 2155 5020 21

1174 5050 1268 5108 tuam
1306 5043 1510 5108 maiestatem
1549 5043 1756 5108 inflamment
1797 5041 1956 5108 adversus
1995 5061 2060 5120 eos,
2098 5041 2155 5124 221

1175 5129 1393 5195 2122212212122
1428 5150 1542 5194 eorum
1575 5149 1702 5194 errores
1730 5129 1892 5210 attingere
1921 5125 2072 5204 audeant,
2102 5125 2154 5192 vel

1174 5215 1294 5298 alioqui
1327 5224 1410 5280 nutu
1433 5215 1627 5300 significent,
1660 5213 1746 5280 nolle
1769 5235 1803 5279 se
1842 5212 1908 5278 illis
1941 5211 2153 5280 subscribere.
