4846 6016
998 355 1366 426 Pnonueorfflna
2110 362 2181 430 XV

176 543 1730 634 lonrsponrlomolodledenoatreinpnimernpnloooqnoltdlofonte....dependunt
1755 551 1787 618 lo
1815 553 2179 633 eopielotinedormirn

169 676 261 738 pour
282 657 310 722 le
330 659 432 724 moires
452 661 561 742 lneque
584 660 605 724 d
625 681 657 726 oe
678 680 737 743 qne
753 679 832 726 none
853 679 950 742 ayone
971 658 1088 725 ordi-res
1108 659 1262 724 nouvelles
1284 661 1322 725 de
1337 680 1422 726 voees.
1454 667 1523 727 Aut
1540 662 1672 746 egregie
1688 662 1841 742 fallimur,
1864 671 1922 729 aut
1940 663 2031 730 nullo
2048 665 2180 750 negotio

176 789 225 835 ox
246 770 299 836 his
321 773 410 837 trinis
432 793 492 837 nos
510 771 710 854 expedimus.
753 770 937 854 Epistulam
959 775 1008 834 23.
1020 771 1217 837 Novembris
1234 769 1275 836 ad
1295 792 1443 838 mensem
1453 771 1670 839 Decembrem
1688 773 1914 858 relegabimus,
1936 774 2044 858 lapsui
2062 777 2180 843 oalami

176 889 240 947 aut
261 885 437 948 memoriae
459 884 627 968 seriptoris
649 882 829 949 tribuentes
849 883 994 967 (qualem
1016 903 1076 947 nos
1097 903 1225 966 quoque
1247 883 1378 966 saepius
1398 885 1557 969 patimur)
1579 884 1664 968 quod
1685 885 1781 950 aliter
1800 871 1957 970 explieari
1979 889 2102 970 nequit.

334 995 530 1080 Apologiam
551 995 688 1060 Fallesii
709 995 893 1079 sumptibus
916 1014 1070 1060 exeusam
1092 995 1192 1060 luisse
1213 1002 1247 1060 et
1267 997 1422 1080 pauoiora
1443 1003 1573 1061 tantum
1600 996 1800 1080 exemplaria
1826 999 2083 1082 negotiatoribus
2104 1021 2179 1084 per·

174 1107 290 1186 misse,
313 1105 467 1173 disoimus
489 1129 531 1172 ex
552 1107 690 1190 epistola
711 1107 741 1172 d.
765 1110 816 1172 24.
838 1106 984 1171 Ianuarii
1009 1109 1091 1170 1548
1114 1107 1236 1190 seripte
1258 1106 1353 1188 (eod.
1375 1107 1429 1174 lol.
1453 1109 1522 1194 74):
1560 1110 1665 1190 Quam
1687 1131 1753 1175 one
1774 1109 1868 1174 lieres
1886 1130 1932 1174 on
1946 1112 2023 1191 pres
2044 1131 2103 1193 qne
2123 1113 2179 1196 loy

172 1218 259 1300 folet
275 1239 349 1284 ooee
368 1218 565 1302 limprimenr
585 1219 678 1286 ioinet
700 1218 721 1282 d
741 1239 774 1285 oe
794 1219 851 1302 qni
872 1239 893 1283 α
914 1219 976 1284 erte
997 1219 1155 1302 desponde
1175 1239 1219 1284 on
1235 1219 1362 1284 toilleer
1379 1221 1434 1300 qni
1452 1241 1473 1284 α
1487 1221 1567 1302 folet
1582 1220 1626 1285 les
1644 1222 1817 1302 ormoirles,
1840 1221 1868 1285 le
1885 1225 1951 1286 cent
1967 1242 2044 1288 voees
2060 1225 2180 1290 reoren-

174 1330 262 1395 drod
284 1331 305 1394 ὰ
326 1331 452 1395 environ
473 1351 517 1395 nn
538 1351 617 1398 esen
667 1330 705 1396 Ie
730 1331 853 1414 donnoy
880 1331 957 1395 trois
979 1331 1091 1410 tbrtns
1119 1331 1157 1396 de
1180 1329 1299 1413 Soooye
1324 1337 1386 1397 eest
1413 1331 1435 1394 d
1461 1333 1532 1399 dire
1557 1336 1669 1398 testona
1697 1354 1740 1397 on
1762 1332 1886 1397 adnm
1909 1353 1993 1415 ροαν
2013 1354 2052 1398 so
2067 1335 2179 1415 peine:

169 1443 255 1524 pule
276 1442 301 1506 al
320 1463 342 1526 y
361 1464 383 1508 α
404 1461 442 1507 so
462 1444 648 1509 nonnitnre.
700 1441 774 1508 Oelo
792 1463 863 1508 aueo
883 1443 1010 1508 environ
1031 1463 1076 1507 nn
1097 1447 1194 1508 leston
1215 1443 1282 1524 ond
1302 1448 1408 1509 oonsto
1435 1443 1457 1506 ὰ
1484 1443 1512 1508 le
1537 1443 1620 1524 faire
1647 1449 1809 1509 retourner
1830 1449 1873 1509 ed
1888 1464 1956 1526 ραν
1976 1446 2087 1512 desan
2108 1446 2179 1512 linr-

170 1555 330 1638 preese'on.
374 1554 413 1618 Il
431 1576 453 1638 ρ
475 1576 513 1621 en
534 1576 555 1620 o
576 1575 615 1620 en
636 1553 721 1621 leniet
741 1559 824 1620 cerate
845 1555 1058 1636 eeempdzires.
1103 1553 1166 1638 on
1181 1555 1305 1635 permis
1328 1554 1349 1618 ὰ
1369 1555 1568 1635 limerlmenr
1588 1555 1656 1637 ond
1676 1576 1714 1621 en
1734 1556 1846 1621 retiret
1862 1577 1946 1638 ρααν
1966 1577 2020 1640 roy
2040 1579 2085 1622 nn
2106 1563 2179 1639 eent,

176 1667 366 1734 ᾱοςᾶαὶοααί
387 1672 497 1733 ardent
512 1687 575 1748 ρνο
594 1671 667 1732 roto
688 1687 746 1732 sur
767 1667 796 1732 le
816 1671 887 1731 tout.
926 1665 976 1730 Lo
995 1665 1042 1748 dn
1063 1686 1085 1730 o
1104 1665 1165 1730 este
1186 1685 1245 1748 qne
1260 1687 1328 1748 ραν
1349 1685 1382 1732 oe
1402 1686 1510 1749 moyen
1530 1667 1558 1732 ll
1578 1687 1632 1732 een
1652 1668 1813 1748 οορααᾱίοι
1834 1688 1871 1733 en
1893 1667 2025 1734 Fronee.
2060 1668 2118 1735 len
2138 1691 2180 1754 oy

176 1779 292 1862 ονιοαρὲ
313 1799 348 1844 eo
370 1783 398 1844 et
418 1781 451 1846 lo
471 1780 600 1846 environ
621 1779 784 1860 ονῗννραααίο
805 1828 935 1844 .....
980 1777 1043 1843 Les
1064 1782 1130 1860 sept
1155 1783 1239 1843 cente
1266 1799 1303 1842 en
1324 1783 1392 1842 tons
1418 1778 1487 1859 free
1507 1779 1670 1844 moretoied
1693 1778 1713 1842 d
1734 1784 1801 1859 sept
1822 1799 1915 1845 οοοαο.
1958 1779 2086 1846 Ultima
2107 1781 2179 1848 viee

175 1893 304 1978 negotii
330 1893 430 1958 huius
455 1893 579 1957 mentio
606 1893 644 1956 fit
669 1891 704 1956 in
733 1889 869 1974 epistole
897 1889 926 1955 d.
951 1891 979 1956 3.
1001 1889 1127 1974 Aprilis
1157 1892 1237 1953 1548
1261 1891 1382 1974 seripta
1404 1889 1500 1975 (cod.
1522 1890 1576 1956 lol.
1599 1889 1668 1973 76):
1705 1889 1744 1954 Sl
1764 1891 1866 1957 lensse
1886 1892 1992 1956 tronoe
2012 1894 2180 1977 messoiper

170 2023 293 2086 propre
314 2005 344 2070 le
365 2023 475 2069 neusse
493 2024 555 2085 poa
584 2003 709 2069 attende
737 2003 767 2067 si
796 2003 866 2087 dono
894 2006 991 2084 tenen
1015 2002 1036 2066 d
1063 2023 1140 2068 oona
1168 2003 1289 2067 enuoier
1316 2001 1557 2085 desnpplemerd
1583 2002 1637 2068 dee
1666 2002 1829 2085 opdoyies.
1880 2002 1972 2069 Meis
1993 2005 2023 2069 ie
2045 2025 2084 2068 ne
2105 2025 2180 2088 soon

169 2136 243 2197 ραν
264 2115 336 2199 quel
356 2116 465 2196 molen,
487 2135 544 2181 eor
566 2117 675 2197 isteque
696 2115 746 2198 αόρ
766 2114 792 2178 il
812 2135 849 2178 ne
869 2119 930 2180 sest
951 2115 1036 2196 offert
1056 2135 1094 2179 ne
1115 2115 1233 2179 vodtnre
1253 2135 1291 2178 ne
1306 2119 1444 2198 ponerer.
1491 2114 1594 2196 Qnont
1615 2115 1645 2178 le
1666 2114 1694 2179 le
1710 2134 1855 2198 ραανναρ
1874 2115 1959 2196 faire
1981 2117 2009 2180 e'e
2030 2137 2073 2200 ny
2091 2117 2178 2198 fanl-

176 2227 268 2310 dron.
311 2227 379 2294 Des
401 2229 514 2293 lotlnes
538 2247 615 2292 omes
641 2247 680 2293 ne
705 2231 786 2291 m’en
812 2247 887 2292 ανον
905 2227 998 2308 point
1025 2225 1161 2293 noeane
1188 2231 1288 2292 vostre
1311 2226 1432 2292 uonlolr
1458 2247 1518 2309 qne
1543 2227 1574 2292 le
1594 2226 1708 2292 οαααΙιο.
1760 2225 1903 2292 Plnstost
1924 2247 2001 2294 oona
2021 2228 2177 2295 renones

175 2341 243 2406 oelo
265 2339 406 2406 deosne
427 2360 530 2406 venne.
574 2338 724 2421 Porqnop
744 2337 877 2402 mondee
896 2357 967 2420 moy
986 2338 1028 2404 sd
1048 2359 1124 2404 eone
1137 2338 1242 2419 ploiet
1261 2358 1298 2402 en
1319 2358 1364 2402 nn
1382 2343 1446 2403 mot
1466 2358 1546 2420 onon
1565 2337 1610 2403 les
1630 2338 1776 2420 enprime
1797 2343 1824 2402 et
1845 2338 1870 2402 d
1891 2359 1924 2403 ee
1942 2339 2023 2420 fero.

333 2452 437 2518 Vides
458 2473 571 2518 mense
590 2451 698 2535 Aprili
720 2450 761 2516 de
781 2451 884 2516 latino
904 2457 998 2516 textu
1017 2448 1209 2516 excudendo
1225 2449 1311 2514 nibil
1328 2449 1436 2516 adhue
1453 2449 1621 2515 deeretum
1639 2449 1749 2529 luisse,
1771 2469 1877 2532 neque
1896 2450 2028 2532 quando
2046 2449 2180 2517 tandem

173 2564 279 2629 fuerit
301 2565 408 2630 dieere
430 2565 585 2630 arsimus.
629 2563 735 2630 Paulo
757 2569 832 2646 post
852 2563 941 2628 enim
961 2561 1125 2628 Fallesius
1148 2562 1320 2628 Genavam
1342 2563 1437 2641 adiit,
1464 2561 1510 2627 ibi
1536 2561 1589 2627 vel
1616 2562 1651 2626 in
1672 2562 1795 2628 vieinia
1816 2559 1970 2644 deineeps
1991 2583 2177 2643 mansurus,

173 2679 224 2744 ita
245 2685 287 2744 ut
307 2676 412 2742 literis
433 2675 613 2743 seribendis
635 2675 760 2742 oeeasio
782 2677 822 2741 ab
845 2696 883 2741 eo
904 2674 981 2740 inde
1002 2680 1150 2758 tempore
1172 2674 1320 2740 debuerit
1354 2673 1428 2739 Iam
1449 2695 1551 2757 quum
1572 2674 1731 2757 praelatio
1751 2673 1874 2738 latinae
1896 2672 2057 2754 editionis,
2080 2696 2179 2758 quam

175 2790 285 2856 solam
312 2789 409 2855 hodie
438 2788 656 2872 possidemus,
684 2786 848 2852 delendas
870 2787 1009 2852 Martias
1040 2790 1124 2851 1548
1151 2788 1359 2869 profiteatur,
1386 2793 1477 2869 patet
1505 2786 1592 2852 hano
1618 2785 1891 2868 subsoriptionem
1918 2785 2109 2870 simplieiter
2136 2809 2179 2854 ex

172 2901 295 2986 gallieo
317 2901 496 2985 exemplari
517 2901 553 2966 in
575 2900 716 2965 latinum
737 2899 917 2980 transiisse,
940 2898 1033 2964 nulla
1053 2906 1240 2982 temporum
1262 2897 1461 2963 diversitatis
1480 2899 1606 2963 ratione
1628 2895 1748 2964 habita
1791 2898 1837 2962 Et
1859 2899 1974 2980 quovis
2001 2897 2064 2962 alio
2086 2899 2179 2964 testi·

172 3014 287 3079 monio
308 3013 478 3079 definiente
505 3033 622 3078 verum
648 3012 747 3078 huius
773 3011 920 3077 natalem
948 3010 1079 3076 definiri
1104 3031 1200 3094 posse
1227 3009 1422 3076 dubitamus.
1470 3007 1538 3076 Sed
1560 3010 1642 3076 haee
1663 3031 1724 3075 nos
1751 3029 1831 3075 oure
1857 3030 1975 3093 parum
1996 3009 2177 3075 remordet:

173 3126 283 3191 multo
303 3125 408 3210 magis
431 3124 578 3191 dolemus
599 3125 783 3208 genuinum
804 3123 937 3190 Caluini
957 3143 1047 3207 opus,
1070 3129 1200 3188 textum
1218 3121 1356 3189 dieimus
1378 3121 1548 3206 gellioum,
1578 3121 1816 3206 deperditum'
1839 3122 1943 3188 Cuius
1964 3122 2032 3187 iam
2060 3120 2178 3187 editori

171 3237 474 3304 Amatelodamensi
495 3236 707 3321 epistolarum
728 3235 959 3302 adFallesium
978 3235 1072 3319 eopia
1093 3255 1160 3300 non
1182 3235 1263 3300 luit:
1285 3255 1391 3318 neque
1412 3235 1564 3300 Bonueto
1585 3235 1768 3300 innotuisse
1790 3233 1928 3314 videtu,
1956 3253 2061 3317 neque
2083 3235 2177 3300 nobis

170 3370 313 3433 usquam
333 3350 371 3414 in
391 3371 497 3414 unum
519 3349 702 3414 alterumve
723 3348 984 3432 octingentorum
1005 3347 1136 3413 illorum
1157 3346 1395 3430 exemplarium
1416 3346 1559 3412 innidere
1580 3347 1725 3430 eontigit.
1768 3345 1837 3411 Vix
1856 3352 1968 3412 tamen
1989 3345 2083 3412 nobis
2103 3366 2178 3429 per-

172 3461 352 3529 suademus
373 3463 482 3528 omuia
502 3461 675 3526 interiisse.
719 3459 892 3526 Versionis
913 3459 1052 3538 latinae,
1075 3479 1157 3544 quae
1178 3466 1211 3524 et
1232 3460 1304 3542 ipsa
1323 3457 1491 3524 rarissime
1512 3458 1662 3538 oeourrit,
1685 3457 1854 3540 exemplar
1874 3457 1939 3540 ipsi
1963 3457 2176 3540 possidemus.

171 3572 306 3639 Titulus
327 3581 390 3640 est:
426 3597 430 3608 ·

329 3689 650 3776 APOLOGIA
680 3690 763 3772 IL-
792 3692 798 3800 }
825 3698 1023 3768 LUsuRls
1046 3701 1088 3766 D.
1112 3697 1274 3766 IAOOBI
1293 3697 1334 3798 a*
1354 3699 1359 3784 Ι
1380 3709 1610 3779 evaserumt,
1634 3707 1820 3778 raanasn,
1842 3707 1977 3763 sanus-
1998 3705 2003 3774 ι
2021 3707 2103 3775 uque
2131 3705 2177 3762 aa

168 3817 251 3871 mini:
271 3833 325 3886 qua
348 3817 420 3886 apud
437 3817 640 3887 Imperatoriam
659 3806 664 3892 Ι
683 3817 852 3872 Maiestatem
868 3816 972 3869 innatas
990 3814 1041 3868 sibi
1058 3814 1254 3870 criminationes
1272 3813 1319 3868 dil·
1338 3803 1344 3888 Ι
1362 3813 1420 3883 luit,
1436 3802 1575 3882 Eidei'que
1592 3827 1657 3868 suae
1674 3811 1868 3866 confessionem
1885 3809 1947 3865 edit.

327 3919 452 3985 Forma
486 3919 699 4004 quaternaria
734 3913 851 3982 minor.
900 3915 1061 4000 Plagulae
1094 3937 1153 3981 aex
1180 3916 1326 4000 (A-r).
1377 3915 1525 4000 Paginae
1551 3923 1743 3980 numeratae
1771 3917 1811 3976 45
1844 3933 1919 3977 oum
1952 3912 2079 3978 duabus
2111 3932 2178 3978 non

168 4032 364 4110 numeratis,
386 4031 504 4097 ultime
524 4051 636 4098 vaona.
681 4028 764 4096 Sine
783 4049 869 4095 anno
891 4029 963 4095 loeo
984 4035 1018 4093 et
1038 4027 1251 4114 typographo.
1285 4027 1467 4092 Maximam
1489 4033 1620 4110 partem
1641 4023 1729 4090 tituli
1750 4031 1887 4108 oeoupat
1907 4025 2015 4109 imago
2037 4022 2178 4108 insignis

167 4143 394 4210 Fallesiorum
414 4143 506 4228 ligno
527 4142 639 4222 ineisa,
661 4141 701 4207 de
723 4160 788 4224 qua
808 4127 884 4206 vide
906 4161 1006 4224 supra
1028 4137 1158 4207 Galviui
1179 4139 1242 4223 Ep.
1265 4142 1315 4205 24.
1339 4138 1409 4203 Ian.
1436 4142 1528 4202 1548.
