4852 6022
273 341 338 402 365
1046 329 1310 398 ΕΡῙΒΤΟῙιΔΕ
1334 335 1500 394 175-177
2212 327 2274 388 3⁵⁶

272 523 337 588 hoo
358 521 503 603 aeoipite‚
524 520 551 583 si
573 539 627 583 mo
648 540 669 583 a
689 518 783 584 vobis
802 540 863 602 pro
879 521 980 584 fratre
1002 519 1115 584 haberi
1136 519 1245 596 vultis,
1298 519 1424 598 temnit,
1448 539 1508 584 nee
1531 527 1581 583 ost
1608 519 1665 600 qui
1693 537 1773 584 vere
1799 515 1975 582 meditetur
2000 513 2041 580 ds
2068 512 2274 578 emendanda

272 617 312 673 ut
332 604 436 672 solida
457 606 501 670 sit
517 606 604 670 inter
621 625 679 670 voe
697 625 780 686 quae
799 613 890 668 tanto
907 605 1033 669 nomini
1051 605 1247 687 respondeat
1298 607 1382 682 rita,
1416 604 1473 670 sed
1502 605 1615 670 relioto
1645 604 1763 668 timore
1793 601 1929 666 Domini
1957 601 2106 682 sequitur
2138 599 2274 680 quisque

273 693 467 768 ooniunetio,
491 712 533 755 ne
550 690 768 754 ministerium
786 689 867 754 iltud
885 690 1065 773 repudietis
1083 689 1170 774 quod
1186 711 1246 773 pro
1298 691 1387 755 viam
1410 710 1502 755 suam
1526 691 1656 765 malam,
1679 699 1718 754 ut
1739 688 1823 752 mihi
1844 686 2010 770 praeolare
2033 685 2155 750 faeturi
2184 684 2274 750 vids-

273 787 384 843 vostro
406 775 573 842 eommodo
601 786 634 839 et
660 775 814 840 ecelesiae
841 776 946 841 salute
969 785 1100 842 coaetus
1121 778 1168 840 fui
1189 797 1246 859 sp·
1298 785 1414 840 rentur
1434 784 1600 859 pastores,
1626 786 1659 839 et
1681 795 1801 858 magno
1824 794 1898 838 oum
1920 775 2044 850 fructu,
2072 771 2102 838 si
2129 791 2199 836 non
2222 770 2275 834 hio

273 863 411 948 probare
438 864 509 928 sine
536 861 602 926 ullo
631 863 756 945 grat-iae
784 861 836 925 vel
863 872 971 926 metus
1001 861 1172 927 hominum
1194 883 1245 926 re-
1298 862 1413 938 solum,
1436 860 1493 926 ssd
1515 871 1549 925 et
1566 860 1644 925 alibi
1661 881 1796 944 quoque,
1820 859 1874 923 ubi
1897 867 2025 924 tuntum
2044 855 2161 922 vident
2183 855 2273 920 verbi

273 958 397 1031 speetu.
443 946 631 1027 quievero
661 955 766 1011 totum
794 946 876 1012 illud
905 958 1118 1030 tempusque
1141 945 1246 1012 fidelis
1297 947 1362 1011 Dei
1391 957 1632 1028 oontemptum,
1660 967 1798 1011 exeusso
1826 945 1962 1027 pulvere
1989 943 2109 1024 pedum
2138 963 2275 1008 suorum

274 1043 309 1100 et
329 1034 405 1116 pius
427 1033 550 1115 collega
571 1053 664 1097 mous
685 1033 719 1096 in
738 1031 881 1096 Domino
904 1033 957 1098 hio
979 1034 1049 1110 suit,
1070 1035 1145 1116 quia
1162 1034 1245 1098 mihi
1298 1033 1362 1097 alio
1384 1054 1456 1098 sese
1479 1035 1673 1098 eonferrent.
1718 1032 1786 1095 Neo
1808 1030 1921 1096 dubito
1949 1030 2029 1110 quin
2051 1039 2129 1093 tuus
2152 1038 2187 1091 et
2211 1026 2275 1092 Fa·

273 1141 332 1203 per
353 1119 535 1184 ordinarias
556 1119 783 1200 occupationes
804 1117 906 1196 liouit,
937 1118 1147 1200 colloquendo
1169 1139 1245 1183 oon·
1297 1119 1368 1183 rolli
1389 1120 1497 1184 abitus
1519 1116 1767 1182 Gebennatibus
1790 1117 2003 1181 vehomenter
2024 1113 2214 1196 profuisset,
2245 1112 2274 1178 si

274 1215 442 1286 sumptum
464 1215 527 1281 est,
556 1225 621 1268 non
649 1205 740 1286 potui
762 1205 854 1269 vobis
875 1204 1007 1287 plonius
1029 1205 1179 1276 seribere.
1209 1215 1247 1268 ut
1298 1204 1339 1268 ad
1360 1215 1488 1288 tempus
1510 1204 1631 1267 iterum
1652 1203 1801 1268 destituti
1823 1203 1962 1266 fuissent
1982 1199 2186 1284 pastoribus,
2214 1217 2274 1263 neo

275 1289 432 1357 volebam.
465 1289 576 1370 Quare
599 1291 644 1354 sio
662 1290 749 1353 inter
771 1311 830 1354 nos
852 1292 1014 1366 eosvenit,
1038 1298 1075 1354 ut
1097 1312 1157 1374 ego
1174 1290 1247 1372 qui·
1299 1291 1438 1354 fuissent
1475 1291 1528 1372 qui
1567 1310 1638 1354 sose
1673 1297 1796 1353 temere
1829 1291 1886 1371 (ne
1908 1286 2015 1352 dieam
2044 1283 2159 1370 impie)
2196 1285 2273 1350 huie

273 1375 348 1441 dem
370 1377 481 1458 paneis
507 1375 669 1440 traderem
699 1374 790 1439 vohis
818 1385 939 1440 rectam
962 1377 1049 1440 viam
1072 1397 1170 1458 quam
1193 1376 1247 1440 hio
1298 1377 1426 1439 muneri
1444 1376 1667 1458 ingessissent.
1713 1373 1921 1456 Cogitessent
1941 1372 1991 1436 illi
2013 1373 2172 1436 nimirum
2196 1369 2272 1452 quid

273 1463 445 1540 teneretis,
474 1463 543 1544 ipse
571 1471 682 1526 autom
710 1469 808 1544 prout
834 1460 987 1543 expedire
1008 1461 1168 1526 iudicaret
1189 1483 1247 1527 vos
1298 1462 1463 1536 sommant,
1488 1471 1522 1524 et
1544 1458 1758 1542 poenitudine
1781 1459 1868 1524 duoti
1891 1459 2067 1523 rediissent
2091 1456 2132 1522 ad
2157 1455 2272 1520 Domi·

273 1547 314 1612 ad
337 1550 478 1612 ot'iioium
507 1569 616 1611 eoram
646 1547 884 1611 adhortaretur.
934 1547 1000 1611 Hie
1027 1549 1128 1630 igitur
1157 1548 1247 1612 vobis
1298 1568 1387 1622 num,
1411 1545 1677 1630 flagrantiorihus
1698 1546 1817 1609 animis
1843 1545 1979 1609 verbum
2001 1543 2138 1609 Domini
2160 1553 2195 1606 et
2216 1563 2272 1606 vos

274 1634 499 1700 amantissima
526 1633 633 1696 salute
662 1654 682 1694 ι
703 1653 755 1696 me
784 1632 961 1714 adscripta,
989 1633 1172 1698 Dominum
1194 1634 1246 1698 Ie-
1299 1633 1498 1716 recepissent
1516 1633 1693 1714 pietatique
1710 1631 1915 1695 studuissent
1932 1649 2031 1712 quam
2048 1649 2197 1710 unquam
2214 1648 2271 1690 an-

274 1739 348 1785 sum
369 1740 425 1782 oro
447 1727 485 1782 ut
507 1739 564 1782 vos
586 1725 697 1781 saneto
724 1738 783 1782 suo
805 1717 968 1800 praesidio
991 1725 1157 1802 protegat,
1187 1739 1246 1784 vos
1298 1729 1359 1783 tea
1403 1716 1471 1783 Sed
1491 1731 1529 1781 ut
1550 1717 1692 1782 mundus
1714 1728 1802 1782 totus
1824 1727 1874 1780 est
1895 1717 1930 1780 in
1952 1715 2039 1780 malo
2060 1715 2269 1790 constitutus,

274 1805 343 1869 suis
365 1802 457 1868 donis
479 1805 584 1888 magis
605 1825 642 1868 uo
664 1805 768 1886 magis
791 1803 949 1882 oumulet,
978 1815 1122 1869 vestram
1145 1805 1246 1870 eoele·
1298 1805 1345 1868 ita
1367 1804 1467 1868 variis
1489 1801 1637 1868 videmus
1655 1803 1858 1886 argumentis
1875 1801 1998 1866 multos
2020 1798 2118 1865 hodie
2140 1819 2270 1866 ourrere

274 1889 356 1956 mam
379 1891 413 1952 in
434 1902 559 1954 reatum
583 1889 730 1953 ordinem
749 1890 910 1966 restituat,
934 1909 971 1954 aa
994 1910 1053 1954 vos
1075 1891 1110 1954 in
1132 1891 1247 1972 primis
1298 1910 1365 1955 non
1385 1890 1503 1954 missos
1525 1909 1545 1951 a
1567 1889 1726 1966 Domino,
1754 1909 1819 1970 qua
1841 1907 1877 1952 ro
1899 1887 1981 1952 nihil
2004 1897 2083 1968 puto
2105 1905 2178 1951 esse
2200 1905 2269 1967 per-

274 1975 392 2056 spir'au
415 1995 492 2039 suae
514 1973 775 2038 mansuetudinis
796 1975 941 2058 impleat,
964 1983 1004 2039 ut
1025 1977 1060 2039 in
1079 1996 1157 2041 vera
1175 1977 1246 2040 sni·
1299 1976 1451 2041 nioiosius
1472 1977 1506 2038 in
1528 1975 1664 2040 ecetesia
1685 1973 1820 2038 Christi.

273 2079 404 2124 morum
437 2061 662 2126 oouiunotiono
700 2079 814 2124 omnes
845 2061 949 2142 ipsius
982 2081 1083 2143 regno
1116 2081 1246 2145 promo-
1383 2060 1581 2125 Intellexisti
1603 2067 1684 2140 puto
1705 2057 1898 2124 Sahaudum
1928 2057 2092 2140 quendam
2114 2058 2269 2139 imposto-

273 2144 379 2212 reudo
413 2167 471 2210 nos
503 2145 691 2229 impendere
719 2147 890 2228 possimus.
943 2148 1161 2230 Argentinae,
1195 2152 1246 2212 25.
1298 2167 1369 2211 rem
1390 2155 1541 2212 auratum
1570 2145 1622 2230 (ut
1643 2149 1776 2226 vooant)
1798 2143 1839 2208 de
1861 2142 1997 2224 Mouroy
2011 2144 2035 2225 ¹)
2064 2143 2101 2206 in
2132 2142 2196 2208 heo
2222 2141 2270 2206 vi·

273 2231 363 2296 Iunii
388 2235 478 2295 1539.
1298 2232 1384 2298 uiuis
1416 2231 1620 2315 praedieare,
1657 2230 1801 2313 falsaque
1834 2239 1867 2294 et
1899 2231 2059 2294 ementita
2090 2229 2270 2294 sauotitatis

289 2342 293 2350 ¹
707 2315 809 2382 Vobis
831 2317 1051 2384 deditissimus
1072 2318 1100 2384 I.
1123 2317 1160 2384 O.
1299 2317 1406 2402 speeie
1427 2317 1541 2382 multis
1562 2318 1737 2400 imponere.
1782 2315 1835 2380 De
1863 2337 1928 2398 quo
1955 2335 2058 2398 quum
2079 2313 2136 2378 hio
2161 2334 2270 2380 rumor

1299 2403 1410 2468 varius
1428 2410 1646 2486 spargeretur,
1664 2411 1697 2467 et
1715 2403 1799 2466 aliur
1820 2399 1942 2467 dioeret
1958 2401 2072 2466 favero
2089 2399 2268 2484 evaugelio,

659 2543 823 2550 -.-m--
840 2543 862 2550 .-
1299 2489 1383 2554 alius
1405 2489 1588 2564 adversari,
1618 2497 1657 2552 ut
1683 2495 1772 2552 oerto
1799 2488 1917 2552 soirem
1944 2486 2024 2568 quid
2048 2495 2136 2552 esset
2157 2486 2193 2550 in
2214 2485 2268 2550 ho-

739 2631 742 2639 .
1298 2576 1397 2652 mine,
1415 2574 1508 2638 volui
1523 2574 1607 2638 olam
1624 2571 1665 2638 ad
1683 2593 1760 2638 eum
1777 2572 1947 2655 proiioisoi,
1970 2570 2177 2654 colloquendi
2198 2592 2269 2654 grs-

726 2690 789 2758 m
1299 2661 1346 2724 tia
1367 2671 1401 2724 et
1421 2658 1575 2724 audiendi
1596 2679 1763 2724 sormones
1785 2659 1863 2724 eius.
1908 2657 2084 2724 Caeterum
2107 2677 2212 2740 quum
2232 2657 2269 2720 ii·

790 2743 797 2756 ’
1299 2746 1353 2811 luo
1374 2747 1548 2822 venissem,
1571 2745 1820 2810 eelebrabantur
1837 2744 2010 2826 exsequiae
2027 2742 2148 2808 nobilis
2165 2743 2268 2808 ouius-

521 2827 760 2896 'POSSANUS
784 2828 1001 2896 GALVINO.
1300 2830 1374 2896 dam
1397 2831 1556 2908 defuneti,
1584 2830 1626 2894 ad
1648 2851 1730 2913 quas
1751 2829 1847 2894 multi
1867 2828 1994 2894 nobiles
2014 2847 2205 2913 magnaque
2224 2849 2269 2894 sa·

395 2984 400 2995 ,
469 2984 475 2996 ,
588 2984 594 2996 ,
1037 2985 1044 2999 ,
1074 2985 1079 2997 ,
1163 2985 1193 2998 ,,
1300 2917 1482 2984 orifioorum
1503 2916 1658 2982 oolluvies
1688 2917 1931 2992 eonfluxerunt,
1959 2914 2079 2998 quibus
2105 2933 2188 2980 mox
2207 2934 2268 2979 non

363 2983 530 3050 &imnum
559 2984 746 3082 ‘³⁸²4qu
773 2989 907 3050 ‘mai-
945 2983 1080 3084 ,ΟΜΝ
1100 2983 1248 3084 &mitum
1300 3003 1421 3086 absque
1447 3003 1538 3066 vitae
1571 3001 1716 3085 periculo
1750 3001 1902 3084 proditus
1928 3001 1992 3082 fui,
2027 2997 2108 3066 adeo
2136 3007 2175 3066 ut
2207 2998 2269 3065 nisi

273 3069 371 3149 Mlti·
417 3068 545 3167 Narrat,
568 3070 644 3150 euru
672 3069 736 3134 ⁸⁸⁶⁸
764 3071 912 3136 “Metti
937 3091 973 3136 ¹⁷⁸
1000 3075 1113 3168 tm*
1138 3075 1250 3169 'itm
1299 3087 1425 3154 nobiles
1445 3089 1552 3171 magis
1573 3087 1723 3152 faventes
1742 3086 1930 3152 habuissem
1957 3105 2056 3169 quam
2085 3085 2269 3151 saeerdotes

273 3174 344 3220 “tm
363 3159 472 3222 tumst)
499 3155 605 3251 abiut>
625 3153 780 3254 sabasta
809 3157 1006 3238 &imm
1032 3177 1088 3222 Μ
1103 3175 1249 3255 pefsmffa
1299 3177 1357 3239 rix
1378 3172 1511 3238 domum
1537 3173 1649 3238 salvus
1674 3172 1854 3238 rediissem.
1897 3170 1965 3238 Sed
1988 3191 2092 3254 quum
2113 3172 2270 3254 primores

272 3260 413 3323 imque
430 3241 582 3324 effugent.
625 3241 729 3308 Mihi
756 3243 909 3324 ΨΜ
936 3244 974 3310 dt
995 3242 1085 3310 'W
1099 3247 1247 3325 imvm·
1299 3259 1381 3324 mihi
1402 3259 1548 3343 graviter
1569 3259 1776 3324 interminati
1798 3259 1938 3324 fuissent
1957 3257 2095 3356 nequid
2116 3277 2268 3323 novaram

378 3393 432 3462 (ux
450 3393 618 3466 autographo
634 3395 700 3449 ιιι.
720 3393 821 3449 esna.
840 3396 905 3450 eor.
923 3393 983 3466 110,
1001 3395 1046 3450 ιι
1064 3354 1137 3460 ιιι.)
1298 3341 2266 3514 ffl‘gffi'ugdfflffifflfflmffl}kgnfflfflj

1299 3513 1412 3594 diram
1442 3515 1550 3581 maid
1571 3525 1705 3598 petente
1726 3523 1759 3580 et
1779 3525 1902 3581 orante.
1946 3515 1992 3580 Et
2012 3515 2170 3597 quoniam
2189 3514 2265 3578 soie-

1299 3601 1356 3668 bat
1375 3601 1432 3667 ille
1453 3623 1506 3666 me
1524 3601 1647 3681 adesse,
1669 3602 1725 3667 ubi
1742 3601 1876 3668 missam
1894 3601 2048 3666 defuneto
2065 3599 2266 3676 eelebrassot,

1299 3689 1486 3754 oonoionem
1516 3687 1632 3752 habuit
1659 3708 1703 3752 ex
1738 3689 1883 3769 professo
1912 3685 2072 3752 adversm
2104 3708 2160 3752 eos
2191 3705 2267 3768 quos

1298 3773 1441 3838 mundus
1473 3783 1568 3838 voeat
1595 3773 1821 3851 Lutheranos,
1855 3782 1889 3836 ιι
1919 3772 2110 3850 veritatem,
2145 3774 2180 3836 in
2207 3793 2268 3854 qua

275 3891 394 3958 Gratia
419 3891 480 3956 tibi
509 3903 542 3956 et
569 3913 633 3974 pax
663 3889 776 3956 aDeo
798 3901 892 3974 patre
915 3901 948 3956 et
969 3893 1114 3958 Domino
1136 3905 1247 3958 nostro
1298 3861 1492 3958 uniwmm.
1517 3859 1718 3940 impmwm
1750 3859 1942 3956 P⁸Pi⁸ti⁶⁸m
1970 3858 2193 3934 ‘mmm'
2219 3867 2267 3921 π’

639 3975 716 4042 Iesu
739 3977 871 4042 Christo
1298 3953 1373 4026 pote
1391 3953 1598 4009 autoritatem
1615 3963 1720 4028 papae
1733 3955 1766 4009 et
1783 3945 2015 4020 saenfieorum,
2033 3945 2160 4008 uultum
2178 3963 2266 4009 suno·

872 4027 879 4042 ‘
1298 4040 1424 4108 torum,
1453 4030 1645 4114 imaginum,
1674 4031 1912 4113 purgatorium,
1934 4031 2054 4094 missae
2073 4029 2264 4094 sa'eriiioium

372 4113 548 4179 Carissimo
588 4124 621 4177 et
660 4113 863 4180 observande
895 4115 1012 4178 fraurt
1069 4113 1166 4196 Quod
1195 4137 1247 4180 ra·
1298 4126 1332 4179 et
1353 4115 1417 4178 alia
1437 4115 1471 4180 id
1493 4136 1612 4199 genus,
1641 4114 1700 4180 sed
1726 4115 1929 4198 argumentis
1956 4124 2023 4180 tam
2053 4114 2205 4181 futilibus
2229 4132 2262 4178 ao

277 4197 346 4260 rius
368 4198 409 4262 ad
432 4213 463 4263 to
484 4200 623 4266 scribam
646 4220 714 4264 non
741 4201 868 4264 tamin
889 4220 988 4265 eausa
1008 4211 1089 4264 sunt
1108 4221 1246 4283 oeoupa·
1298 4199 1436 4277 frivolis,
1464 4211 1501 4264 ut
1529 4209 1631 4266 tester
1659 4201 1842 4266 Dominum
1871 4201 1979 4266 Deum
2012 4221 2065 4266 me
2098 4219 2263 4283 nunquam

276 4281 399 4381 dones,
427 4305 523 4366 quam
553 4287 668 4350 innata
694 4283 854 4367 quaedam
880 4285 963 4349 mihi
990 4286 1191 4370 negligentia
1211 4287 1246 4350 in
1297 4285 1460 4352 audivisse
1481 4286 1648 4351 hominem
1676 4307 1742 4350 nou
1770 4286 1877 4352 solum
1904 4287 2010 4370 magis
2038 4287 2262 4371 blasphemum

276 4367 456 4433 tenuandis
484 4372 612 4448 amieis,
639 4391 828 4453 quanquam
857 4392 916 4436 nos
943 4373 1087 4436 firmiore
1116 4371 1246 4438 vinoulo
1298 4371 1356 4438 sed
1388 4373 1537 4437 miserius
1569 4391 1607 4436 ae
1638 4372 1780 4454 ineptius
1811 4371 2065 4438 oonoionautam.
2121 4373 2264 4440 Instabat

274 4453 424 4519 iunxerit
445 4455 615 4533 Dominus,
645 4478 742 4538 quam
765 4465 803 4520 ut
824 4455 927 4521 literis
948 4457 1051 4522 simus
1072 4455 1244 4522 retinendi.
1297 4458 1405 4540 palam
1428 4479 1520 4523 suam
1543 4459 1791 4524 sanetimoniam
1819 4479 1857 4524 ae
1878 4458 2126 4540 poenitentiam.
2172 4460 2264 4524 Dios·

275 4541 398 4606 Preoor
419 4559 515 4620 saepe
536 4541 715 4606 Dominum
738 4542 848 4607 Deum
875 4551 913 4606 ut
940 4549 974 4606 te
1002 4562 1040 4607 eo
1068 4553 1162 4608 voest
1190 4544 1245 4608 ubi
1297 4545 1353 4608 bat
1375 4544 1548 4628 Virginem
1571 4543 1664 4608 nobis
1685 4543 1852 4609 invenisse
1873 4545 2013 4627 gratiam
2035 4545 2124 4628 apud
2146 4543 2263 4610 Deum

275 4627 382 4692 maior
402 4627 505 4707 possit
532 4645 603 4691 esse
624 4639 801 4709 proventus
821 4637 953 4692 tuorum
974 4627 1124 4693 laborum
1146 4647 1245 4712 quam
1296 4629 1343 4693 Et
1364 4637 1402 4693 ut
1422 4630 1541 4694 missae
1562 4629 1756 4694 saomfioium
1782 4629 1903 4712 populo
1929 4631 2035 4713 magis
2060 4629 2265 4696 sommendat·

276 4713 367 4791 istie,
395 4712 423 4774 si
444 4721 556 4776 tamen
584 4712 680 4777 hodie
707 4713 770 4778 ulla
796 4714 841 4778 sit
865 4733 939 4796 spes
959 4714 1084 4780 fruetus
1106 4735 1143 4780 ao
1164 4715 1244 4778 resi·
1297 4723 1357 4792 ret,
1381 4714 1521 4798 negabat
1531 4715 1704 4779 Christum
1726 4717 1840 4780 feoisse
1861 4715 1941 4780 satis
1961 4735 2020 4798 pro
2037 4717 2181 4798 peooatis
2196 4737 2269 4782 uos-

277 4797 453 4878 piscantiue
470 4797 505 4860 in
524 4795 585 4860 hoo
602 4799 729 4878 perdito
747 4818 785 4863 ao
803 4799 969 4883 deplorato
987 4801 1123 4866 sseeuio.
1146 4800 1245 4864 Prin·
1297 4801 1366 4878 tris,
1388 4799 1447 4865 sed
1469 4821 1507 4864 ιι
1528 4799 1623 4865 nobis
1644 4799 1808 4882 expianda
1829 4821 1901 4866 esse
1917 4801 2084 4868 saorifioiis
2102 4811 2137 4866 at
2158 4803 2267 4885 poeni·

277 4883 365 4964 oipes
387 4883 491 4947 nostri
513 4881 605 4946 obliti
626 4897 705 4946 sunt
715 4885 860 4962 Domini,
882 4906 944 4950 nee
960 4884 1029 4949 ullu
1045 4907 1125 4951 vera
1144 4886 1245 4951 habe-
1298 4887 1410 4964 tentia,
1433 4886 1494 4950 hoo
1515 4898 1574 4964 est,
1596 4897 1634 4950 ut
1654 4887 1724 4968 ipse
1743 4887 1935 4969 exponebat,
1958 4887 2102 4969 eorporis
2123 4907 2269 4954 maesra·

276 4977 331 5032 tur
352 4968 476 5052 gloriae
497 4967 576 5044 Dei,
605 4987 785 5065 pauperum
812 4978 847 5035 et
871 4971 1045 5053 aequitatis
1066 4973 1159 5051 ratio,
1187 4971 1246 5037 sed
1297 4973 1384 5037 tione
1405 4979 1439 5036 et
1459 4972 1588 5036 ieiunio.
1633 4969 1726 5052 Quae
1745 4972 1902 5055 quoniam
1923 4971 2146 5055 blasphemiae
2168 4973 2268 5040 rehe-

277 5053 381 5117 ouivis
412 5055 490 5119 lieet
520 5050 650 5136 quidvis
682 5054 825 5136 impune.
885 5056 982 5122 Foris
1013 5057 1247 5140 relinquuntur
1298 5111 1501 5120 Q„-

277 5137 394 5200 rustiei
415 5140 484 5204 siue
501 5137 686 5238 pastoribus
704 5140 738 5202 in
756 5140 863 5239 modio
879 5141 1040 5240 luporum.
1067 5143 1140 5242 ‘Hie
1158 5141 1247 5208 domi
1315 5175 1377 5235 175,
1395 5176 1424 5238 1)
1442 5175 1530 5229 Hm
1551 5175 1629 5230 ,pm
1652 5177 1663 5228 ,·
1684 5191 1746 5229 m,
1841 5175 1931 5230 pm„
1958 5189 2017 5230 Μ
2037 5175 2215 5246 mem
2237 5177 2275 5231 a,

274 5221 417 5302 populus
436 5233 529 5289 satur
549 5231 600 5290 est
619 5224 684 5290 eh
705 5224 863 5304 eoelestis,
884 5248 951 5291 imo
967 5226 1094 5294 fastidit
1113 5237 1149 5294 et
1169 5249 1246 5294 oon-
1298 5259 1352 5313 que
1368 5244 1452 5313 ptum
1467 5245 1540 5298 aaut
1556 5246 1616 5314 ipa
1631 5191 1735 5303 tim
1752 5246 1792 5300 aa
1904 5245 1991 5299 m
2006 5247 2078 5300 αιιι·
2095 5247 2144 5306 tN.
2161 5248 2235 5302 tarr.

359 3547 514 3614 Piissimo
542 3569 579 3614 ao
612 3548 833 3615 eruditissimo
860 3549 932 3615 viro
959 3549 1077 3614 Ioanni
1107 3547 1247 3617 Calvino

273 3635 368 3700 fratri
391 3654 449 3700 suo
472 3635 507 3698 in
530 3633 663 3700 Christo
680 3635 758 3700 Iesu
780 3633 1006 3701 uolendissimo

938 3723 1158 3806 Argentorati.
