4820 6016
274 327 343 390 '267

280 513 396 598 primis
417 511 483 575 illis
506 510 624 584 literis,
653 507 749 590 idque
771 508 837 571 iam
859 507 1042 587 exspirasse
1063 503 1149 586 quod
1170 524 1247 570 con-

280 598 438 662 tinebant.
472 596 556 659 Nam
581 615 644 658 non
666 593 695 657 is
717 601 788 656 erat
810 613 925 656 sensus
946 598 986 654 ut
1007 611 1058 654 une
1080 589 1145 655 hnc
1168 589 1248 653 reci-

279 703 391 767 parem
413 683 542 746 futurus
564 679 784 753 concionator,
814 678 877 740 nisi
905 676 1010 758 quoad
1038 697 1140 758 usquo
1162 695 1249 740 com-

279 770 386 854 posita
404 775 513 832 essent
531 764 665 829 dissidia
686 775 720 826 et
741 763 815 827 odia
834 763 951 844 quibus
969 760 1047 825 urbs
1069 761 1250 824 tumultua-

281 855 392 930 batur,
420 862 453 916 et
482 850 573 915 vobis
601 859 710 914 essent
740 849 878 912 ministri
901 847 1109 912 renonciliati.
1155 847 1250 910 Nunc

280 961 359 1004 vero
381 945 553 1021 postquam
582 935 672 1000 nulla
701 956 774 1016 spes
797 947 847 998 est
869 943 905 996 ut
929 933 1092 997 vobiscum
1115 933 1251 994 redeant

282 1026 317 1089 in
340 1025 496 1107 gratiam,
524 1021 632 1085 iudico
659 1041 711 1083 ms
739 1021 805 1084 iam
827 1019 917 1083 nulla
938 1021 974 1082 in
995 1039 1031 1082 re
1053 1018 1119 1082 illis
1140 1018 1250 1099 urgeri

281 1110 393 1174 literis.
426 1107 522 1186 Quod
545 1108 572 1170 si
595 1106 677 1170 mibi
690 1106 854 1188 principes
875 1106 1082 1186 imperarent,
1106 1125 1169 1167 non
1194 1123 1250 1166 au-

282 1197 343 1261 sim
371 1193 502 1276 quidem
531 1193 711 1256 detrectare
739 1201 771 1255 et
799 1191 930 1254 illorum
959 1191 1047 1254 iussa
1074 1190 1250 1270 aspernari,

282 1282 412 1344 tametsi
439 1278 537 1360 probe
570 1277 651 1340 mihi
680 1277 826 1341 conscius
854 1277 915 1338 sim
949 1296 1038 1339 meae
1072 1275 1250 1351 tenuitatis,

281 1387 386 1448 neque
423 1362 552 1428 videam
585 1384 648 1445 qna
675 1363 800 1426 ratione
833 1362 886 1426 hio
918 1382 1033 1442 queam
1066 1362 1249 1425 subsistere.

282 1453 352 1516 Vos
374 1450 476 1534 igitur
498 1470 554 1513 oro
573 1459 610 1511 nt
627 1448 737 1512 omnia
757 1450 790 1510 in
813 1447 981 1510 moliorem
1002 1455 1130 1528 partem
1149 1447 1251 1509 inter·

282 1536 465 1620 pretemini‚
489 1545 522 1599 et
545 1535 726 1615 ubicunqne
749 1535 847 1609 fuero,
878 1533 947 1597 sive
970 1530 1057 1614 apud
1079 1553 1152 1608 vos,
1183 1533 1252 1595 sive

1053 313 1315 382 nplsronsn
1342 319 1507 378 llo-147

2209 319 2270 380 268

1386 537 1433 601 Et
1459 538 1512 620 pio
1539 545 1572 602 et
1594 537 1721 604 erudito
1751 535 1879 604 Simoni
1903 537 2059 624 Grynaeo
2082 537 2270 622 cumprimis

1302 620 1503 686 observando

2028 709 2189 776 Basileae.

1388 843 1422 908 S.
1456 845 1574 910 Gratis
1595 857 1629 908 et
1650 867 1716 928 pax
1739 868 1759 910 a
1777 847 1856 912 Deo.
1894 845 2059 912 Caluinum
2080 867 2182 928 quum
2201 867 2270 928 spe-

1304 951 1410 993 rarem
1432 931 1497 994 tuis
1520 932 1644 1012 nuptiis
1667 932 1793 1008 sudasse,
1822 933 2002 997 scribebam
2031 933 2072 996 ad
2095 953 2169 995 eum
2192 953 2269 1013 quae

1302 1017 1473 1098 cupiebam
1495 1017 1587 1081 vobis
1610 1028 1695 1080 nota.
1740 1018 1825 1082 Nam
1845 1019 1971 1082 invitus
1993 1018 2046 1083 hic
2068 1016 2270 1084 detinebars

1303 1101 1466 1176 fratribus,
1490 1104 1544 1183 qui
1566 1124 1646 1166 sane
1663 1104 1749 1167 iusta
1767 1105 1848 1167 moti
1865 1105 1990 1168 ratione
2008 1125 2074 1167 non
2092 1105 2179 1186 passi
2198 1115 2270 1167 sunt

1302 1207 1356 1250 me
1378 1187 1489 1251 abesse
1519 1209 1538 1251 a
1565 1198 1742 1264 conventu,
1771 1190 1921 1270 quamvis
1949 1191 2138 1271 priusquam
2164 1189 2271 1254 omnia

1303 1276 1536 1354 perficerentur
1570 1275 1771 1355 impetrarim
1807 1283 1845 1338 nt
1874 1273 2063 1340 Gtcraldum
2097 1275 2270 1339 invisorem

1303 1379 1369 1422 una
1397 1379 1471 1423 eum
1503 1358 1619 1423 Vireto:
1653 1357 1709 1424 sed
1737 1358 1814 1424 dum
1844 1381 1957 1426 sumus
1984 1361 2019 1425 in
2049 1361 2102 1426 via
2128 1381 2165 1424 eo
2193 1357 2268 1447 d[s'e]

1304 1465 1366 1526 quo
1389 1442 1512 1508 Orbem
1539 1445 1703 1510 intramus
1732 1457 1766 1510 et
1794 1447 1934 1510 moritur
1956 1454 1991 1510 et
2012 1447 2179 1529 sepelitur,
2208 1465 2270 1510 non

1305 1532 1375 1594 sine
1397 1531 1542 1594 omnium
1565 1551 1720 1608 moerore,
1743 1529 1903 1612 siquidem
1931 1551 2044 1597 omnes
2065 1533 2217 1614 propensi
2239 1533 2269 1595 in

1305 1616 1413 1696 ipsum
1435 1627 1536 1679 erant.
1570 1616 1696 1682 Vereor
1718 1637 1760 1680 ne
1777 1618 1869 1680 fratri
1891 1617 2065 1701 eontigerit
2084 1617 2172 1700 qnod
2188 1615 2268 1700 apud

1305 1701 1486 1782 pontificios
1510 1702 1632 1766 Romae
1659 1703 1712 1766 fit:
1727 1708 1750 1775 ι)
1778 1723 1897 1786 nempe
1916 1703 1972 1784 qui
1995 1723 2061 1768 non
2089 1703 2185 1768 aliter
2205 1704 2269 1768 loca

1306 1803 1468 1868 occupant
1485 1807 1522 1852 ao
1538 1789 1772 1852 concionantur
1788 1809 1886 1870 qnam
1902 1788 1952 1853 illi
1969 1787 2177 1875 escendune]
2196 1809 2268 1852 ven·

370 1879 547 1959 Postquam
581 1877 627 1940 sic
661 1876 877 1958 peroravisset
910 1872 1007 1938 rediit
1048 1873 1253 1948 laetissimus,
1306 1873 1366 1936 tris
1387 1873 1501 1954 gratia,
1523 1873 1667 1938 sublatos
1690 1874 1823 1938 student
1843 1895 1898 1940 eos
1920 1894 1940 1938 a
1961 1876 2077 1957 quibus
2098 1874 2266 1958 pelluntur,

285 1973 320 2030 et
341 1977 377 2028 ut
399 1961 571 2027 videbatur
598 1983 701 2044 pauca
730 1959 904 2025 admodum
933 1958 1121 2041 improbans
1142 1979 1254 2022 eorum
1306 1957 1358 2022 vel
1382 1979 1519 2039 quornm
1542 1958 1612 2024 loca
1639 1958 1794 2023 ambiunt.
1840 1960 1984 2026 Oucrrlae
2006 1983 2049 2025 an
2071 1959 2133 2026 hoc
2155 1960 2265 2024 tribus-

286 2071 369 2134 quae
379 2047 446 2112 illic
458 2049 638 2130 agebantur
655 2055 688 2110 et
699 2067 779 2127 quae
798 2046 888 2126 prius
898 2045 1150 2126 improbaverat,
1173 2043 1255 2107 nihil
1306 2045 1379 2119 rim,
1402 2044 1453 2107 vel
1476 2045 1585 2126 potius
1608 2045 1693 2126 qnod
1714 2067 1780 2110 non
1799 2055 1976 2128 coeperunt
1995 2050 2030 2110 in
2049 2043 2198 2111 Ctorcldo
2214 2044 2265 2108 ho·

284 2135 418 2200 obscure
441 2135 591 2215 probans,
615 2132 684 2214 spei
701 2132 805 2196 bonae
828 2131 1045 2213 plenissimus.
1079 2129 1182 2194 Vides
1200 2131 1256 2194 bo·
1307 2131 1433 2192 aninum
1457 2131 1543 2194 vitae
1564 2129 1720 2194 insidiari.
1764 2131 1862 2195 Alius
1882 2133 1962 2196 item
1986 2133 2086 2196 frater
2104 2129 2197 2196 nobis
2217 2149 2265 2212 po·

284 2243 345 2286 nos
367 2221 468 2294 viros,
499 2218 593 2282 modo
626 2215 797 2294 damnant,
827 2215 921 2280 modo
950 2217 1097 2300 probant.
1149 2215 1257 2279 Audio
1307 2215 1363 2279 riit
1390 2213 1487 2279 valde
1516 2216 1597 2297 pius.
1653 2213 1892 2298 Christophorus
1917 2226 2047 2282 tantum
2070 2237 2138 2281 non
2165 2217 2264 2299 periit:

284 2306 366 2370 alias
388 2325 501 2369 rursus
522 2303 634 2368 literas
657 2303 818 2385 praelecto
845 2303 961 2366 missas
986 2302 1104 2383 quibus
1125 2302 1258 2366 iubetur
1308 2302 1365 2364 vix
1395 2309 1470 2382 post
1496 2321 1629 2383 gravem
1657 2301 1908 2366 decertationem
1934 2323 2010 2368 cum
2036 2314 2141 2367 morte
2170 2311 2267 2385 potest

283 1623 360 1688 alibi
383 1622 567 1703 ubicunque
589 1619 751 1702 gentium,
781 1639 834 1682 me
857 1629 1003 1682 vestrum
1025 1627 1058 1682 et
1079 1617 1118 1680 ad
1143 1617 1253 1681 omnia

283 1709 319 1773 in
341 1708 479 1791 gratiam
501 1709 602 1770 vestri
624 1705 867 1787 paratissimum
892 1703 1086 1767 existimate.

283 2393 405 2456 iterum
417 2389 481 2454 Mo.
506 2388 680 2454 admonere
702 2399 740 2451 ut·
761 2410 798 2452 eo
821 2388 984 2465 concedat,
1007 2387 1091 2469 quod
1114 2388 1142 2450 si
1165 2386 1255 2461 nolit,
1308 2387 1476 2466 respirare.
1522 2385 1597 2466 Quo
1620 2387 1748 2451 sublato
1771 2397 1879 2453 actum
1901 2401 1987 2453 esset
2008 2387 2048 2452 de
2068 2389 2201 2453 ecelesia
2220 2386 2266 2451 etti
2381 2391 2382 2454 Ῐ

285 2497 353 2542 non
374 2475 543 2558 eogere²¹)
568 2521 1254 2540 .......................
1306 2481 1445 2554 praeest.
1490 2470 1603 2552 Quum
1631 2471 1695 2538 duo
1724 2472 1791 2538 illic
1818 2475 2046 2538 ministrarent
2071 2473 2200 2538 additus
2223 2479 2266 2537 ost

286 2560 434 2627 Tandem
466 2581 539 2624 cum
574 2580 676 2624 rixare
714 2571 747 2624 et
780 2559 948 2624 domicella
980 2557 1118 2640 quadam
1151 2558 1256 2621 multo
1307 2558 1424 2623 tertius
1446 2557 1651 2622 duotoreulus
1680 2561 1735 2640 qui
1764 2581 1869 2641 neque
1897 2570 2010 2624 natare
2037 2579 2143 2642 neque
2165 2559 2264 2623 literas

287 2647 434 2730 equitatu
458 2647 628 2710 Genevam
650 2645 740 2722 adiit,
763 2655 800 2708 ut
821 2647 940 2708 ferunt.
985 2643 1025 2707 In
1048 2643 1257 2709 concionibus
1308 2645 1401 2708 norit
1422 2645 1485 2708 nisi
1506 2663 1608 2708 vanas
1630 2652 1664 2708 et
1691 2643 1785 2708 nihili
1805 2665 1901 2710 voces
1928 2645 2043 2728 quibus
2065 2645 2155 2710 clara
2175 2644 2264 2708 obdu·

287 2733 398 2798 omnia
419 2753 501 2814 quac
523 2731 630 2795 conati
652 2752 764 2795 sumus
787 2732 921 2812 erigere,
945 2743 1092 2794 evertere
1114 2728 1254 2792 student.
1309 2731 1361 2794 cit.
1405 2728 1441 2793 Is
1461 2749 1520 2811 per
1541 2731 1665 2794 aiaania
1692 2749 1760 2794 non
1782 2729 1978 2796 eradieanda
2004 2730 2141 2796 docebat
2162 2730 2263 2805 ebrios,

286 2818 418 2883 Interea
451 2837 553 2880 unum
585 2817 645 2880 uni
675 2827 708 2880 et
733 2814 822 2880 aliud
851 2815 923 2880 aliis
950 2815 1070 2880 dicunt
1116 2813 1257 2878 Ioannes
1309 2823 1511 2890 scortatores,
1534 2815 1699 2880 adulteros
1717 2825 1750 2880 et
1770 2816 1805 2880 id
1823 2837 1934 2901 genus,
1958 2818 2188 2900 amagistratu
2208 2835 2264 2878 non

288 2902 395 2970 Oomes
417 2903 618 2967 amarissime
641 2921 699 2965 noe
717 2901 850 2966 taxabat
866 2899 950 2982 qnod
968 2909 1100 2983 accepta
1120 2901 1258 2981 pecunia
1308 2900 1500 2983 puniendos.
1545 2902 1591 2964 Et
1609 2901 1689 2966 haec
1711 2901 1787 2967 lieet
1807 2904 1939 2984 impune
1959 2903 2082 2980 dooere,
2106 2904 2181 2984 quia
2201 2900 2264 2965 doo-

286 2997 326 3055 ut
346 2989 558 3054 Lausannam
587 2995 771 3070 peteremus
800 2987 948 3051 ludentes
971 3037 977 3049 .
1002 3038 1008 3049 .
1033 3037 1039 3049 .
1065 3038 1071 3049 .
1096 2986 1159 3049 alio
1182 3007 1257 3051 con·
1310 3001 1360 3051 tor
1381 2994 1416 3050 et
1436 2987 1506 3051 sine
1528 3006 1688 3051 consensu
1707 3001 1741 3052 et
1761 2990 1911 3055 examine
1929 2989 2041 3054 classis
2063 3008 2142 3053 suae
2162 2997 2209 3052 est
2223 2987 2265 3050 in·

288 3074 454 3140 cessimus.
500 3071 553 3136 Ad
576 3071 818 3138 Columbariam
846 3093 949 3154 usque
977 3073 1071 3136 venit
1097 3083 1135 3136 ut
1162 3092 1285 3174 suum1
1310 3071 1486 3136 troductus.
1543 3073 1642 3138 Hunc
1677 3073 1865 3153 iuvenem²l
1892 3075 1978 3138 nosti
2012 3095 2088 3138 rere
2121 3075 2208 3156 pium
2234 3089 2265 3136 aa

288 3159 473 3225 effunderet
492 3158 590 3223 vinus.
641 3160 770 3222 Literas
793 3157 965 3223 Marandis?
993 3167 1025 3222 et
1052 3158 1259 3240 potissimum
1283 3187 1286 3225 l
1310 3167 1397 3224 recte
1419 3157 1585 3222 initiatum
1607 3158 1642 3222 in
1659 3158 1790 3241 linguis,
1814 3181 1872 3242 per
1889 3181 1987 3242 quem
2004 3160 2158 3225 inuentus
2179 3157 2266 3241 probs

288 3245 386 3310 huius
408 3243 499 3308 urbis
521 3245 677 3309 remittes.
712 3243 875 3326 Cuperem
898 3257 932 3308 et
952 3251 1153 3324 postremam
1174 3244 1258 3326 figu-
1310 3244 1541 3309 instituebatur
1552 3244 1716 3320 Generae,
1736 3253 1772 3308 ut
1789 3245 1894 3310 multa
1911 3247 2022 3310 liceret
2039 3265 2179 3328 sperare.
2208 3240 2266 3308 Sed

288 3351 359 3396 ram
381 3328 556 3394 hebraeam
577 3352 650 3395 cnm
669 3329 779 3395 libello
797 3351 895 3412 super
912 3349 950 3392 ea
969 3329 1063 3392 edito.
1098 3327 1134 3392 Si
1158 3329 1260 3392 bonus
1310 3329 1403 3395 furiis
1432 3330 1588 3413 exagitati
1618 3329 1773 3408 ministri,
1802 3329 1880 3395 dum
1908 3331 1944 3394 in
1972 3332 2052 3396 alios
2073 3332 2198 3396 saevire
2217 3347 2266 3411 pro

290 3423 377 3482 esset
396 3415 486 3480 faber
512 3415 633 3479 vellem
665 3423 703 3479 ut
729 3415 884 3478 malleum
913 3413 1052 3478 similem
1081 3415 1137 3478 isti
1164 3433 1260 3496 quem
1284 3413 1287 3494 l
1312 3423 1388 3480 voto
1411 3437 1475 3480 non
1504 3423 1657 3498 possunt,
1685 3417 1761 3481 totis
1790 3417 1900 3481 nervis
1927 3418 2034 3482 eonati
2062 3425 2143 3482 sunt
2169 3423 2267 3481 estur·

288 3503 465 3568 refeceram
487 3521 612 3566 emeres
630 3521 667 3565 ac
691 3502 852 3564 mitteres:
876 3519 954 3563 nam
976 3499 1029 3564 hic
1051 3499 1161 3564 omnia
1184 3515 1261 3563 sant
1285 3522 1287 3587 ζ
1313 3504 1404 3578 bare,
1433 3502 1713 3584 praecipitandum
1738 3502 1773 3565 in
1801 3503 1906 3568 lacum
1928 3505 2067 3581 aientes,
2096 3511 2131 3568 et
2155 3503 2267 3567 interos

290 3586 454 3671 erigenda,
478 3586 562 3650 nihil
586 3607 718 3669 prorsus
740 3597 873 3650 estnon
893 3583 1092 3667 dissipatum.
1127 3584 1260 3668 Collega
1285 3599 1287 3674 ᾖ
1313 3607 1423 3651 rasum
1436 3588 1582 3670 impium,
1602 3587 1789 3668 perdentem
1801 3609 1936 3671 prorsus
1946 3590 2160 3667 iuventutem,
2179 3607 2266 3671 quum

291 3693 361 3740 sese
384 3672 545 3737 adlormat
567 3693 625 3754 pro
647 3670 780 3748 viribus,
803 3669 968 3736 Dominus
991 3671 1131 3753 gratiam
1154 3671 1259 3734 addat.
1285 3679 1288 3758 g
1313 3675 1356 3738 sit
1377 3675 1509 3738 omniuo
1531 3674 1602 3738 sino
1623 3673 1743 3752 literis,
1772 3676 1966 3756 approbant,
1996 3689 2033 3738 ut
2060 3674 2266 3758 gymnasium,

1285 3759 1368 3855 pubi
1397 3769 1477 3824 sunt
1505 3759 1707 3824 solertissimi
1741 3761 1923 3825 iuventutis
1955 3762 2167 3838 formatores,
2199 3779 2266 3843 qnos

1285 3860 1288 3962 p
1312 3845 1440 3910 nescias
1452 3845 1555 3928 magis
1573 3845 1809 3910 commendssa
1826 3847 1945 3928 pietate
1964 3847 2015 3912 vel
2034 3846 2189 3925 doctrina,
2206 3867 2266 3929 por·

1314 3931 1394 3995 dant
1413 3951 1451 3996 ae
1469 3930 1636 4012 dissipent.
1674 3928 1741 3995 Sed
1764 3930 1840 3995 audi
1862 3953 1975 3996 verum
1996 3941 2113 3998 testem
2137 3935 2266 3997 omniun

1313 4018 1368 4097 qui
1390 4017 1505 4080 necin
1533 4037 1630 4081 carisa
1659 4017 1790 4098 propria
1818 4019 1903 4082 ausit
1928 4018 2016 4083 alind
2046 4037 2265 4101 quamverum

1314 4103 1449 4182 loqui.⁸)
1492 4103 1689 4166 Lausannac
1710 4121 1762 4166 res
1784 4103 1902 4168 melius
1920 4103 2049 4182 habent,
2073 4106 2217 4188 quamvis
2233 4101 2265 4167 ob

1314 4187 1506 4252 oll'ondicula
1527 4188 1610 4252 nihil
1632 4187 1740 4252 miuus
1762 4198 1956 4270 speraretur.
1991 4191 2065 4255 Illic
2086 4197 2120 4256 et
2141 4187 2266 4254 ministri

1314 4273 1413 4357 probe
1433 4273 1644 4350 conveniunt,
1675 4293 1712 4338 ae
1734 4275 1789 4356 qui
1818 4274 1933 4339 docent
1954 4275 2067 4340 literas
2088 4287 2123 4341 et
2144 4275 2265 4359 linguas,

384 4419 443 4486 σω
502 4424 507 4434 ,
693 4425 699 4437 ,
799 4425 804 4436 ,
912 4424 917 4434 ,
1146 4427 1152 4451 1
1314 4381 1379 4423 ιιοιι
1403 4378 1496 4423 secus
1518 4380 1615 4442 quam
1638 4359 1715 4422 olim
1737 4361 1829 4425 nobis
1848 4361 2002 4426 (leaenae
2024 4364 2170 4446 contigit
2210 4360 2265 4424 Nos

442 4421 508 4486 ald*
533 4444 630 4503 'mr
658 4425 805 4488 mmm
833 4423 933 4489 malli
955 4424 1091 4500 '‘⁸⁰er
1125 4427 1264 4488 (femme
1316 4445 1368 4510 bie
1391 4447 1557 4528 pergimus
1580 4445 1658 4510 satis
1680 4447 1860 4521 unanimes,
1884 4447 1960 4511 licet
1978 4448 2114 4512 turbent
2134 4441 2264 4512 nonnulli

295 4507 335 4573 αθ
347 4506 517 4589 Gtmml‘)
534 4507 776 4589 luclapssrllums
799 4509 891 4574 ellam
904 4510 1048 4574 N0⁰⁰0m⁸7
1060 4509 1174 4589 luiba&
1196 4510 1263 4574 ubl·
1315 4531 1496 4596 ministerio
1514 4531 1633 4612 privati
1651 4532 1749 4594 etiam
1767 4535 1978 4616 magistratus
1997 4533 2178 4612 autoritate,
2199 4547 2264 4626 quos

296 4592 657 4757 ffmzmfflpffffllffl
677 4595 806 4660 mim
827 4596 944 4660 (ΝΜΟ
960 4597 1066 4676 ll⁰ll²⁴⁶
1084 4617 1178 4676 dmm
1195 4617 1262 4676 ⁸1³⁶·
1316 4629 1445 4680 armant
1472 4618 1506 4680 in
1536 4637 1596 4681 nos
1626 4617 1721 4682 amici
1747 4627 1779 4681 et
1807 4618 1932 4682 interea
1955 4627 2136 4701 quaeruntur
2157 4640 2190 4683 se
2209 4623 2263 4698 pat

746 4113 814 4184 tlt.

525 4251 772 4318 FARELLUS
796 4251 1032 4318 GRYNAEO.

1314 4823 1408 4943 lapppi·
1422 4821 1585 4953 llspiilppid
1603 4822 1733 4887 memus,
1754 4825 1913 4889 mmmmm
1932 4825 2079 4878 (braidam
2098 4839 2197 4877 cerum
2212 4819 2261 4872 sut

1314 4959 1447 5092 &Mill
1470 4959 1574 5025 Nmpe
1596 4975 1657 5012 eran
1674 4962 1722 5029 qui
1745 4962 1817 5015 bosuc
1839 4964 1980 5030 apiculam
2004 4963 2042 5015 ad
2060 4964 2210 5032 &mm
2225 4957 2260 5009 de

299 4849 353 4915 (Ex
371 4845 538 4918 autographo
561 4847 625 4899 bibl.
648 4857 787 4916 pasterum
806 4851 1037 4917 Neocomensium,
1062 4853 1158 4908 Farell.
1176 4853 1263 4906 loscio.

299 4918 324 4972 Ι.
342 4918 375 4972 Ν.
393 4916 435 4972 30.
461 4917 560 4970 Exstat
578 4921 966 5056 qnprpnreioapjnspppprpmggpl.
985 4919 1020 4973 45
1038 4928 1066 4973 et
1084 4922 1110 4974 in
1130 4923 1194 4975 bibl.
1214 4923 1263 4974 civ.

301 5089 339 5098 -
1289 5064 1291 5131 l

301 5153 626 5274 mamaeam
643 5155 774 5206 mma
797 5157 827 5207 a
847 5157 947 5223 wan
965 5158 1140 5214 aenaea
1158 5161 1263 5224 naua
1289 5136 1292 5218 l
1317 5165 1396 5216 muts

1418 5096 1447 5162 3>
1467 5095 1509 5148 De
1526 5098 1615 5150 tumbis
1632 5099 1706 5151 eam
1719 5100 1900 5168 θγιιηωίιιιιι
1919 5101 2075 5155 Gsaeeeaae
2091 5108 2148 5155 m
2163 5107 2261 5164 W

1414 5179 1484 5231 moue
1500 5165 1545 5218 ln'c
1567 5167 1710 5220 cusanus
1731 5173 1888 5223 tractantur
1912 5187 1936 5222 u.
1955 5169 2058 5223 Be‘tuat
2078 5173 2165 5224 miae
2189 5161 2260 5220 sarit

1318 5233 1419 5298 (lollepe
1437 5233 1470 5284 de
1488 5232 1558 5288 Rioc
1575 5255 1601 5303 p.
1623 5237 1662 5288 ll.
1699 5235 1894 5306 Kmspsatulte
1910 5253 1939 5304 p.
1958 5239 2017 5291 348.
