4782 6010
1058 376 1425 448 PROLEGOhfllNA.
2115 381 2241 450 XXIII

234 565 374 634 Oalviui
395 573 429 633 51
449 566 587 634 aliorum
610 566 652 634 ad
668 566 801 648 Beuam,
825 567 1000 652 variosque
1015 569 1162 654 insignes
1184 567 1273 634 illius
1294 565 1416 634 saeeuli
1437 567 1534 634 viros.
1578 568 1748 651 liquibus
1769 568 1901 636 51151151·
1917 577 2050 638 eentum
2071 571 2107 637 iu
2129 579 2242 638 nostra

236 699 371 763 quoque
392 677 583 746 eolleetioue
604 680 763 764 reperies,
791 699 881 746 nuno
902 701 998 762 voro,
1026 691 1065 747 ut
1085 701 1146 764 par
1173 689 1257 760 eret,
1287 679 1394 746 denno
1420 679 1462 746 ad
1491 679 1682 746 anthentiea
1708 680 1908 764 exemplaria
1930 681 2101 761 Genevae,
2129 683 2241 750 'Puriei

237 795 273 856 at
295 789 450 856 Nsoeomi
472 789 591 856 oollata
610 797 643 856 51
663 792 839 876 reooguita.

394 899 583 967 Ambrosias
603 901 772 968 Bioarer's
793 903 848 969 dea
868 903 1093 970 sebwtibiseben
1116 902 1333 986 1155515155
1355 901 1457 968 tetes
1476 903 1543 968 aad
1566 901 1730 986 Schriften.
1772 903 1838 969 Voa
1860 904 1921 971 Dr.
1947 905 2091 972 tinctor
2107 904 2240 988 Ptessel,

236 1011 492 1078 Arciidioeoaae
519 1013 555 1076 ia
585 1013 756 1098 teutpert.
809 1011 971 1099 stuttgart,
1000 1013 1032 1080 S.
1059 1015 1099 1080 (ι’.
1122 1013 1300 1098 1515555155.
1346 1017 1437 1080 1861.
1481 1013 1578 1080 VIlL
1609 1017 1667 1082 611
1700 1037 1725 1081 5.
1754 1021 1784 1079 8.
1832 1015 1926 1081 Inter
1953 1015 2019 1082 alia
2046 1016 2241 1084 doeumenta

236 1121 398 1209 leguntur
424 1124 459 1188 in
485 1123 574 1190 55155
601 1124 701 1191 55155
722 1123 798 1210 libri
819 1133 945 1210 septem
965 1125 1121 1209 epistolae
1144 1125 1275 1192 (lelvini
1297 1125 1338 1190 ad
1360 1125 1559 1192 Blaurerum
1586 1147 1606 1192 a
1626 1126 1712 1192 Iulio
1733 1127 1868 1192 Bonuet
1896 1149 1937 1193 ex
1965 1127 2129 1195 eodioibus
2154 1129 2240 1196 Sau-

237 1235 441 1321 galleusibus
463 1235 653 1320 descriptae,
676 1257 814 1320 quarum
837 1246 946 1304 tamen
968 1258 1036 1304 nna
1056 1240 1122 1304 iam
1145 1237 1223 1303 olim
1242 1237 1361 1303 aBera
1377 1236 1465 1302 edita
1481 1237 1596 1314 fuerat,
1618 1237 1706 1321 quod
1724 1238 1812 1304 viros
1830 1238 1941 1306 doetos
1958 1239 2082 1326 fugisse
2099 1237 2239 1307 videtur.

395 1345 490 1414 Orate
515 1368 574 1413 oon
599 1345 782 1430 Orafftlreim
808 1349 876 1416 aad
902 1349 989 1415 aeine
1016 1348 1172 1415 Freaude.
1216 1347 1285 1414 Eia
1306 1347 1441 1432 Beitrnp
1465 1369 1526 1414 rar
1547 1347 1860 1434 Kireienpeecbielite.
1913 1349 2006 1417 Nutb
2031 1349 2239 1436 5555555515-

236 1457 338 1526 licien
361 1459 487 1541 Quoties
513 1479 571 1525 oon
594 1459 654 1525 Dr.
678 1459 708 1524 Ι.
733 1458 772 1525 F.
795 1462 837 1527 A.
862 1459 971 1540 Gillet,
1002 1459 1155 1545 Prediper
1180 1461 1217 1526 ia
1242 1461 1300 1526 der
1321 1459 1495 1542 Hofbircbe
1521 1481 1563 1525 ea
1585 1459 1732 1527 Bresloa.
1781 1459 1897 1528 Ersier
1921 1461 2019 1528 rtet.
2063 1461 2240 1545 Dloidoftoi

235 1591 267 1636 a
292 1568 338 1636 M.
360 1568 409 1636 bei
430 1569 473 1635 H.
497 1571 536 1634 L.
558 1569 721 1637 Broeaaer
745 1575 845 1638 1860.
891 1570 991 1638 XIV.
1014 1577 1083 1638 502
1103 1592 1145 1638 55.
1191 1571 1323 1637 Zioeiter
1347 1570 1447 1638 Tbeii.
1498 1571 1600 1637 VIII.
1632 1577 1701 1637 555
1728 1593 1769 1638 ss.
1799 1577 1830 1637 8.
1873 1573 2019 1638 Exstant
2047 1573 2089 1640 ad
2117 1574 2239 1642 ealeem

234 1681 418 1750 voluminis
439 1680 575 1748 seouudi
595 1683 763 1768 oetoginta
784 1681 849 1749 duo
871 1681 1066 1750 documenta
1087 1685 1175 1749 iuter
1195 1704 1278 1768 quae
1299 1683 1517 1768 pauoissimae
1539 1691 1618 1750 sunt
1640 1685 1805 1750 variorum
1827 1683 1869 1750 ad
1886 1683 2063 1752 Calvinum
2084 1684 2240 1770 epistolae

234 1815 256 1859 a
279 1791 372 1860 uobis
400 1813 528 1878 quoque
554 1793 768 1878 reeipiendus.
814 1793 966 1879 Suntque
993 1795 1047 1862 hie
1073 1795 1219 1879 primum
1249 1794 1339 1880 typis
1367 1796 1550 1879 exscriptae
1572 1817 1613 1861 ex
1639 1795 1803 1862 oodioibus
1824 1794 2004 1863 ditissimae
2027 1796 2240 1864 bibliotheeaa

233 1903 503 1990 Rhedigeriauae
525 1905 804 1974 Vratislavienais.

392 2127 458 2195 Hie
480 2149 540 2212 pro
559 2137 707 2213 tempore
730 2126 869 2214 gradum
891 2127 1039 2196 sistimus
1060 2129 1142 2197 alios
1163 2131 1275 2197 titulos
1295 2130 1418 2214 passim
1440 2131 1477 2195 15
1498 2131 1604 2197 fronte
1625 2130 1724 2196 unias
1751 2129 1806 2196 vel
1834 2129 1969 2196 alterius
1990 2131 2146 2215 epistolae
2167 2130 2239 2197 lau·

233 2237 364 2319 daturi,
394 2238 451 2306 nbi
477 2240 628 2326 singulae
655 2239 697 2306 ab
726 2240 835 2325 aliquo
863 2241 934 2307 viro
964 2239 1058 2308 doato
1087 2231 1255 2309 oooasioue
1283 2243 1393 2308 oblata
1421 2241 1528 2308 editae
1553 2249 1612 2309 aut
1638 2249 1812 2326 exeorptae
1839 2242 1972 2307 1551151
2016 2243 2174 2309 Attamen
2195 2239 2238 2309 ad

232 2369 338 2416 unam
367 2371 480 2417 omnes
509 2351 571 2418 hoe
598 2351 694 2418 modo
721 2352 789 2417 iam
817 2352 894 2418 elim
921 2353 1075 2438 vulgatas
1101 2352 1195 2419 uobis
1223 2355 1406 2421 innotuisse
1432 2354 1569 2420 minime
1598 2353 1848 2434 affirmarimus,
1885 2361 1920 2420 et
1945 2355 1973 2419 si
2000 2360 2053 2433 tu,
2083 2354 2239 2422 benevole

231 2463 367 2542 Leetor,
385 2464 470 2528 sorte
491 2463 609 2529 alieubi
631 2465 666 2528 15
690 2464 832 2548 aliquam
853 2463 1009 2531 indideris
1030 2486 1126 2548 quam
1149 2486 1211 2531 nos
1232 2463 1292 2530 tibi
1312 2465 1404 2548 quasi
1426 2486 1517 2532 nune
1539 2465 1682 2549 primum
1704 2463 1827 2530 editam
1849 2463 2051 2544 exhibemus,
2074 2485 2153 2532 5555
2175 2465 2238 2531 1155

231 2574 366 2642 veniale
387 2583 556 2658 peecatum
573 2575 770 2642 aestimabis.

1152 2854 1188 2937 5.
1210 2849 1311 2918 xm

798 2985 994 3042 uolutatus
1011 2985 1160 3044 ortam
1178 2987 1342 3044 ALIORUM
1359 2985 1672 3046 ausoartttottutt.

388 3119 582 3204 Sequuntur
602 3121 762 3190 editiones
783 3145 919 3208 operum
942 3130 976 3190 et
997 3124 1240 3210 opuseulorum,
1263 3125 1315 3192 vel
1338 3123 1416 3192 olim
1433 3127 1500 3191 iam
1517 3126 1621 3193 155155
1638 3126 1692 3194 vel
1712 3125 1834 3192 nostris
1844 3124 2047 3210 temporibus
2056 3126 2235 3208 institutae,

227 3234 381 3299 virorum
404 3242 535 3317 praeter
556 3233 733 3302 Oelvinum
754 3236 790 3302 15
812 3237 942 3322 negotio
970 3237 1176 3304 restaurandi
1204 3236 1370 3322 evangelii
1397 3238 1540 3304 maxime
1561 3238 1751 3323 insignium,
1773 3237 1831 3321 551
1853 3235 2046 3304 oommeroio
2067 3237 2236 3323 epistolieo

228 3363 307 3412 aum
329 3345 450 3412 Nostro
471 3346 575 3412 iuneti
596 3347 727 3430 saepius
755 3348 792 3414 15
819 3348 923 3432 ipsius
950 3349 1055 3416 literis
1083 3357 1117 3416 et
1137 3349 1323 3416 salutantur
1343 3355 1379 3414 ot
1399 3349 1617 3432 appellantur,
1646 3369 1851 3434 quorumque
1872 3347 1951 3414 olim
1970 3347 2153 3429 exstabant,
2176 3357 2234 3415 aut

229 3475 321 3524 5555
342 3456 442 3522 etiem
464 3465 596 3524 exstent
617 3457 756 3526 schedae
777 3483 798 3526 a
814 3461 909 3528 nobis
929 3461 1065 3528 minime
1087 3460 1312 3546 negligendas.
1355 3459 1506 3543 Quorum
1527 3462 1647 3528 seriem
1667 3463 1804 3528 fortasse
1825 3480 1892 3526 non
1914 3460 2066 3526 omuibus
2087 3460 2234 3527 numeria

229 3568 414 3636 absolutam
436 3569 502 3634 iam
525 3570 583 3636 tibi
602 3572 821 3654 proponimus.

387 3679 464 3746 Looi
484 3700 657 3748 eommnaea
682 3681 727 3750 D.
752 3681 842 3750 Petri
863 3681 1022 3767 Martyris
1051 3681 1197 3750 Vermtlii
1218 3683 1399 3750 Florentiai
1425 3704 1467 3752 aa.
1489 3683 1655 3750 literomm
1681 3685 1716 3750 ia
1742 3683 1848 3749 555515
1872 3683 2031 3768 Tipariao
2041 3684 2234 3767 prosatoris

229 3810 271 3856 ao:
292 3791 394 3858 uariis
417 3793 522 3873 155155
543 3793 686 3860 authoris
708 3795 835 3878 seriptis
857 3796 893 3862 in
913 3817 1014 3860 unum
1035 3794 1151 3875 librom
1174 3795 1288 3862 tolietti
1310 3841 1443 3862 .....
1467 3795 1669 3862 Aeeessemnt
1689 3795 1762 3860 huie
1781 3795 1931 3860 seditioni
1952 3845 1959 3860 .
1983 3845 1990 3860 .
2014 3841 2022 3858 .
2046 3846 2054 3861 .
2077 3795 2234 3862 5551151155

229 3903 299 3968 aive
318 3905 477 3970 5511515555
505 3926 560 3971 nee
587 3908 865 3989 praenotationes
893 3907 1011 3992 aliquot
1036 3911 1064 3972 d
1089 3927 1254 3988 responsa:
1282 3905 1431 3988 epistoiue
1458 3906 1532 3972 11551
1553 3907 1677 3989 partim
1702 3905 1884 3990 tlteoiopieoe
1899 3907 2024 3988 partim
2042 3905 2232 3990 familiares.

233 4013 350 4098 Tipuri
378 4036 441 4082 exe.
475 4015 712 4101 Christopborae
740 4017 971 4085 Froecdweme
991 4021 1096 4084 Anno.
1126 4018 1173 4084 M.
1201 4017 1245 4083 D.
1275 4017 1429 4083 LXXX.
1458 4019 1499 4082 36
1526 4022 1561 4084 51
1589 4020 1650 4084 589
1679 4017 1758 4084 folia
1784 4019 1878 4083 form.
1907 4038 1994 4082 max.
2039 4016 2092 4082 Ad
2121 4023 2233 4085 nostra

229 4127 399 4210 5555115551
419 4127 575 4212 epistolae
597 4129 675 4196 illae
695 4130 875 4196 familiares
897 4152 977 4214 5555
1000 4129 1116 4196 titulus
1138 4130 1301 4213 promittit
1321 4131 1389 4196 fere
1411 4149 1539 4210 omues,
1561 4130 1675 4212 paneis
1697 4130 1858 4212 exeeptis:
1882 4127 2006 4194 55111551
2026 4127 2168 4196 55555115
2190 4128 2232 4196 55

229 4235 409 4304 Calvinum
432 4238 542 4318 datae,
572 4251 712 4324 quatuor
738 4241 778 4306 ad
801 4243 939 4320 Bezam,
967 4242 1110 4326 quinque
1138 4241 1180 4307 ad
1204 4240 1448 4326 Bulliugerum,
1476 4261 1543 4307 una
1571 4240 1612 4306 ad
1634 4241 1846 4308 Lavaterum.
1891 4238 2041 4321 Quarum
2071 4239 2232 4324 plurimas

230 4347 311 4416 alibi
332 4371 399 4416 non
421 4358 569 4432 exstant;
587 4361 729 4436 quatuor
750 4361 880 4419 tautum
903 4375 923 4420 a
944 4354 1031 4420 Bene
1053 4352 1160 4420 551155
1181 4362 1267 4419 5551
1311 4351 1423 4418 Editio
1446 4353 1536 4437 prior
1557 4351 1705 4418 eiusdem
1726 4352 1834 4434 operis
1856 4349 2004 4417 Londini
2029 4354 2109 4415 1576
2139 4352 2230 4418 evul-

228 4469 311 4545 gata
331 4481 438 4546 noque
459 4463 520 4529 has
542 4465 695 4548 epistolas
715 4486 820 4548 neque
841 4475 969 4532 eastern
989 4465 1213 4532 additamenta
1233 4466 1388 4530 eontinet

389 4573 527 4656 Operum
558 4575 791 4660 tbeoiopieorum
822 4577 867 4644 D.
900 4575 1088 4661 Hieronymi
1125 4575 1258 4643 Zaneliii
1286 4576 1404 4642 Tomas
1439 4579 1573 4640 5515555.
1634 4573 1776 4641 Geaevoe
1810 4575 1898 4657 opud
1929 4573 2015 4641 Sam.
2047 4573 2231 4660 Crispinum

229 4675 440 4752 MDOXIX.
460 4687 514 4752 sol.
558 4687 652 4752 Inter
681 4687 746 4752 ah'a
773 4695 905 4754 exstant
932 4689 969 4754 15
991 4689 1053 4754 555
1074 4687 1242 4754 volumine
1269 4685 1483 4770 epistolarum
1504 4685 1642 4752 Zanohii
1669 4693 1704 4752 51
1731 4686 1944 4752 familiarium
1966 4688 2036 4753 eius
2059 4686 2134 4752 libri
2156 4685 2229 4768 duo,

226 4797 265 4862 in
287 4795 405 4881 551555
427 4817 468 4864 ax
491 4799 692 4882 amplissima
711 4800 884 4885 lanugine,
905 4808 1037 4884 praeter
1058 4799 1171 4866 deoem
1193 4799 1275 4865 51155
1284 4797 1421 4864 Zauohii
1444 4797 1485 4863 ad
1507 4798 1618 4864 varios
1641 4797 1734 4864 datas
1754 4797 1932 4864 5105111151
1949 4819 2002 4864 res
2019 4797 2230 4882 attingentes,

226 4917 369 4994 quatuor
397 4910 501 4995 ipsius
524 4910 657 4977 (lalvini
686 4909 728 4976 ad
754 4911 937 4978 Zenobium
966 4921 1000 4978 et
1020 4910 1239 4991 Holbreeum,
1267 4911 1411 4995 quinque
1433 4909 1572 4976 Zanehii
1600 4909 1642 4974 ad
1671 4908 1847 4976 Calvinum
1876 4909 2051 4976 habentur.
2094 4909 2149 4974 Ex
2177 4908 2231 4977 his

225 5022 380 5090 omnibus
408 5022 491 5088 duae
519 5029 650 5090 tantum
685 5033 765 5089 sunt
791 5045 872 5106 quas
900 5023 1058 5091 Genavae
1084 5044 1185 5090 manu
1213 5023 1352 5106 seriptas
1379 5021 1578 5104 reperimus,
1612 5029 1761 5088 ooeterae
1787 5042 1900 5088 omnes
1927 5041 1969 5086 ex
1996 5019 2058 5086 bae
2087 5020 2231 5088 editione

225 5133 424 5218 repetendae
447 5141 554 5200 eruut.
588 5134 682 5202 Haeo
704 5135 915 5218 epistolarum
937 5135 1082 5202 eolloetio
1103 5133 1264 5219 singulari
1283 5141 1317 5200 et
1336 5133 1470 5217 propria
1490 5133 1686 5219 paginarum
1703 5133 1930 5202 numeratione
1947 5153 1967 5198 a
1984 5129 2120 5216 reliquis
2136 5133 2229 5202 volu·

223 5245 309 5311 mini
330 5243 381 5311 illi
402 5245 536 5310 insertis
556 5245 722 5329 opuseulis
744 5246 967 5332 distinguntur.
