4734 6020
279 316 355 388 XX
1101 309 1375 384 urlsuousn.

278 504 437 585 dandum,
460 505 560 572 etiam
581 504 623 570 ab
644 509 783 571 externa
807 504 914 570 forma
940 511 974 570 et
1003 503 1120 588 speeie.
1170 501 1411 568 denotationes
1431 500 1577 568 Bonusti
1604 507 1682 568 sunt
1710 501 1852 568 rariores
1881 521 1980 586 qnam
2008 499 2045 566 in
2072 498 2192 584 gallius
2216 498 2279 562 einr

279 616 488 696 oolleotione,
517 621 551 681 et
576 615 713 682 minoris
742 615 894 682 ambitus.
937 615 1122 698 Unieuique
1156 613 1312 697 epistolae
1340 601 1564 697 praemittitiu
1591 611 1823 680 brevissimum
1849 611 2014 696 quoddam
2041 617 2279 696 argumentum

281 725 403 796 Versio
426 727 570 814 anglica,
596 725 681 811 quod
703 733 814 792 tamen
834 747 894 810 pro
915 725 1023 793 indole
1045 725 1219 808 utriusque
1240 723 1373 809 linguae
1394 724 1529 790 minime
1550 724 1732 804 miraberis,
1754 723 1938 808 paullulum
1958 723 2117 810 prolixior
2138 729 2174 786 et
2194 721 2281 804 quasi

282 839 438 907 diffluens
459 838 611 918 dieeuda,
641 857 748 922 nequo
769 837 945 904 (lalvinum
976 857 1073 904 suum
1095 836 1196 920 sapit,
1227 835 1261 900 in
1283 835 1395 902 latinis
1416 841 1522 916 eerte,
1551 836 1604 902 sin
1625 835 1735 902 minus
1756 856 1858 918 quum
1880 834 1997 920 galbae
2018 834 2140 913 seribit,
2174 853 2280 916 prema

281 950 424 1034 quadam
445 957 480 1017 et
508 950 665 1016 adshieta
692 949 915 1018 oonoinnitate
942 948 1116 1032 insignem.
1161 945 1251 1014 Sunt
1279 953 1392 1014 tamen
1422 946 1487 1012 alia
1514 946 1625 1012 minus
1653 946 1840 1012 exensanda
1868 967 1952 1031 quae
1980 946 2043 1012 hoo
2064 946 2134 1012 loeo
2156 945 2280 1010 alentio

281 1063 462 1146 praeterire
491 1083 558 1128 non
587 1081 770 1145 possumus.
813 1061 860 1126 Iu
889 1059 1021 1143 quidem
1049 1059 1120 1143 ipse
1149 1065 1244 1124 autor
1269 1059 1377 1141 operis
1404 1058 1581 1141 primarius
1610 1079 1677 1124 non
1707 1059 1826 1142 ubique
1854 1065 1982 1124 textum
2013 1079 2111 1124 sunm
2133 1077 2176 1122 ex
2196 1065 2282 1122 auto·

281 1174 417 1258 graphia
438 1173 656 1257 depromsisse
678 1171 817 1250 videtur,
840 1170 898 1238 sed
919 1191 1157 1253 nonnunquam
1178 1171 1215 1236 in
1235 1171 1471 1236 reoentioribns
1493 1167 1736 1252 exemplaribus
1756 1169 1950 1248 substitisse,
1977 1169 2031 1236 vel
2052 1169 2213 1235 Genavae
2233 1165 2282 1232 vel

281 1284 360 1351 alibi
382 1285 577 1364 asservatis,
604 1304 744 1368 quorum
773 1283 871 1350 falsas
892 1282 1049 1349 leotiouss
1079 1281 1317 1348 stranelators
1346 1289 1494 1366 reoeptas
1515 1279 1805 1365 deprehendimus,
1837 1283 1921 1348 eitra
1942 1280 2077 1346 dubium
2099 1301 2119 1344 e
2140 1280 2280 1344 Bonneti

281 1395 412 1462 subedis
434 1395 607 1462 derivatas.
644 1393 734 1478 Quid
755 1392 842 1478 quod
859 1393 1034 1460 ineidimus
1055 1393 1091 1458 in
1112 1391 1270 1476 quasdam
1292 1393 1446 1476 epistolas
1468 1392 1546 1458 olim
1568 1414 1588 1458 a
1609 1393 1700 1460 Bene
1719 1392 1832 1472 editas,
1855 1413 1938 1476 quae
1954 1391 2010 1458 hie
2031 1391 2224 1474 simpliciter
2244 1413 2282 1455 ex

279 1507 441 1592 impresso
462 1527 579 1573 versae
600 1505 775 1591 leguntur,
805 1505 965 1590 neglectis
994 1504 1130 1570 omniuo
1159 1503 1442 1571 emendationibus
1464 1513 1498 1570 et
1518 1503 1766 1590 supplementis,
1795 1525 1879 1588 quae
1901 1503 1994 1570 faoilo
2016 1525 2058 1568 ex
2080 1503 2281 1588 autographo

280 1625 376 1686 textu
398 1617 557 1702 hodieque
586 1617 762 1702 superstite
790 1617 937 1682 mutuari
965 1623 999 1682 et
1028 1637 1088 1683 sua
1113 1617 1221 1683 faeere
1249 1616 1409 1700 potuisset
1438 1617 1490 1682 vir
1512 1615 1726 1682 dootissimus.
1777 1615 1941 1699 Exempla
1970 1615 2093 1700 passim
2115 1617 2186 1682 suis
2206 1616 2280 1683 loeis

280 1737 395 1798 notata
415 1731 566 1814 reperies.
608 1729 736 1795 Verum
765 1727 856 1794 aliud
884 1735 934 1794 eet
962 1726 1066 1793 multo
1096 1729 1201 1812 magis
1226 1727 1411 1792 mirandum
1433 1735 1467 1792 et
1488 1727 1679 1804 dolendum,
1708 1727 1794 1810 quod
1816 1733 1928 1793 tamen
1951 1748 2016 1792 non
2038 1735 2110 1792 tam
2131 1727 2279 1793 Βουιιοιο

280 1843 343 1926 ipsi
366 1863 466 1925 quam
487 1841 677 1908 translatori
698 1841 779 1906 vitio
801 1847 977 1906 vertemus.
1022 1837 1128 1905 (iuius
1149 1839 1283 1922 quidem
1305 1837 1518 1924 diligentiam,
1542 1839 1640 1904 etiam
1658 1838 1742 1904 alius
1764 1838 1829 1903 viri
1851 1839 1979 1916 eruditi,
2009 1839 2197 1905 versionem
2218 1843 2281 1905 fao·

280 1961 350 2020 tam
372 1953 650 2040 reoognosoentis,
681 1951 821 2018 sollieita
841 1971 921 2016 eura
941 1949 1184 2034 eomprobatam
1206 1949 1321 2016 multis
1348 1949 1501 2016 laudibus
1529 1949 1586 2016 ille
1608 1949 1705 2015 effert
1735 1949 1868 2033 (revised
1888 1951 1928 2033 ty
1947 1949 1996 2015 aa
2017 1950 2093 2016 Rev.
2115 1949 2180 2015 Dr.
2203 1950 2281 2018 use

279 2065 438 2150 pinytum,
469 2063 542 2129 tuith
564 2062 932 2148 superfluarum
953 2082 1024 2128 aare
1053 2063 1118 2128 aad
1147 2061 1339 2147 nequeat
1367 2062 1530 2128 sullaturit
1560 2062 1626 2129 thul
1647 2067 1759 2128 munet
1787 2060 1822 2126 be
1850 2067 1897 2126 loo
1925 2061 2031 2146 tiqtly
2060 2065 2279 2146 apprerioted).

278 2175 352 2242 Iam
374 2197 453 2244 vero
475 2182 527 2240 sat
548 2174 661 2242 multis
682 2175 718 2239 in
739 2173 820 2241 loeis
841 2174 947 2240 latina
967 2174 1079 2240 minus
1101 2174 1183 2239 bene
1204 2165 1381 2250 intellecta,
1404 2182 1438 2238 et
1465 2195 1531 2240 uon
1552 2181 1641 2240 reete
1663 2171 1791 2239 reddita
1819 2171 1955 2238 videbis.
1999 2173 2087 2240 Nam
2109 2182 2143 2240 et
2165 2173 2280 2240 horum

279 2309 429 2354 errorum
451 2285 542 2351 haud
564 2306 668 2371 panea
689 2285 840 2370 exempla
853 2286 1038 2352 afferemus.
1082 2283 1177 2366 Quae
1199 2284 1311 2350 omnia
1331 2283 1394 2350 hoo
1414 2307 1505 2370 opus,
1528 2285 1672 2368 alioquin
1693 2305 1760 2350 non
1782 2283 2013 2368 spernendum,
2035 2285 2188 2351 virorum
2209 2287 2280 2352 doe-

277 2406 386 2466 torum
408 2399 484 2464 nsui
504 2418 574 2462 nen
595 2397 687 2462 omni
707 2417 749 2462 ex
771 2401 864 2480 parte
887 2395 1166 2464 aooommodatum
1195 2417 1267 2462 esse
1289 2393 1524 2462 demonstrant.
1569 2395 1687 2462 Obiter
1708 2395 1762 2462 hio
1792 2394 1943 2462 addimus
1972 2396 2195 2464 olsrissimum
2215 2398 2280 2465 edi·

277 2518 384 2576 torsm
412 2510 511 2574 etiam
539 2508 595 2574 alii
622 2509 714 2593 operi
741 2507 865 2592 (ussa
884 2509 929 2574 du
953 2512 1015 2573 16·
1043 2505 1149 2574 strue.
1182 2507 1220 2574 P.
1247 2507 1344 2595 1864)
1373 2507 1498 2592 aliquot
1519 2507 1651 2575 Oalvini
1681 2507 1835 2592 epistolas
1860 2508 1899 2572 in
1928 2509 2086 2594 gallicum
2108 2511 2281 2576 munaus

276 2642 465 2688 inseruisse.

1213 2893 1341 2978 exn

882 3029 1118 3122 ΙΒΟΟΠΜΕΗΤΔ
1136 3030 1184 3085 ΔΒ
1201 3027 1527 3086 HISTORIOGRAPHIS
1545 3028 1668 3087 uum.
1745 3027 1749 3034 ’

431 3169 546 3236 Vitam
568 3168 699 3238 Oalvini
726 3167 858 3252 saepius
884 3175 919 3234 et
944 3168 1023 3234 olim
1049 3167 1224 3236 abnostris
1250 3166 1453 3251 temporibus
1474 3167 1579 3234 literis
1600 3165 1792 3236 mandatam
1813 3169 1929 3249 titisse,
1958 3191 2027 3236 non
2054 3179 2108 3238 eet
2136 3171 2223 3256 quod
2248 3189 2277 3238 te

273 3279 425 3366 pluribus
447 3281 630 3348 dooeumns.
663 3279 737 3346 Iam
756 3280 829 3348 Nio.
841 3279 1000 3348 Oolladon
1021 3278 1064 3346 ad
1084 3279 1206 3346 ealoem
1226 3279 1425 3346 narrationis
1448 3300 1528 3345 suae
1550 3278 1668 3364 galliae
1689 3281 1890 3365 aonaoriptae
1911 3304 1940 3348 a
1967 3287 2049 3348 1565
2073 3283 2157 3350 duas
2168 3285 2277 3350 Nostri

274 3391 428 3478 epistolas
449 3391 552 3460 edidit
572 3391 649 3458 alibi
673 3412 741 3456 uon
768 3399 925 3458 servatas.
968 3392 1062 3458 Inter
1090 3411 1146 3458 eos
1172 3413 1251 3458 vero
1280 3392 1371 3458 viros
1399 3389 1509 3458 dootos
1531 3392 1586 3475 qui
1613 3393 1777 3458 reoontius
1799 3393 1942 3462 eundem
1962 3394 2110 3462 laborem
2132 3417 2278 3480 suseape·

272 3511 369 3583 runt,
399 3525 503 3570 nuum
529 3524 609 3588 prae
635 3503 774 3570 eaeteris
807 3503 862 3570 hio
889 3503 1085 3569 nominatim
1112 3501 1333 3586 produoamus
1360 3509 1503 3586 oportet,
1531 3503 1650 3586 quippe
1679 3505 1736 3588 qni
1763 3506 1946 3572 narrationi
1973 3529 2053 3574 suae
2081 3507 2223 3592 plurima
2248 3517 2278 3572 et

277 3636 400 3702 magna
421 3621 574 3699 exparte
596 3621 694 3681 antea
714 3613 838 3680 inedita
866 3612 1060 3681 dooumenta
1083 3613 1267 3680 subieeerit.
1315 3614 1351 3680 Is
1379 3622 1430 3680 est
1450 3613 1576 3681 Paulus
1597 3614 1734 3700 Henry,
1764 3615 1854 3683 verbi
1880 3615 1984 3684 divini
2006 3641 2114 3704 nuper
2134 3621 2279 3685 minister

278 3735 312 3796 et
337 3729 502 3812 inspeetor
538 3725 705 3792 seminarii
742 3725 830 3808 apud
864 3725 1106 3792 Berolinenses.
1159 3723 1247 3812 (Dua
1276 3725 1379 3792 heheu
1407 3725 1534 3792 rosana
1565 3723 1695 3809 &leina
1724 3727 1779 3794 des
1806 3749 1933 3812 pressere
1964 3729 2197 3812 Reformators,
2223 3731 2277 3793 rad

279 3839 468 3922 Bmutruuq
488 3839 545 3904 der
568 3835 862 3918 bondscbrifiliobeu
891 3836 1066 3917 Urlrunden,
1087 3835 1293 3904 umetmlict
1318 3837 1374 3904 der
1397 3835 1515 3920 &safer
1534 3839 1602 3904 und
1624 3839 1777 3906 Zrlncber
1798 3839 1982 3921 Bibliotbelr,
2005 3842 2179 3923 euworferr,
2200 3842 2279 3906 arbit

280 3952 380 4018 enen
400 3949 538 4034 Auboup
558 3948 663 4014 bote
683 3949 906 4033 unqedradder
927 3947 1038 4030 Briefe
1059 3949 1125 4014 aud
1146 3949 1280 4015 mudum
1300 3947 1423 4032 Beleqe.
1467 3949 1581 4016 Humi.
1604 3955 1824 4016 isso-1844.
1847 3955 1866 4016 3
1890 3951 2013 4038 tomis.)
2046 3953 2113 4020 Ubi
2134 3955 2171 4019 in
2192 3953 2278 4018 addi·

280 4063 437 4130 tamentis
458 4061 597 4147 singulis
620 4060 717 4128 tomis
740 4061 922 4130 subiunotis
943 4067 1074 4144 praeter
1099 4059 1163 4124 alia
1190 4059 1389 4126 exhibentur
1417 4061 1557 4144 amplius
1586 4065 1757 4149 sexaginta
1778 4062 1918 4132 eohedae
1940 4086 1958 4130 e
1980 4064 2145 4132 eodioibns
2166 4087 2278 4130 manu·

282 4173 413 4257 seriptis
434 4172 638 4258 depromtae3
666 4173 702 4236 in
729 4173 848 4256 quibus
875 4173 945 4238 fere
974 4173 1212 4255 quinquaginta
1233 4172 1337 4255 ipsius
1359 4171 1489 4238 Oalvini
1511 4182 1598 4253 sunt,
1621 4183 1768 4241 oaeterae
1790 4175 1907 4242 saltem
1927 4175 1969 4242 ad
1991 4197 2068 4242 eum
2090 4179 2210 4242 missae
2229 4175 2278 4240 vd

282 4285 347 4352 alio
369 4293 464 4369 paeto
489 4283 531 4351 ad
561 4284 632 4350 eins
662 4304 716 4352 res
737 4285 951 4368 pertinentes
995 4283 1120 4350 Fontes
1142 4289 1252 4348 autem
1282 4303 1359 4350 suos
1385 4284 1439 4350 vel
1468 4287 1601 4352 omnino
1628 4309 1694 4352 uon
1715 4285 1839 4354 indioat
1860 4295 1975 4367 autor,
2004 4288 2057 4355 vel
2080 4299 2148 4354 tam
2169 4309 2278 4371 parum

283 4396 416 4464 definite
437 4403 476 4462 ut
496 4397 606 4462 minus
628 4416 696 4461 non
716 4397 830 4480 possis.
874 4394 965 4462 Sunt
986 4402 1112 4472 tamen,
1142 4403 1180 4460 ut
1202 4395 1364 4462 curiosius
1390 4397 1631 4480 inquirentibus
1652 4399 1768 4482 patuit,
1797 4403 1941 4466 maxime
1963 4399 2166 4468 soodiaibus
2188 4401 2277 4466 Turi·

283 4507 444 4588 sensibus,
466 4507 709 4574 Parisieneibus
730 4514 764 4572 et
785 4507 1036 4574 Genevensibue
1064 4507 1175 4589 oopiao
1205 4509 1274 4574 eius
1297 4507 1503 4591 desumptae;
1531 4510 1690 4576 nonnulla
1718 4511 1818 4576 etiam
1841 4533 1882 4577 ex
1904 4512 2012 4577 Besae
2033 4512 2191 4578 thesauro
2211 4533 2278 4576 mn·

283 4627 398 4687 tuatus
418 4628 477 4686 est.
522 4619 586 4683 Vir
607 4618 749 4701 alioquin
772 4620 813 4686 ab
833 4618 1000 4684 industria
1020 4625 1055 4684 st
1076 4616 1248 4684 sedulitate
1269 4619 1454 4686 laudandus
1481 4622 1515 4686 in
1541 4621 1688 4688 textibus
1708 4622 1982 4690 transscribendie
2004 4644 2070 4688 nou
2092 4645 2220 4708 semper
2240 4621 2278 4688 ad

284 4731 490 4818 autographa
510 4729 623 4809 rediit,
651 4727 709 4796 sed
730 4730 767 4794 in
788 4729 988 4797 secundariis
1016 4729 1159 4796 lontibus
1181 4731 1359 4798 subsistere
1383 4732 1463 4798 satis
1484 4731 1615 4810 habuit,
1644 4733 1767 4800 seilioet
1796 4735 1832 4800 in
1854 4732 1988 4800 Simleri
2010 4741 2045 4800 et
2065 4735 2278 4802 Beruensim

284 4845 395 4923 libris,
425 4864 528 4926 neque
550 4863 627 4908 raro
654 4842 709 4908 vel
731 4841 900 4908 oeulornm
925 4844 994 4910 aoie
1023 4841 1077 4908 vel
1106 4843 1306 4928 typographi
1327 4844 1498 4910 osoitantia
1519 4844 1674 4927 deeeptus
1694 4845 1805 4912 minus
1826 4844 1925 4911 fidam
1946 4845 2121 4913 leotionem
2142 4847 2276 4914 exhibet

284 4955 457 5037 Quantum
477 4954 514 5018 in
535 4952 800 5038 bibliographiois
821 4955 891 5018 eius
912 4953 1028 5020 studiis
1050 4952 1235 5020 desiderare
1258 4955 1377 5038 aliquis
1398 4957 1500 5038 possit
1522 4956 1651 5039 saepius
1673 4957 1738 5022 iam
1761 4956 1838 5024 alibi
1859 4959 2055 5024 monuimus.

440 5065 559 5134 Obiter
581 5071 711 5130 tantum
733 5065 797 5132 hoe
817 5065 889 5132 looo
910 5067 1021 5150 magni
1043 5065 1219 5132 Moshemii
1246 5071 1447 5134 mentionem
1468 5067 1607 5136 lauimus
1629 5067 1721 5134 ouius
1742 5070 1808 5136 tria
1829 5074 1962 5134 exstant
1982 5071 2106 5154 soripta
2129 5071 2171 5137 do
2192 5089 2280 5137 osum

282 5177 416 5248 Serveti
438 5177 566 5245 saeenlo
588 5176 755 5262 superiore
776 5177 884 5244 medio
907 5175 1011 5256 edita,
1040 5178 1156 5261 quibus
1186 5179 1278 5244 varia
1298 5179 1423 5244 ineerta
1445 5187 1524 5246 sunt
1544 5187 1617 5248 aeta
1637 5177 1784 5264 publiea,
1811 5177 1955 5264 adeoque
1980 5183 2082 5248 etium
2109 5181 2280 5250 nonnullae
