4782 6010
913 331 1279 404 PROLEGOMENA.
1957 341 2103 436 mu
2206 418 2210 435 ι

256 521 306 588 De
328 521 491 592 codicibus
519 521 734 592 bibliothecae
762 523 967 597 &nascas
993 543 1094 594 mauu
1123 521 1251 606 scriptis
1280 521 1482 608 singularem
1508 523 1630 592 librum
1656 525 1760 591 edidit
1784 527 1819 596 J.
1848 526 2024 610 Senebier,
2052 531 2098 598 V.

117 633 154 698 D.
174 633 218 698 Μ.
246 639 278 698 et
299 631 513 700 bibliothecae
539 634 737 717 praefectus:
768 633 933 720 Gatabw
954 634 1104 703 sueones
1124 634 1180 700 dee
1200 631 1301 698 MSS.
1323 635 1484 702 mareota
1511 637 1593 704 dans
1620 636 1652 702 la
1676 637 1875 722 tumetceu
1896 640 1934 705 dc
1954 639 1987 706 la
2016 641 2100 714 Vide

117 742 346 826 erectim
372 743 409 810 de
440 743 567 810 Getice.
620 750 718 828 1779,
744 747 801 812 ubi
827 731 907 832 pagJ
928 749 990 814 249
1020 765 1108 830 seqq.
1137 750 1171 810 et
1199 749 1260 808 457
1288 765 1374 829 seqq.
1405 746 1619 830 epistolarum
1641 747 1901 814 calvinianamm
1928 750 2099 820 volumina

116 861 258 926 sanast.
302 852 395 940 Opus
415 863 465 921 est
485 855 581 924 exilis
602 855 768 924 doctrinae
790 865 824 924 et
845 857 963 925 dubiae
984 854 1070 936 fidei,
1093 865 1166 922 tum
1187 855 1287 923 etiam
1308 855 1467 924 hactenns
1489 857 1716 940 imperfectum
1736 859 1822 943 quod
1839 859 1949 944 plures
1970 862 2098 932 codices

115 988 252 1056 quosuus
268 965 421 1032 manibus
432 967 643 1038 tractavimus
654 968 783 1040 silentio
805 971 970 1052 praeterit,
994 973 1279 1052 quostamentum
1289 969 1489 1050 temporisin
1512 967 1672 1036 tabulario
1683 967 1830 1038 noudum
1851 973 2014 1040 exstitisse
2036 971 2098 1042 vix

116 1076 343 1148 crediderimus
389 1076 488 1158 Quali
509 1078 557 1144 rei
576 1077 740 1146 btcramae
762 1081 899 1146 amentia
920 1081 1100 1151 instructus
1121 1077 1164 1142 ad
1183 1078 1367 1164 catalogum
1385 1099 1483 1146 suum
1503 1079 1774 1148 conscribendum
1795 1083 1968 1150 accesserit
1990 1105 2033 1150 ex
2054 1085 2097 1154 iis

114 1189 234 1272 colliges
255 1209 338 1272 quae
365 1211 395 1272 p.
420 1193 483 1254 290
504 1189 675 1274 leguntur:
706 1190 920 1263 J’oaserveras
947 1193 1004 1271 ici,
1037 1190 1059 1254 ὰ
1087 1189 1206 1274 Peperci
1236 1191 1293 1256 des
1318 1189 1420 1260 lamec
1446 1190 1484 1256 dc
1512 1189 1639 1272 Odoin,
1675 1192 1797 1274 queue
1823 1194 1954 1260 secent
1985 1199 2097 1262 eatam

114 1301 267 1385 deiectos
291 1319 375 1382 poter
400 1321 475 1366 acac
502 1301 558 1382 pai
585 1322 624 1366 ne
650 1303 811 1370 muroieat
830 1323 897 1384 per
925 1301 1072 1368 l’lsistoire
1098 1301 1143 1366 du
1163 1306 1269 1382 eruas.
1316 1299 1379 1366 Car
1400 1301 1466 1384 ufic
1486 1302 1581 1368 aare
1594 1302 1672 1382 ples
1688 1308 1774 1370 caari
1794 1323 1834 1370 ca
1850 1306 2001 1386 pateas
2016 1307 2096 1388 plac

113 1410 259 1496 seced),
295 1409 328 1476 0.
346 1410 505 1494 a'cmpbic
519 1413 642 1493 jocaris
663 1410 712 1498 (7)
735 1434 793 1496 que
814 1413 858 1482 lec
878 1433 966 1480 amas
986 1413 1023 1478 dc
1042 1413 1158 1482 caece
1177 1413 1215 1478 dc
1235 1431 1312 1478 oeae
1332 1411 1406 1478 dont
1426 1412 1453 1478 ci
1467 1413 1571 1496 parte,
1593 1419 1621 1478 et
1642 1413 1675 1480 lc
1691 1413 1824 1498 plapart
1844 1415 1898 1480 das
1919 1415 2006 1482 dates
2026 1419 2098 1484 aa

112 1521 194 1590 aaa
219 1521 272 1592 des
299 1521 402 1590 eures
432 1525 545 1588 menes
571 1525 647 1589 doct
674 1524 700 1590 e
728 1531 773 1590 eet
797 1525 862 1606 fcit
895 1525 1028 1592 mamea
1060 1523 1140 1590 ἀαης
1168 1523 1201 1589 la
1234 1524 1325 1588 ieme
1375 1522 1415 1590 Je
1441 1524 1511 1590 dois
1539 1543 1644 1592 emere
1667 1525 1737 1594 dire
1764 1546 1823 1610 pcc
1849 1525 1971 1608 ispius
1989 1527 2095 1610 praed

113 1631 224 1698 mmbre
243 1634 299 1700 des
320 1633 423 1700 lettres
448 1635 486 1700 de
509 1654 540 1700 cc
565 1635 669 1718 prend
695 1634 813 1702 esec
841 1637 961 1704 avebat
987 1635 1032 1700 ee
1060 1637 1239 1700 accedes
1259 1656 1326 1716 par
1348 1633 1395 1701 M
1420 1633 1548 1702 Samuel
1572 1635 1741 1716 feceriut,
1771 1657 1829 1720 aaa
1843 1637 1906 1718 sci
1921 1637 2034 1720 profit&
2054 1638 2094 1706 dc

113 1763 154 1810 ces
172 1745 270 1826 copies
292 1745 348 1828 cai
374 1748 440 1810 sord
467 1744 705 1827 eis-fideleaet
731 1768 790 1830 que
808 1749 843 1832 ,ie
863 1747 1004 1812 o’curcis
1025 1747 1148 1828 jcmcis
1174 1746 1328 1830 entreprit
1349 1745 1387 1812 de
1408 1745 1453 1814 les
1468 1747 1640 1828 paream
1660 1752 1764 1828 toreca
1790 1747 1841 1814 sti
1861 1749 1990 1814 m'acoit
2008 1749 2094 1834 fallu

112 1853 149 1922 les
163 1855 219 1924 lire
238 1855 320 1922 aare
342 1855 373 1922 la
395 1857 557 1922 maccus
578 1855 709 1924 aarum
730 1859 767 1926 de
789 1863 875 1926 acm
895 1857 1008 1924 celiae
1032 1857 1225 1942 deolcgicn.

252 1967 390 2036 Praeter
410 1967 472 2034 hos
494 1967 619 2036 codices
640 1969 676 2034 in
697 1968 810 2036 ffldem
829 1969 1025 2036 bibliotheca
1042 1969 1142 2034 etiam
1159 1967 1349 2036 fasciculum
1367 1967 1636 2036 documentorum
1654 1989 1721 2034 uon
1738 1967 1964 2054 colligatorum
1981 1969 2093 2054 explo-

111 2078 243 2143 ravimus
273 2099 410 2144 numero
444 2083 535 2143 197³*
556 2079 766 2164 insignitum,
802 2081 836 2146 in
867 2101 930 2165 quo
959 2081 1044 2148 circa
1073 2080 1209 2166 triginta
1237 2088 1367 2164 reperta
1396 2088 1472 2150 sunt
1500 2078 1542 2146 ad
1570 2100 1622 2148 res
1654 2079 1865 2148 Oalvinianas
1893 2081 2093 2166 pertinentia

111 2189 242 2254 maxims
262 2188 395 2274 publica
417 2192 537 2274 scripta
559 2190 745 2279 etquidem
767 2192 947 2259 maximam
968 2199 1097 2275 partem
1119 2191 1237 2278 gallica
1258 2199 1291 2258 et
1313 2191 1509 2258 authentica.

559 2444 592 2504 2.
636 2439 828 2508 Dcaeaetta
845 2441 882 2508 ia
902 2439 1039 2506 maricis
1060 2441 1196 2506 meae
1216 2445 1245 2506 ct
1264 2440 1435 2506 micuerit
1453 2445 1623 2506 cesenate.

249 2574 307 2639 llx
328 2574 380 2640 bis
402 2595 468 2639 non
489 2575 537 2640 ita
558 2575 674 2655 multa,
703 2577 897 2660 praesertim
918 2578 947 2642 si
969 2575 1011 2641 ad
1032 2597 1146 2642 eorum
1167 2577 1293 2659 copiam
1315 2576 1446 2659 exigere
1467 2575 1551 2641 velis
1572 2597 1655 2658 qnae
1676 2575 1771 2641 modo
1792 2575 2023 2654 recensuimus,
2048 2573 2092 2642 ad

110 2683 283 2767 augendum
305 2693 455 2751 nocuum
476 2687 668 2752 thesaurum
689 2687 894 2771 epistolicam
914 2689 1004 2754 nacti
1026 2709 1146 2754 sumus.
1191 2687 1418 2762 Nihilominus,
1439 2707 1538 2771 quam
1567 2687 1619 2752 his
1640 2685 1810 2752 tabulariis
1832 2685 2092 2771 pervestigandis

109 2791 318 2876 impendimus
340 2817 462 2876 cunm,
486 2797 556 2863 eius
578 2817 784 2882 naquaquam
807 2819 867 2864 nos
887 2798 1040 2880 poenitet.
1085 2799 1126 2863 In
1148 2798 1389 2865 commentariis
1410 2807 1480 2864 tam
1501 2805 1634 2864 senatus
1663 2817 1762 2881 quam
1783 2797 1965 2864 consistorii
1985 2797 2092 2879 pluri·

108 2923 171 2970 mas
191 2905 322 2989 quidem
344 2927 461 2992 easque
483 2909 571 2973 haud
593 2909 794 2993 spernendas
823 2909 957 2974 notitias
986 2909 1157 2976 hausimus
1180 2909 1298 2993 quibus
1319 2908 1362 2974 ed
1382 2909 1610 2976 illustrandam
1633 2909 1766 2977 Oalvini
1787 2909 1891 2975 vitam
1912 2909 1961 2973 uti
1982 2909 2092 2991 potui·

108 3036 181 3096 mus,
202 3025 235 3083 et
256 3020 426 3104 speciatim
447 3020 489 3086 ad
508 3021 596 3104 ipsas
619 3020 781 3104 epistolas,
803 3021 860 3086 ubi
881 3019 1048 3087 obscurius
1068 3021 1111 3086 ad
1131 3043 1184 3087 res
1206 3029 1315 3106 gestas
1332 3019 1529 3100 alludebant,
1552 3019 1675 3105 passim
1696 3018 1929 3104 explanandas.
1963 3017 2092 3086 Verum

108 3124 214 3193 bonna
224 3131 408 3196 studiorum
418 3132 642 3197 buctnmtum
655 3135 808 3211 maxime,
832 3134 860 3198 si
870 3132 942 3198 Deo
953 3133 1077 3216 tibique
1087 3133 1254 3217 placuerit,
1276 3131 1476 3217 degustabis,
1494 3133 1623 3216 quando
1633 3131 1767 3198 annales
1789 3149 1870 3213 quos
1891 3129 2093 3196 meditamur

108 3257 145 3302 cx
164 3241 306 3325 undique
327 3249 482 3328 congesta
502 3243 641 3310 materia
662 3243 905 3311 concinnandos
926 3243 1156 3329 aggrediemur
1177 3253 1211 3310 ct
1231 3255 1341 3310 tecum
1363 3242 1681 3311 communicabimus.
1733 3243 1867 3309 Interea
1894 3241 1961 3308 iam
1982 3242 2092 3326 aliqua

108 3368 145 3412 ex
162 3359 252 3433 parte
280 3352 341 3418 tibi
369 3353 579 3420 delibandum
605 3356 815 3438 praebuimus
846 3355 942 3422 editis
970 3377 1012 3422 ex
1038 3355 1095 3421 illo
1123 3357 1212 3422 fonte
1235 3355 1526 3422 famosissimorum
1553 3375 1726 3422 causarum
1747 3355 1875 3420 Bolseci
1902 3361 1937 3418 et
1958 3351 2092 3418 Servati

107 3463 178 3526 uotis
198 3463 347 3548 integris,
370 3465 498 3548 plenius
520 3474 554 3532 et
574 3467 750 3550 perfectius
772 3488 870 3551 quam
892 3475 990 3534 antea
1008 3487 1153 3550 unquam
1171 3469 1311 3533 fuenrut
1345 3469 1399 3534 Ex
1421 3467 1534 3532 eodem
1552 3475 1663 3532 umen
1681 3467 1780 3531 etiam
1797 3465 1861 3549 ipsi
1878 3464 2092 3547 epistolarum

106 3574 200 3652 seriei,
221 3577 316 3640 cuins
338 3575 397 3640 tibi
417 3577 484 3642 iam
507 3578 668 3662 primitias
690 3579 866 3658 offerimus,
890 3577 1020 3663 aliquod
1042 3578 1223 3645 sectarim
1243 3586 1276 3644 ct
1296 3587 1525 3644 ornamentum
1547 3575 1676 3643 accedit
1721 3577 1807 3642 Nam
1836 3584 1870 3640 et
1890 3577 1924 3640 in
1946 3575 2091 3642 archivis

105 3683 207 3752 civius
227 3687 342 3771 plures
363 3688 565 3755 excussimus
581 3689 752 3756 literarum
774 3690 956 3769 fasciculos,
978 3711 1020 3756 ex
1041 3691 1167 3774 ingenti
1188 3710 1327 3756 numero
1353 3709 1469 3755 eornm
1496 3691 1551 3772 qui
1573 3690 1705 3754 nomine
1728 3686 1933 3753 Schadarnm
1956 3685 2089 3752 haue-

103 3813 208 3861 carum
231 3797 357 3882 (Pieres
377 3799 576 3884 mauce)
598 3801 752 3878 veniunt,
782 3802 906 3868 sedicet
933 3823 1000 3867 nou
1027 3800 1205 3866 familiares
1234 3800 1291 3866 sed
1317 3801 1463 3884 publicas
1485 3801 1592 3882 potius
1612 3799 1859 3877 continentium,
1888 3799 2089 3880 caeterisque

105 3910 228 3975 omnino
249 3909 426 3988 addendas,
450 3923 482 3976 et
501 3911 537 3976 in
554 3911 716 3978 tabulario
739 3911 935 3978 venerabilis
953 3911 1128 3978 ministerii
1145 3911 1209 3977 duo
1227 3912 1425 3997 perlegimus
1444 3919 1479 3976 ct
1498 3913 1718 3994 excerpsimus
1735 3909 1904 3976 volumina
1924 3910 2091 3975 maximae

103 4016 217 4086 formae
238 4029 273 4086 et
295 4021 520 4105 amplitudinis
544 4021 732 4104 (Vestae
755 4023 988 4107 OcmpapaicA
1009 4031 1043 4088 et
1058 4023 1103 4104 Β)
1126 4023 1243 4106 quibus
1263 4043 1329 4088 non
1351 4032 1421 4088 tam
1441 4033 1587 4089 actorum
1608 4021 1781 4089 reverendi
1802 4028 1914 4088 caetus
1935 4022 2092 4086 continua

104 4129 210 4195 ralatio
231 4131 429 4211 continetur,
452 4153 551 4216 quam
572 4134 719 4200 collectio
741 4135 1010 4201 documentorum
1032 4136 1156 4219 passim
1177 4153 1220 4199 cx
1241 4135 1311 4200 cius
1328 4135 1452 4219 gremio
1474 4133 1645 4212 editorum,
1667 4135 1702 4198 in
1719 4153 1782 4217 quo
1799 4131 1916 4215 quanti
1936 4131 2094 4215 ponderis

104 4237 208 4308 Nostri
228 4244 332 4309 fuerit
353 4245 519 4324 autumas,
542 4253 576 4310 et
597 4252 758 4330 quatenus
780 4247 891 4312 omnia
914 4247 955 4313 ad
977 4249 1047 4313 eius
1069 4255 1188 4311 nutmn
1208 4254 1300 4330 gesta
1321 4246 1451 4324 ducunt,
1474 4265 1571 4311 nemo
1592 4251 1642 4310 est
1663 4245 1718 4328 qui
1739 4246 1872 4312 nesciat

1047 4591 1071 4674 ς.
1093 4587 1139 4653 11.

897 4723 1046 4780 comosa
1064 4721 1294 4779 remorasse.

248 4858 293 4924 In
314 4858 367 4926 his
389 4859 597 4930 recensendis
618 4881 686 4927 non
707 4881 790 4946 opus
811 4871 862 4928 est
883 4868 922 4928 ut
943 4861 1084 4929 eundem
1108 4871 1277 4927 teneamus
1302 4857 1437 4924 modurn
1459 4877 1521 4942 quo
1550 4858 1637 4926 circa
1658 4855 1870 4926 Geneveuses
1891 4857 2017 4928 cedices
2038 4860 2092 4926 usi

104 4987 218 5036 sumus.
265 4969 354 5040 Sunt
374 4970 428 5039 bic
450 4972 581 5057 quidem
602 4973 705 5040 multo
726 4971 838 5058 plures
859 4974 895 5038 in
919 4975 1038 5058 quibus
1059 4971 1320 5060 pervestigandis
1348 4968 1590 5052 desudavimus,
1620 4968 1735 5036 sedin
1754 4969 1901 5054 singulm
1924 4971 1953 5036 si
1973 4991 2091 5038 nume-

103 5100 172 5149 rum
193 5080 462 5154 documentorum
489 5091 614 5167 spectes
640 5107 722 5170 quae
742 5085 779 5150 in
806 5106 1003 5171 unoquoque
1025 5085 1243 5162 eontinentur,
1264 5082 1419 5166 pauciora
1440 5089 1570 5148 tantum
1590 5081 1779 5148 invenimus
1807 5101 1890 5164 quae
1917 5082 1951 5146 in
1971 5078 2091 5150 adver·

103 5193 184 5260 sana
204 5200 321 5260 nostra
340 5194 462 5265 referre
484 5198 673 5284 oportuerit
706 5196 862 5264 Turicum
884 5197 973 5264 enim
994 5217 1032 5263 eo
1056 5195 1193 5276 maome,
1214 5193 1332 5260 saltem
1353 5191 1460 5280 quoad
1481 5193 1613 5280 negotia
1634 5191 1985 5346 emlesimticafi'tctius
2006 5193 2093 5262 Hel-
