4820 6016
1068 379 1148 444 1537
1170 375 1263 445 IUL.

622 611 673 682 59.

359 748 601 818 MYOONIUS
624 749 941 819 BULLINGERO.

248 921 475 1005 Oonfmsiouem
495 921 718 988 Geneoeneium
736 922 928 988 Lausannoe
948 921 1132 989 055515555-

154 1007 383 1074 minationibus
404 1009 577 1091 oppositmn
602 1005 727 1074 Caluini
748 1008 842 1074 imru
863 1028 933 1074 oum
953 1009 1131 1075 155555555-

153 1095 216 1162 oue
245 1094 462 1174 communicat,
489 1093 587 1160 mmai
613 1094 787 1176 opinionem
814 1115 906 1160 mam
927 1095 964 1160 de
993 1099 1052 1161 toto
1077 1095 1132 1160 hoo

153 1181 281 1279 menotio
303 1180 442 1246 mearat
465 1177 576 1246 Gouola
602 1181 776 1262 aequiorem
805 1201 899 1264 quum
927 1182 996 1248 5555
1023 1181 1132 1247 adoer-

152 1285 269 1332 somne.

153 1437 215 1506 (Ex
233 1455 269 1490 eu
338 1436 402 1558 pho
425 1435 534 1492 Arohiv.
558 1435 802 1494 5555515551.
826 1437 878 1490 voh
905 1435 954 1490 155
978 1437 1043 1490 olim
1060 1437 1132 1506 Epp.

246 1507 321 1560 Tam.
357 1505 380 1572 3,
399 1505 445 1559 iol.
465 1503 523 1559 164.
543 1533 575 1545 -
594 1505 724 1559 Simleras
741 1505 885 1576 deseripsit
902 1506 953 1559 rol.
971 1503 1027 1572 43.)

150 1691 199 1760 D.
225 1693 408 1759 Heinrieho
429 1691 832 1844 Bullinpgffiodptelgissimo
853 1694 888 1758 in
908 1691 1053 1760 Domino
1078 1714 1132 1760 eo·

246 1913 283 1982 S.
319 1914 444 1982 Ooloim
469 1917 560 1982 iussu
592 1914 645 1982 his
674 1915 827 2000 colligata
856 1915 1026 1981 mittimus.
1078 1917 1130 1982 De

150 2002 361 2070 eonfessione
373 2003 398 2085 ¹)
417 2001 582 2085 appendix
598 2001 640 2068 ad
655 2003 756 2067 finem
781 2009 969 2084 amputatus
986 2008 1048 2066 est:
1073 2023 1131 2067 ne-

150 2089 226 2156 seio
250 2087 279 2154 si
300 2087 378 2171 quid
399 2086 504 2154 subsit
520 2087 654 2153 latentis
677 2107 803 2154 eausae.
847 2087 1006 2170 Displiost
1027 2085 1130 2166 nobis,

150 2195 226 2242 non
249 2170 322 2240 dieo
344 2174 502 2240 ooniessio
524 2193 584 2256 per
605 2193 657 2251 se,
684 2175 742 2239 sed
763 2172 936 2240 eonsilium
956 2173 1131 2240 noniessio·

150 2260 220 2326 nis.
268 2258 356 2340 Quid
378 2260 466 2324 euim
487 2279 568 2341 opus
596 2267 667 2324 erat
694 2257 734 2326 de
760 2259 967 2324 sanstissimae
993 2259 1132 2326 adoran·

150 2345 266 2429 daque
288 2345 434 2412 trinitate
455 2345 620 2428 quidpiam
637 2344 785 2410 velutin
808 2343 942 2410 dubium
962 2344 1133 2426 perillam

148 2429 300 2500 5555551
344 2429 473 2496 Deinde
495 2431 650 2496 trinitatis
675 2437 709 2496 et
729 2450 886 2513 personne
908 2429 1041 2496 vocibus
1062 2437 1131 2498 tam

147 2518 309 2600 iniquum
326 2537 406 2594 esse,
423 2525 462 2582 ut
478 2517 525 2584 eis
542 2516 751 2600 pertinaciter
764 2535 831 2582 uon
848 2522 962 2580 utatur
978 2515 1043 2595 ille,
1061 2518 1132 2600 qui·

148 2605 217 2670 bus
245 2609 299 2667 est
326 2610 438 2668 tamen
465 2623 545 2670 usus
568 2603 604 2666 in
626 2599 857 2668 Oateehismo?
901 2601 1027 2666 Verum
1054 2601 1132 2686 quid

147 2689 194 2754 ad
220 2707 278 2752 me
299 2686 377 2770 quid
398 2688 533 2770 quisque
555 2689 756 2766 eonfiteatur,
784 2707 884 2770 quum
906 2685 1050 2752 indienre
1071 2709 1132 2754 neo

147 2773 297 2858 possim,
332 2793 393 2839 neu
425 2771 574 2852 debeam,
607 2774 671 2838 nisi
702 2781 862 2858 quantum
890 2771 932 2837 ad
963 2772 1133 2840 eoelesiam

148 2879 269 2926 meam
291 2858 454 2942 pertinet?
500 2859 564 2926 Hie
586 2857 717 2942 quidem
743 2879 802 2942 pro
831 2857 920 2924 virili
947 2859 1068 2925 eavebo
1089 2881 1132 2925 ne

148 2945 387 3014 contentiones
410 2945 560 3010 5555555
581 2945 621 3011 ob
644 2943 789 3010 verbula.
833 2942 927 3009 Istud
949 2953 1060 3010 tamen
1080 2946 1132 3010 iu-

149 3031 270 3098 dicare
292 3030 389 3113 plane
415 3029 510 3094 libet:
538 3029 781 3114 iniquissimum
810 3049 882 3095 esse
910 3030 956 3094 ita
983 3051 1017 3096 se
1045 3031 1132 3097 velle

146 3123 403 3268 otiati
428 3115 545 3268 tlt.
564 3113 1131 3271 “disilililsillinituiii?

146 3289 260 3354 tiana.
317 3285 480 3369 Equidem
515 3285 659 3354 Cordum
691 3308 755 3352 non
790 3285 942 3366 defendo,
981 3290 1131 3371 quamvis

147 3375 254 3452 olim,
289 3370 391 3438 idest
418 3379 492 3438 ante
520 3394 623 3439 annos
650 3365 777 3452 (15551)
806 3372 875 3454 ipse
902 3392 937 3437 se
965 3372 1052 3456 apud
1078 3395 1131 3440 me

146 3479 273 3526 eoram
302 3456 498 3538 defenderit,
527 3466 697 3544 postquam
728 3479 748 3524 a
777 3457 906 3524 Farello
933 3459 1132 3541 turpissimis

144 3545 263 3611 literis
286 3541 351 3607 huo
371 3544 501 3627 seriptis
523 3552 609 3611 esset
630 3551 800 3610 aecusatus
826 3542 865 3608 de
887 3539 1002 3608 iisdem
1024 3547 1132 3611 orimi-

146 3629 273 3698 nibus:
296 3649 362 3692 non
380 3637 488 3694 tamen
507 3631 644 3714 probare
661 3651 803 3713 possum,
827 3629 935 3694 taliter
952 3650 1027 3694 eum
1045 3639 1131 3699 trao-

147 3717 221 3782 tari
252 3712 341 3798 apud
366 3715 467 3781 bonos
495 3723 529 3781 et
555 3715 624 3799 pios
652 3717 748 3780 viros.
758 3715 785 3796 ⁴)
829 3715 876 3779 Et
903 3713 994 3797 quid,
1025 3727 1131 3800 putas,

147 3799 343 3884 evangelioi
367 3797 457 3866 Galli
484 3801 707 3880 coniecerunt,
736 3799 766 3865 si
791 3797 920 3866 Carolus
947 3820 982 3866 se
1004 3803 1132 3885 publioo

147 3888 284 3970 scripto
319 3883 561 3959 defenderitii)
611 3885 677 3952 Hie
712 3885 775 3950 erit
804 3883 972 3970 evangelio
1003 3888 1131 3954 eonsul-

148 3981 234 4039 tum
258 3973 398 4056 egregie.
433 3970 508 4038 Soio
521 3971 667 4039 Coretum
687 3971 816 4056 publiea
838 3970 973 4037 dixisse:
996 3971 1036 4040 Si
1054 3994 1132 4042 eon-

190 4209 249 4273 09,
269 4209 299 4274 1)
320 4209 360 4277 Os.
378 4223 418 4278 ep.
439 4207 549 4264 0515555·
568 4210 608 4265 ad
627 4209 783 4281 Grynoeum
806 4223 892 4278 snpra
911 4211 948 4266 N.
971 4209 1007 4265 64
1029 4216 1055 4268 et
1072 4211 1131 4268 Me-

142 4279 266 4354 pamdri
287 4279 325 4333 od
341 4277 536 4359 ¹Buttimpmum
560 4279 598 4335 Ν.
616 4277 658 4362 iii.
702 4278 776 4348 Quid
797 4284 966 4360 amputatum
988 4281 1034 4335 au
1056 4281 1131 4337 dieat

144 4368 212 4408 ''⁰''
226 4347 1037 4499 ,Ἴῖἳῖῗὲἔῆ5ᾔΐέἷῗὲἇξὲΐέὲἷζέ51151ἵῖ55...
1053 4421 1130 4500 nm

140 4489 243 4558 sumt
266 4499 409 4553 epaonense
431 4485 551 4552 uidetur,
580 4491 605 4540 et
631 4483 723 4540 (lurotu
745 4483 860 4539 indolem
883 4501 973 4540 munire
994 4493 1130 4555 aequatam

142 4555 295 4618 1555555555,
314 4553 378 4606 dum
395 4569 413 4608 u
432 4553 543 4608 Foreito
561 4560 584 4608 et
604 4553 717 4609 Ootnino
740 4569 773 4608 eo
795 4553 985 4620 praeiudicato
1001 4557 1130 4625 opinione

143 4627 333 4695 atiquatenus
350 4621 456 4676 alienus
471 4629 538 4676 erat.
581 4623 647 4678 Vide
662 4638 749 4691 rupen
766 4621 804 4677 N.
821 4621 863 4676 60.

263 4687 294 4756 3)
315 4689 430 4746 Garates
452 4691 579 4746 Rutiliae
601 4691 694 4757 sumat
718 4696 779 4758 poet
804 4691 1014 4760 (imputationem
1044 4692 1128 4747 Gene-

141 4775 265 4821 555555
283 4775 372 4841 mense
388 4759 513 4828 dupusto
531 4758 599 4813 1535
616 4760 743 4842 tqtitom,
762 4759 810 4814 ubi
826 4765 914 4814 tomen
931 4763 1000 4814 satie
1017 4760 1128 4817 dubium

141 4839 172 4888 ⁶
188 4843 300 4977 ²⁹⁰⁷“i3‘
312 4826 885 4980 ttt⁰ttt⁸ttttttt·..‘tsttt
897 4827 1007 4952 tta..
1025 4897 1127 4953 55..

185 4969 212 5022 't
231 4970 265 5018 nt
282 4981 420 5036 inmanem,
443 4967 543 5020 bonnm
560 4982 618 5020 esse
636 4983 731 5020 urum.
769 4964 811 5032 Of.
830 4963 1008 5035 Kanethofer,
1035 4967 1126 5022 Favet

142 4987 268 5094 ῗῖἳο.
306 5034 413 5090 Foretti
434 5035 527 5088 literne
545 5034 683 5090 Basileon
704 5036 805 5090 murae
826 5050 882 5090 non
904 5041 1018 5091 enatant.
1060 5037 1127 5092 Vide

140 5109 263 5162 intereo
280 5117 365 5170 supra
383 5101 419 5157 N.
438 5101 471 5156 39
488 5109 513 5158 et
529 5101 572 5156 44.

262 5167 292 5236 5)
315 5171 393 5238 Quod
409 5187 472 5226 vero
489 5173 603 5226 utrumn
618 5172 691 5239 feeit,
709 5171 875 5227 aedodauoe
890 5172 1020 5241 papinius
1036 5172 1126 5240 rediit,

140 5243 191 5300 eie
215 5239 415 5321 Oenonensium
437 5240 470 5296 de
493 5255 521 5296 ee
544 5243 604 5310 ipso
625 5241 758 5298 iudicium
775 5241 850 5298 omui
865 5241 1021 5316 iniquitatis
1037 5244 1126 5312 ampi-

138 5313 233 5372 555555
249 5323 379 5363 mameae.

264 5391 373 5450 Onioini
387 5398 478 5465 opera·
519 5395 577 5454 Vol.
593 5393 629 5450 X.
656 5395 691 5452 P.
707 5394 751 5450 ΙΙ.

2097 381 2166 447 Λ114
2187 427 2190 434 .

1185 564 1352 631 senseritis
1361 564 1398 629 in
1414 563 1649 632 noniessionem
1660 561 1811 629 Basileae
1828 565 2045 632 eommuniter
2055 566 2162 652 serip-

1184 658 1262 730 tam,
1282 649 1337 716 rel
1356 650 1392 714 in
1414 671 1488 716 sam
1508 669 1591 734 qnae
1613 647 1720 714 oblatu
1740 657 1791 716 est
1807 642 1940 715 055555
1962 651 1998 717 in
2019 651 2160 722 oomitiis

1184 735 1407 822 Augustanis,
1440 743 1475 802 55
1506 734 1764 817 subsoripseritis
1791 735 1968 802 Athanasii
2000 738 2160 822 symbolo,

1185 842 1245 905 ego
1268 828 1377 888 vester
1394 843 1459 900 ero,
1482 820 1566 886 nihil
1584 829 1698 886 eontra
1714 841 1775 886 vos
1792 820 1960 887 movebor:
1984 824 2036 888 sin
2052 823 2161 904 ahter,

1184 907 1249 972 erit
1269 906 1356 990 quod
1377 907 1463 974 ferre
1492 927 1560 972 non
1580 904 1700 972 lioehit
1745 903 1836 987 Quid
1862 913 1913 972 est
1939 908 2043 992 igitur
2069 907 2160 992 quod

1184 992 1264 1058 istos
1291 1001 1416 1071 movet,
1453 992 1517 1058 nisi
1542 992 1677 1075 spiritus
1703 988 1845 1070 dissidii,
1879 1013 1922 1058 55
1947 993 2027 1076 quid
2051 993 2160 1061 dinam

1184 1076 1293 1143 aliud?
1338 1077 1475 1144 Utinam
1510 1078 1565 1144 vel
1593 1076 1802 1162 evangelium
1833 1097 1901 1142 non
1931 1086 2158 1161 tuantur-emus,

1184 1163 1238 1228 vel
1257 1164 1346 1246 panis
1367 1163 1402 1228 in
1424 1165 1567 1229 Domino
1589 1163 1742 1246 spiritum
1770 1171 1858 1229 reato
1885 1164 1993 1229 animo
2021 1185 2159 1249 quaere-

1184 1269 1302 1314 remus.
1347 1248 1473 1314 Verum
1502 1249 1542 1316 de
1563 1247 1616 1314 his
1637 1249 1717 1315 satis
1738 1268 1851 1314 rerum
1872 1250 2018 1314 omnium
2039 1251 2157 1336 ignaro

1183 1342 1217 1399 et
1239 1333 1340 1400 stulto
1366 1334 1487 1418 viret)
1513 1369 1813 1385 —————
1834 1333 2000 1416 Basileus,
2029 1336 2160 1404 9.1u1ii

1184 1441 1270 1486 anno
1296 1423 1387 1485 1537.

1775 1501 1832 1570 Os.
1852 1504 1961 1590 Myso.
1984 1511 2069 1573 tuna

1569 1763 1772 1771 ffi—

1644 1943 1696 2013 70.

1448 2081 1653 2152 LOPINUS
1675 2081 1893 2152 OALVINO.

1269 2251 1388 2338 Mopso
1407 2259 1543 2320 movetur
1558 2255 1711 2320 desiderio
1728 2256 1904 2321 studiomem
1923 2255 2063 2324 Geneooe
2081 2256 2158 2326 oal-

1182 2340 1255 2406 oino
1281 2340 1358 2406 duee
1379 2340 1679 2422 persequutionem,
1707 2341 1763 2408 sed
1785 2347 1879 2424 patre
1905 2342 2002 2410 invito
2028 2349 2057 2410 et
2084 2343 2154 2412 ideo

1183 2425 1336 2507 stipendio
1357 2425 1521 2492 destitutus
1548 2425 1641 2492 aliter
1667 2447 1732 2492 non
1752 2431 1854 2507 potest
1878 2446 1916 2492 oe
1943 2430 1974 2494 si
2002 2429 2071 2511 ipse
2099 2431 2155 2496 uir

1183 2512 1397 2592 clarissimus,
1423 2512 1476 2577 oui
1503 2511 1646 2578 Lutetiae
1672 2532 1732 2576 nou
1758 2513 1804 2578 ito
1827 2513 1957 2594 pridem
1982 2515 2157 2584 innotuisse

1183 2615 1217 2660 se
1236 2597 1408 2680 plantatur,
1433 2597 1463 2662 ei
1490 2596 1596 2680 aliquo
1621 2599 1711 2664 modo
1737 2602 1766 2662 et
1794 2599 1917 2664 itineris
1939 2605 1968 2666 et
1987 2620 2159 2670 commoro-

1184 2683 1280 2748 tionis
1300 2683 1423 2763 eopiom
1441 2681 1557 2764 [555555.

1287 2853 1344 2920 (lix
1360 2851 1529 2924 autographo
1546 2853 1611 2908 bibl
1629 2852 1731 2907 Gener.
1748 2852 1814 2908 (lod
1833 2851 1893 2924 109,
1910 2854 1955 2910 iol
1974 2853 2049 2924 177.)

1269 3025 1303 3090 A
1322 3023 1495 3089 Monsienr
1516 3030 1549 3090 et
1568 3024 1655 3092 frere
1676 3023 1846 3091 lionsienr
1863 3023 1994 3094 Oauvin
2013 3027 2161 3096 Leotenr

1183 3107 1295 3193 publio
1316 3129 1336 3174 5
1358 3108 1513 3176 Genasve

1849 3196 1882 3262 A
1904 3194 2066 3267 Genesre.

1270 3329 1312 3398 G.
1335 3329 1484 3414 Lepinus
1495 3329 1520 3417 ¹)
1544 3328 1672 3397 (1515555
1693 3325 1793 3397 totius
1811 3329 1940 3398 Galliae
1962 3341 2158 3404 ornamento

1183 3419 1218 3481 et
1239 3415 1395 3482 Generae
1422 3435 1614 3502 grneoarum
1640 3415 1813 3482 literarum
1839 3418 2014 3502 professori
2036 3420 2157 3491 dosas-

1184 3503 1267 3567 simo
1279 3499 1315 3567 S.
1348 3499 1461 3583 Quum
1479 3499 1521 3566 ab
1542 3503 1676 3568 ineunte
1697 3511 1801 3568 aetate
1815 3503 1918 3568 vitam
1930 3505 1970 3570 ab
1982 3507 2072 3572 omni
2093 3510 2158 3574 im·

1183 3588 1305 3672 pietate
1327 3587 1469 3653 alienam
1491 3586 1611 3654 duasne
1631 3589 1858 3666 instituissem,
1888 3591 1940 3654 vir
1960 3589 2156 3678 deotissime,

1183 3672 1267 3738 nihil
1287 3672 1423 3755 perinde
1443 3674 1552 3756 cupivi
1574 3683 1673 3756 atque
1700 3685 1858 3757 quantum
1885 3695 2014 3757 possem
2042 3699 2157 3748 eorum

1183 3757 1403 3824 familiaritate
1423 3759 1473 3824 uti
1496 3757 1551 3840 qui
1572 3779 1649 3824 vere
1668 3759 1823 3908 pietatem
1845 3759 2007 3838 dooerent,
2030 3771 2068 3828 ut
2088 3767 2157 3849 pri·

1183 3865 1275 3908 mum
1298 3853 1330 3909 et
1351 3843 1405 3928 pie
1425 3851 1459 3909 et
1481 3844 1607 3910 sineere
1623 3844 1668 3908 im
1692 3845 1822 3910 iberam.
1867 3845 1974 3912 Tanta
1994 3857 2045 3914 est
2066 3852 2157 3918 enim

1184 3931 1255 3995 eius
1276 3929 1327 3995 vie
1348 3951 1386 3995 55
1406 3927 1607 4014 magnitudo,
1630 3936 1670 3993 ut
1686 3929 1770 3994 nihil
1792 3935 1903 4012 putem
1920 3953 1990 3998 esse
2008 3935 2094 4018 quod
2112 3935 2155 4003 ad

1184 4015 1287 4082 vitem
1308 4012 1483 4098 perduoere
1504 4014 1609 4098 possit
1629 4015 1657 4080 si
1678 4035 1750 4079 eam
1768 4015 1871 4082 tollas.
1904 4015 2031 4083 Verum
2052 4042 2155 4104 quum

1183 4100 1289 4166 modis
1311 4099 1462 4166 omnibus
1483 4099 1518 4165 id
1538 4101 1667 4166 effieere
1689 4107 1876 4180 tentassem,
1899 4123 1953 4168 res
1974 4105 2021 4170 ita
2042 4111 2154 4174 tamen

1182 4187 1340 4270 prooessit
1356 4193 1395 4250 ut
1404 4185 1489 4251 nihil
1506 4207 1559 4250 me
1577 4194 1788 4269 assequutum
1806 4207 1877 4252 esse
1895 4186 2033 4255 videam.
2063 4191 2154 4274 Quid

1182 4272 1270 4336 enim
1298 4279 1414 4355 suapte
1442 4278 1560 4336 natura
1591 4281 1743 4355 pensator
1771 4271 1839 4350 hie,
1867 4273 1954 4338 inter
1981 4295 2036 4341 eos
2065 4277 2153 4362 apud

1182 4377 1262 4440 quos
1283 4358 1457 4440 purissima
1478 4376 1623 4440 quaeque
1645 4357 1731 4421 male
1752 4357 1904 4438 audiunt,
1932 4365 1966 4424 et
1994 4381 2014 4424 5
2035 4363 2152 4446 quibus

1181 4443 1266 4507 nihil
1288 4441 1392 4508 diseas
1412 4451 1542 4527 praeter
1559 4463 1666 4508 meras
1684 4443 1877 4526 impietates,
1898 4447 2149 4528 assequeretur?

1181 4527 1256 4608 Quo
1278 4529 1410 4593 nomine
1432 4527 1495 4592 diei
1517 4548 1582 4592 non
1604 4537 1711 4610 potest
1731 4549 1829 4610 quam
1852 4529 1932 4594 mihi
1954 4531 2058 4598 vitam
2078 4554 2151 4601 esse

1180 4614 1331 4680 aoerbam
1352 4620 1472 4696 putam.
1516 4614 1565 4678 At
1592 4611 1679 4680 dioet
1705 4614 1791 4697 quis:
1820 4614 1988 4681 Bonorum
2017 4637 2150 4685 oonsor-

1179 4699 1261 4764 tium
1286 4699 1339 4764 hio
1360 4720 1428 4764 non
1446 4698 1566 4776 deesse,
1589 4705 1623 4763 et
1638 4700 1666 4765 si
1684 4699 1777 4778 desit,
1799 4700 1835 4764 in
1852 4699 2079 4768 bibliotheoam
2096 4703 2152 4770 ab·

1180 4783 1323 4850 dandum
1345 4805 1405 4864 me,
1428 4793 1465 4849 ut
1485 4783 1569 4848 nihil
1593 4783 1725 4850 aliunde
1748 4785 1820 4852 vitii
1841 4787 2041 4852 contraham.
2085 4788 2150 4855 Oui

1178 4891 1238 4954 ego
1259 4890 1450 4954 responsum
1471 4869 1554 4948 volo,
1583 4869 1636 4934 hio
1657 4891 1723 4936 non
1745 4869 1857 4937 deesse
1874 4873 1928 4956 qui
1950 4871 2010 4938 sibi
2032 4894 2147 5026 555555

1177 4954 1339 5035 videntur,
1363 4953 1500 5021 sedtum
1520 4953 1638 5039 frigide
1655 4963 1862 5024 restraotant
1883 4965 1921 5022 ut
1942 4956 2046 5024 nihilo
2091 4981 2145 5028 oo-

1279 5175 1308 5240 6)
1332 5173 1407 5314 guae
1424 5179 1573 5247 sequuntur
1588 5175 1660 5231 nmo
1675 5177 1714 5232 od
1730 5183 1833 5232 noema.

1216 5243 1261 5306 70.
1281 5245 1311 5314 1)
1358 5247 1400 5299 uie
1416 5245 1461 5300 aa
1476 5247 1573 5312 suerit,
1597 5262 1653 5300 non
1673 5246 1732 5300 nisi
1747 5261 1780 5300 ea
1797 5247 1850 5301 555
1866 5245 1980 5314 epumtn
1996 5247 2148 5306 mendum

1177 5313 1297 5382 videtum·
1314 5315 1382 5370 aisti
1397 5315 1468 5370 enim
1484 5316 1516 5370 in
1531 5315 1591 5371 eiua
1607 5331 1703 5370 nomen
1720 5330 1775 5370 non
1791 5313 1944 5371 insidiam.
