<?xml version="1.0" encoding="UTF-8"?>
<!DOCTYPE html PUBLIC "-//W3C//DTD XHTML 1.0 Transitional//EN"
    "http://www.w3.org/TR/xhtml1/DTD/xhtml1-transitional.dtd">
<html xmlns="http://www.w3.org/1999/xhtml" xml:lang="en" lang="en">
 <head>
  <title>
</title>
<meta http-equiv="Content-Type" content="text/html;charset=utf-8" />
  <meta name='ocr-system' content='tesseract 3.04.00' />
  <meta name='ocr-capabilities' content='ocr_page ocr_carea ocr_par ocr_line ocrx_word'/>
</head>
<body>
  <div class='ocr_page' id='page_1' title='image "./ioanniscalvinio05reusgoog_0217.png"; bbox 0 0 4782 6010; ppageno 0'>
   <div class='ocr_carea' id='block_1_1' title="bbox 290 330 2262 410">
    <p class='ocr_par' dir='ltr' id='par_1_1' title="bbox 290 330 2262 410">
     <span class='ocr_line' id='line_1_1' title="bbox 290 330 2262 410; baseline 0.003 -16"><span class='ocrx_word' id='word_1_1' title='bbox 290 333 327 394; x_wconf 90' lang='lat'><strong>11</strong></span> <span class='ocrx_word' id='word_1_2' title='bbox 1105 330 1367 400; x_wconf 68' lang='lat' dir='ltr'><strong>amsuchan</strong></span> <span class='ocrx_word' id='word_1_3' title='bbox 1391 337 1474 398; x_wconf 84' lang='lat'><strong>6-7</strong></span> <span class='ocrx_word' id='word_1_4' title='bbox 2228 349 2262 410; x_wconf 81' lang='lat'><strong>12</strong></span> 
     </span>
    </p>
   </div>
   <div class='ocr_carea' id='block_1_2' title="bbox 266 513 2369 1384">
    <p class='ocr_par' dir='ltr' id='par_1_2' title="bbox 266 513 2369 1126">
     <span class='ocr_line' id='line_1_2' title="bbox 286 513 2265 610; baseline 0.009 -30"><span class='ocrx_word' id='word_1_5' title='bbox 286 515 399 582; x_wconf 87' lang='lat' dir='ltr'><strong>schola</strong></span> <span class='ocrx_word' id='word_1_6' title='bbox 422 513 611 598; x_wconf 75' lang='lat' dir='ltr'><strong>aGolffastis&#39;</strong></span> <span class='ocrx_word' id='word_1_7' title='bbox 632 515 727 584; x_wconf 91' lang='lat' dir='ltr'><strong>domo</strong></span> <span class='ocrx_word' id='word_1_8' title='bbox 751 516 850 602; x_wconf 86' lang='lat' dir='ltr'><strong>longo</strong></span> <span class='ocrx_word' id='word_1_9' title='bbox 870 517 1044 586; x_wconf 85' lang='lat' dir='ltr'><strong>intervallo</strong></span> <span class='ocrx_word' id='word_1_10' title='bbox 1066 518 1180 586; x_wconf 89' lang='lat' dir='ltr'><strong>dissita</strong></span> <span class='ocrx_word' id='word_1_11' title='bbox 1202 528 1261 588; x_wconf 87' lang='lat' dir='ltr'><strong>est.</strong></span> <span class='ocrx_word' id='word_1_12' title='bbox 1313 543 1449 608; x_wconf 80' lang='lat' dir='ltr'><strong>peregre</strong></span> <span class='ocrx_word' id='word_1_13' title='bbox 1471 545 1546 590; x_wconf 89' lang='lat' dir='ltr'><strong>oum</strong></span> <span class='ocrx_word' id='word_1_14' title='bbox 1573 546 1685 594; x_wconf 83' lang='lat' dir='ltr'><strong>socero</strong></span> <span class='ocrx_word' id='word_1_15' title='bbox 1707 547 1781 593; x_wconf 89' lang='lat' dir='ltr'><strong>sum</strong></span> <span class='ocrx_word' id='word_1_16' title='bbox 1802 527 1981 610; x_wconf 82' lang='lat' dir='ltr'><strong>prolectas,</strong></span> <span class='ocrx_word' id='word_1_17' title='bbox 2008 527 2062 594; x_wconf 92' lang='lat' dir='ltr'><strong>ubi</strong></span> <span class='ocrx_word' id='word_1_18' title='bbox 2090 529 2265 598; x_wconf 86' lang='lat' dir='ltr'><strong>iudicandae</strong></span> 
     </span>
     <span class='ocr_line' id='line_1_3' title="bbox 285 597 2369 698; baseline 0.009 -32"><span class='ocrx_word' id='word_1_19' title='bbox 285 597 444 670; x_wconf 79' lang='lat' dir='ltr'><strong>Salutamt</strong></span> <span class='ocrx_word' id='word_1_20' title='bbox 465 610 498 668; x_wconf 88' lang='lat' dir='ltr'><strong>tc</strong></span> <span class='ocrx_word' id='word_1_21' title='bbox 521 621 634 667; x_wconf 91' lang='lat' dir='ltr'><strong>omnes</strong></span> <span class='ocrx_word' id='word_1_22' title='bbox 662 603 759 670; x_wconf 92' lang='lat' dir='ltr'><strong>amici</strong></span> <span class='ocrx_word' id='word_1_23' title='bbox 787 603 842 686; x_wconf 91' lang='lat' dir='ltr'><strong>qui</strong></span> <span class='ocrx_word' id='word_1_24' title='bbox 870 601 925 670; x_wconf 93' lang='lat' dir='ltr'><strong>hic</strong></span> <span class='ocrx_word' id='word_1_25' title='bbox 945 612 1038 684; x_wconf 92' lang='lat' dir='ltr'><strong>sunt,</strong></span> <span class='ocrx_word' id='word_1_26' title='bbox 1069 607 1262 688; x_wconf 87' lang='lat' dir='ltr'><strong>praesertim</strong></span> <span class='ocrx_word' id='word_1_27' title='bbox 1314 610 1568 694; x_wconf 88' lang='lat' dir='ltr'><strong>uniuscuiusque</strong></span> <span class='ocrx_word' id='word_1_28' title='bbox 1589 611 1639 680; x_wconf 88' lang='lat' dir='ltr'><strong>rei</strong></span> <span class='ocrx_word' id='word_1_29' title='bbox 1666 612 1812 695; x_wconf 87' lang='lat' dir='ltr'><strong>auspicia</strong></span> <span class='ocrx_word' id='word_1_30' title='bbox 1842 613 1949 679; x_wconf 86' lang='lat' dir='ltr'><strong>habet</strong></span> <span class='ocrx_word' id='word_1_31' title='bbox 1995 612 2114 680; x_wconf 83' lang='lat' dir='ltr'><strong>Statim</strong></span> <span class='ocrx_word' id='word_1_32' title='bbox 2135 624 2203 698; x_wconf 89' lang='lat' dir='ltr'><strong>post</strong></span> <span class='ocrx_word' id='word_1_33' title='bbox 2221 639 2266 684; x_wconf 89' lang='lat' dir='ltr'><strong>re-</strong></span> <span class='ocrx_word' id='word_1_34' title='bbox 2368 643 2369 648; x_wconf 46' lang='lat'>¹</span> 
     </span>
     <span class='ocr_line' id='line_1_4' title="bbox 266 682 2266 786; baseline 0.008 -34"><span class='ocrx_word' id='word_1_35' title='bbox 266 682 469 768; x_wconf 62' lang='lat' dir='ltr'><strong>cccmus</strong></span> <span class='ocrx_word' id='word_1_36' title='bbox 491 695 525 754; x_wconf 89' lang='lat' dir='ltr'><strong>et</strong></span> <span class='ocrx_word' id='word_1_37' title='bbox 536 685 727 754; x_wconf 77' lang='lat' dir='ltr'><strong>&#39;Vicrmcecs</strong></span> <span class='ocrx_word' id='word_1_38' title='bbox 738 691 780 774; x_wconf 86' lang='lat'><strong>¹⁰)</strong></span> <span class='ocrx_word' id='word_1_39' title='bbox 798 710 874 755; x_wconf 91' lang='lat' dir='ltr'><strong>oum</strong></span> <span class='ocrx_word' id='word_1_40' title='bbox 892 711 955 773; x_wconf 90' lang='lat' dir='ltr'><strong>quo</strong></span> <span class='ocrx_word' id='word_1_41' title='bbox 973 711 1095 773; x_wconf 74' lang='lat' dir='ltr'><strong>equum</strong></span> <span class='ocrx_word' id='word_1_42' title='bbox 1113 691 1260 760; x_wconf 86' lang='lat' dir='ltr'><strong>ascendo.</strong></span> <span class='ocrx_word' id='word_1_43' title='bbox 1314 693 1418 760; x_wconf 89' lang='lat' dir='ltr'><strong>ditum</strong></span> <span class='ocrx_word' id='word_1_44' title='bbox 1439 697 1589 780; x_wconf 77' lang='lat' dir='ltr'><strong>accepia</strong></span> <span class='ocrx_word' id='word_1_45' title='bbox 1610 699 1764 766; x_wconf 85' lang='lat' dir='ltr'><strong>canonico</strong></span> <span class='ocrx_word' id='word_1_46' title='bbox 1787 705 1820 764; x_wconf 89' lang='lat' dir='ltr'><strong>te</strong></span> <span class='ocrx_word' id='word_1_47' title='bbox 1843 697 2084 786; x_wconf 75' lang='lat' dir='ltr'><strong>Chalioteum2)</strong></span> <span class='ocrx_word' id='word_1_48' title='bbox 2106 723 2181 768; x_wconf 88' lang='lat' dir='ltr'><strong>esse.</strong></span> <span class='ocrx_word' id='word_1_49' title='bbox 2214 703 2266 768; x_wconf 89' lang='lat' dir='ltr'><strong>Ni·</strong></span> 
     </span>
     <span class='ocr_line' id='line_1_5' title="bbox 286 769 2267 869; baseline 0.008 -31"><span class='ocrx_word' id='word_1_50' title='bbox 286 769 406 838; x_wconf 78' lang='lat' dir='ltr'><strong>Saluta</strong></span> <span class='ocrx_word' id='word_1_51' title='bbox 426 781 578 852; x_wconf 88' lang='lat' dir='ltr'><strong>matrem,</strong></span> <span class='ocrx_word' id='word_1_52' title='bbox 596 795 744 855; x_wconf 86' lang='lat' dir='ltr'><strong>uxorem,</strong></span> <span class='ocrx_word' id='word_1_53' title='bbox 763 796 909 841; x_wconf 87' lang='lat' dir='ltr'><strong>sororem</strong></span> <span class='ocrx_word' id='word_1_54' title='bbox 921 773 1136 842; x_wconf 77' lang='lat' dir='ltr'><strong>Franciscam.</strong></span> <span class='ocrx_word' id='word_1_55' title='bbox 1166 777 1260 844; x_wconf 83' lang='lat' dir='ltr'><strong>Vale.</strong></span> <span class='ocrx_word' id='word_1_56' title='bbox 1313 779 1381 846; x_wconf 90' lang='lat' dir='ltr'><strong>hilo</strong></span> <span class='ocrx_word' id='word_1_57' title='bbox 1403 781 1510 848; x_wconf 89' lang='lat' dir='ltr'><strong>secius</strong></span> <span class='ocrx_word' id='word_1_58' title='bbox 1538 793 1648 850; x_wconf 90' lang='lat' dir='ltr'><strong>tamen</strong></span> <span class='ocrx_word' id='word_1_59' title='bbox 1676 784 1717 850; x_wconf 90' lang='lat' dir='ltr'><strong>ad</strong></span> <span class='ocrx_word' id='word_1_60' title='bbox 1740 793 1771 850; x_wconf 90' lang='lat' dir='ltr'><strong>te</strong></span> <span class='ocrx_word' id='word_1_61' title='bbox 1793 785 2012 869; x_wconf 84' lang='lat' dir='ltr'><strong>scripsissem,</strong></span> <span class='ocrx_word' id='word_1_62' title='bbox 2042 786 2099 852; x_wconf 89' lang='lat' dir='ltr'><strong>sed</strong></span> <span class='ocrx_word' id='word_1_63' title='bbox 2123 808 2186 852; x_wconf 92' lang='lat' dir='ltr'><strong>non</strong></span> <span class='ocrx_word' id='word_1_64' title='bbox 2205 797 2267 854; x_wconf 82' lang='lat' dir='ltr'><strong>erat</strong></span> 
     </span>
     <span class='ocr_line' id='line_1_6' title="bbox 284 855 2267 957; baseline 0.007 -33"><span class='ocrx_word' id='word_1_65' title='bbox 284 855 401 924; x_wconf 86' lang='lat' dir='ltr'><strong>Habeo</strong></span> <span class='ocrx_word' id='word_1_66' title='bbox 423 858 536 926; x_wconf 87' lang='lat' dir='ltr'><strong>literas</strong></span> <span class='ocrx_word' id='word_1_67' title='bbox 558 857 726 926; x_wconf 88' lang='lat' dir='ltr'><strong>inchoatas</strong></span> <span class='ocrx_word' id='word_1_68' title='bbox 748 859 789 926; x_wconf 92' lang='lat' dir='ltr'><strong>ad</strong></span> <span class='ocrx_word' id='word_1_69' title='bbox 810 861 1013 946; x_wconf 76' lang='lat' dir='ltr'><strong>canonicum,</strong></span> <span class='ocrx_word' id='word_1_70' title='bbox 1028 863 1070 946; x_wconf 91' lang='lat'><strong>¹¹)</strong></span> <span class='ocrx_word' id='word_1_71' title='bbox 1091 884 1172 946; x_wconf 90' lang='lat' dir='ltr'><strong>quas</strong></span> <span class='ocrx_word' id='word_1_72' title='bbox 1194 871 1261 930; x_wconf 88' lang='lat' dir='ltr'><strong>sta-</strong></span> <span class='ocrx_word' id='word_1_73' title='bbox 1313 866 1449 932; x_wconf 89' lang='lat' dir='ltr'><strong>Parisiis</strong></span> <span class='ocrx_word' id='word_1_74' title='bbox 1477 867 1529 932; x_wconf 91' lang='lat' dir='ltr'><strong>cui</strong></span> <span class='ocrx_word' id='word_1_75' title='bbox 1554 869 1667 934; x_wconf 87' lang='lat' dir='ltr'><strong>literas</strong></span> <span class='ocrx_word' id='word_1_76' title='bbox 1694 870 1736 935; x_wconf 89' lang='lat' dir='ltr'><strong>ad</strong></span> <span class='ocrx_word' id='word_1_77' title='bbox 1763 877 1797 936; x_wconf 92' lang='lat' dir='ltr'><strong>te</strong></span> <span class='ocrx_word' id='word_1_78' title='bbox 1825 869 1946 936; x_wconf 85' lang='lat' dir='ltr'><strong>darem.</strong></span> <span class='ocrx_word' id='word_1_79' title='bbox 1997 872 2048 937; x_wconf 71' lang='lat' dir='ltr'><strong>Tu</strong></span> <span class='ocrx_word' id='word_1_80' title='bbox 2081 872 2175 938; x_wconf 87' lang='lat' dir='ltr'><strong>velim</strong></span> <span class='ocrx_word' id='word_1_81' title='bbox 2200 872 2267 957; x_wconf 90' lang='lat' dir='ltr'><strong>quid</strong></span> 
     </span>
     <span class='ocr_line' id='line_1_7' title="bbox 286 943 2267 1042; baseline 0.007 -32"><span class='ocrx_word' id='word_1_82' title='bbox 286 943 345 1010; x_wconf 79' lang='lat' dir='ltr'><strong>sm</strong></span> <span class='ocrx_word' id='word_1_83' title='bbox 368 965 388 1010; x_wconf 90' lang='lat' dir='ltr'><strong>a</strong></span> <span class='ocrx_word' id='word_1_84' title='bbox 409 943 518 1010; x_wconf 88' lang='lat' dir='ltr'><strong>reditu</strong></span> <span class='ocrx_word' id='word_1_85' title='bbox 539 943 719 1024; x_wconf 80' lang='lat' dir='ltr'><strong>absolvam,</strong></span> <span class='ocrx_word' id='word_1_86' title='bbox 745 952 779 1012; x_wconf 90' lang='lat' dir='ltr'><strong>et</strong></span> <span class='ocrx_word' id='word_1_87' title='bbox 803 947 831 1012; x_wconf 93' lang='lat' dir='ltr'><strong>si</strong></span> <span class='ocrx_word' id='word_1_88' title='bbox 859 945 1009 1030; x_wconf 86' lang='lat' dir='ltr'><strong>quidest</strong></span> <span class='ocrx_word' id='word_1_89' title='bbox 1031 947 1066 1014; x_wconf 90' lang='lat' dir='ltr'><strong>in</strong></span> <span class='ocrx_word' id='word_1_90' title='bbox 1084 969 1177 1014; x_wconf 87' lang='lat' dir='ltr'><strong>mora</strong></span> <span class='ocrx_word' id='word_1_91' title='bbox 1195 949 1260 1016; x_wconf 90' lang='lat' dir='ltr'><strong>dis·</strong></span> <span class='ocrx_word' id='word_1_92' title='bbox 1313 972 1400 1036; x_wconf 84' lang='lat' dir='ltr'><strong>agas,</strong></span> <span class='ocrx_word' id='word_1_93' title='bbox 1423 974 1486 1036; x_wconf 91' lang='lat' dir='ltr'><strong>quo</strong></span> <span class='ocrx_word' id='word_1_94' title='bbox 1509 953 1604 1020; x_wconf 91' lang='lat' dir='ltr'><strong>modo</strong></span> <span class='ocrx_word' id='word_1_95' title='bbox 1625 955 1751 1034; x_wconf 81' lang='lat' dir='ltr'><strong>valeas,</strong></span> <span class='ocrx_word' id='word_1_96' title='bbox 1780 955 1837 1021; x_wconf 93' lang='lat' dir='ltr'><strong>ubi</strong></span> <span class='ocrx_word' id='word_1_97' title='bbox 1860 957 1919 1037; x_wconf 90' lang='lat' dir='ltr'><strong>sis,</strong></span> <span class='ocrx_word' id='word_1_98' title='bbox 1948 955 1989 1022; x_wconf 91' lang='lat' dir='ltr'><strong>ad</strong></span> <span class='ocrx_word' id='word_1_99' title='bbox 2011 979 2185 1042; x_wconf 89' lang='lat' dir='ltr'><strong>nosquam</strong></span> <span class='ocrx_word' id='word_1_100' title='bbox 2209 960 2267 1042; x_wconf 89' lang='lat' dir='ltr'><strong>pri·</strong></span> 
     </span>
     <span class='ocr_line' id='line_1_8' title="bbox 284 1029 2266 1126; baseline 0.009 -33"><span class='ocrx_word' id='word_1_101' title='bbox 284 1029 396 1112; x_wconf 91' lang='lat' dir='ltr'><strong>pendii</strong></span> <span class='ocrx_word' id='word_1_102' title='bbox 417 1029 565 1098; x_wconf 85' lang='lat' dir='ltr'><strong>sarciam.</strong></span> <span class='ocrx_word' id='word_1_103' title='bbox 609 1031 747 1098; x_wconf 84' lang='lat' dir='ltr'><strong>Parisiis</strong></span> <span class='ocrx_word' id='word_1_104' title='bbox 770 1037 788 1098; x_wconf 82' lang='lat'>5</span> <span class='ocrx_word' id='word_1_105' title='bbox 813 1031 946 1098; x_wconf 81' lang='lat' dir='ltr'><strong>Calend.</strong></span> <span class='ocrx_word' id='word_1_106' title='bbox 969 1033 1081 1100; x_wconf 83' lang='lat' dir='ltr'><strong>Iulias</strong></span> <span class='ocrx_word' id='word_1_107' title='bbox 1099 1035 1140 1119; x_wconf 77' lang='lat'><strong>¹²)</strong></span> <span class='ocrx_word' id='word_1_108' title='bbox 1312 1059 1403 1102; x_wconf 90' lang='lat' dir='ltr'><strong>mum</strong></span> <span class='ocrx_word' id='word_1_109' title='bbox 1424 1039 1551 1105; x_wconf 90' lang='lat' dir='ltr'><strong>mittas:</strong></span> <span class='ocrx_word' id='word_1_110' title='bbox 1575 1062 1679 1124; x_wconf 88' lang='lat' dir='ltr'><strong>neque</strong></span> <span class='ocrx_word' id='word_1_111' title='bbox 1696 1042 1898 1108; x_wconf 86' lang='lat' dir='ltr'><strong>committam</strong></span> <span class='ocrx_word' id='word_1_112' title='bbox 1915 1043 2051 1126; x_wconf 89' lang='lat' dir='ltr'><strong>posthac</strong></span> <span class='ocrx_word' id='word_1_113' title='bbox 2067 1051 2105 1108; x_wconf 92' lang='lat' dir='ltr'><strong>ut</strong></span> <span class='ocrx_word' id='word_1_114' title='bbox 2121 1064 2171 1108; x_wconf 90' lang='lat' dir='ltr'><strong>me</strong></span> <span class='ocrx_word' id='word_1_115' title='bbox 2186 1063 2266 1110; x_wconf 89' lang='lat' dir='ltr'><strong>aceu-</strong></span> 
     </span>
    </p>

    <p class='ocr_par' dir='ltr' id='par_1_3' title="bbox 1312 1123 2268 1214">
     <span class='ocr_line' id='line_1_9' title="bbox 1312 1123 2268 1214; baseline 0.008 -27"><span class='ocrx_word' id='word_1_116' title='bbox 1312 1143 1385 1189; x_wconf 88' lang='lat' dir='ltr'><strong>sare</strong></span> <span class='ocrx_word' id='word_1_117' title='bbox 1407 1123 1447 1190; x_wconf 93' lang='lat' dir='ltr'><strong>de</strong></span> <span class='ocrx_word' id='word_1_118' title='bbox 1469 1125 1681 1208; x_wconf 89' lang='lat' dir='ltr'><strong>epistolarum</strong></span> <span class='ocrx_word' id='word_1_119' title='bbox 1699 1127 1901 1212; x_wconf 79' lang='lat' dir='ltr'><strong>negligentia</strong></span> <span class='ocrx_word' id='word_1_120' title='bbox 1918 1129 2032 1214; x_wconf 89' lang='lat' dir='ltr'><strong>possis,</strong></span> <span class='ocrx_word' id='word_1_121' title='bbox 2056 1129 2223 1195; x_wconf 92' lang='lat' dir='ltr'><strong>dummodo</strong></span> <span class='ocrx_word' id='word_1_122' title='bbox 2238 1131 2268 1194; x_wconf 90' lang='lat' dir='ltr'><strong>iu</strong></span> 
     </span>
    </p>

    <p class='ocr_par' dir='ltr' id='par_1_4' title="bbox 1311 1211 2267 1295">
     <span class='ocr_line' id='line_1_10' title="bbox 1311 1211 2267 1295; baseline 0.008 -22"><span class='ocrx_word' id='word_1_123' title='bbox 1311 1215 1404 1274; x_wconf 91' lang='lat' dir='ltr'><strong>tanto</strong></span> <span class='ocrx_word' id='word_1_124' title='bbox 1432 1211 1497 1276; x_wconf 89' lang='lat' dir='ltr'><strong>otio</strong></span> <span class='ocrx_word' id='word_1_125' title='bbox 1510 1213 1538 1292; x_wconf 69' lang='grc' dir='ltr'><strong>Β)</strong></span> <span class='ocrx_word' id='word_1_126' title='bbox 1568 1233 1627 1295; x_wconf 89' lang='lat' dir='ltr'><strong>par</strong></span> <span class='ocrx_word' id='word_1_127' title='bbox 1653 1213 1736 1278; x_wconf 91' lang='lat' dir='ltr'><strong>mihi</strong></span> <span class='ocrx_word' id='word_1_128' title='bbox 1765 1234 1836 1278; x_wconf 90' lang='lat' dir='ltr'><strong>esse</strong></span> <span class='ocrx_word' id='word_1_129' title='bbox 1857 1214 1947 1281; x_wconf 83' lang='lat' dir='ltr'><strong>velia</strong></span> <span class='ocrx_word' id='word_1_130' title='bbox 1992 1215 2085 1281; x_wconf 84' lang='lat' dir='ltr'><strong>Vale.</strong></span> <span class='ocrx_word' id='word_1_131' title='bbox 2128 1215 2267 1282; x_wconf 77' lang='lat' dir='ltr'><strong>Aureliae</strong></span> 
     </span>
    </p>

    <p class='ocr_par' dir='ltr' id='par_1_5' title="bbox 672 1294 1801 1384">
     <span class='ocr_line' id='line_1_11' title="bbox 672 1294 1801 1384; baseline 0.01 -32"><span class='ocrx_word' id='word_1_132' title='bbox 672 1329 873 1336; x_wconf 90' lang='lat'><strong>-——-—</strong></span> <span class='ocrx_word' id='word_1_133' title='bbox 1313 1299 1341 1360; x_wconf 87' lang='grc'><strong>6.</strong></span> <span class='ocrx_word' id='word_1_134' title='bbox 1361 1294 1495 1362; x_wconf 84' lang='lat' dir='ltr'><strong>Oaleud</strong></span> <span class='ocrx_word' id='word_1_135' title='bbox 1517 1297 1649 1364; x_wconf 78' lang='lat' dir='ltr'><strong>Ianuar.</strong></span> <span class='ocrx_word' id='word_1_136' title='bbox 1671 1302 1801 1384; x_wconf 83' lang='lat'><strong>1531.⁴&gt;</strong></span> 
     </span>
    </p>
   </div>
   <div class='ocr_carea' id='block_1_3' title="bbox 755 1560 1900 1630">
    <p class='ocr_par' dir='ltr' id='par_1_6' title="bbox 755 1560 1900 1630">
     <span class='ocr_line' id='line_1_12' title="bbox 755 1560 1900 1630; baseline 0.003 -34"><span class='ocrx_word' id='word_1_137' title='bbox 755 1560 777 1630; x_wconf 69' lang='lat'><strong>⁶</strong></span> <span class='ocrx_word' id='word_1_138' title='bbox 1539 1587 1545 1598; x_wconf 82' lang='grc'><strong>.</strong></span> <span class='ocrx_word' id='word_1_139' title='bbox 1697 1594 1900 1604; x_wconf 81' lang='grc'>-,-,.,.</span> 
     </span>
    </p>
   </div>
   <div class='ocr_carea' id='block_1_4' title="bbox 284 1733 2269 2270">
    <p class='ocr_par' dir='ltr' id='par_1_7' title="bbox 284 1733 2269 2270">
     <span class='ocr_line' id='line_1_13' title="bbox 561 1733 1801 1895; baseline -0.001 -96"><span class='ocrx_word' id='word_1_140' title='bbox 561 1733 739 1802; x_wconf 75' lang='lat' dir='ltr'><strong>DANIEL</strong></span> <span class='ocrx_word' id='word_1_141' title='bbox 763 1733 981 1804; x_wconf 82' lang='lat' dir='ltr'>OALVINO.</span> <span class='ocrx_word' id='word_1_142' title='bbox 1039 1783 1040 1788; x_wconf 18' lang='grc' dir='ltr'>η</span> <span class='ocrx_word' id='word_1_143' title='bbox 1779 1827 1801 1895; x_wconf 61' lang='lat'>⁷</span> 
     </span>
     <span class='ocr_line' id='line_1_14' title="bbox 371 1880 1810 2008; baseline 0.008 -22"><span class='ocrx_word' id='word_1_144' title='bbox 371 1921 513 1987; x_wconf 64' lang='lat' dir='ltr'><strong>nassa</strong></span> <span class='ocrx_word' id='word_1_145' title='bbox 537 1922 720 1988; x_wconf 69' lang='lat' dir='ltr'><strong>stemma</strong></span> <span class='ocrx_word' id='word_1_146' title='bbox 746 1924 920 2004; x_wconf 56' lang='lat' dir='ltr'><strong>cocus</strong></span> <span class='ocrx_word' id='word_1_147' title='bbox 947 1929 1013 1990; x_wconf 77' lang='lat' dir='ltr'><strong>am</strong></span> <span class='ocrx_word' id='word_1_148' title='bbox 1037 1925 1181 2008; x_wconf 68' lang='lat' dir='ltr'><strong>sensae</strong></span> <span class='ocrx_word' id='word_1_149' title='bbox 1208 1946 1259 1993; x_wconf 68' lang='lat' dir='ltr'><strong>aa</strong></span> <span class='ocrx_word' id='word_1_150' title='bbox 1804 1880 1810 1894; x_wconf 48' lang='lat'>⁸</span> 
     </span>
     <span class='ocr_line' id='line_1_15' title="bbox 284 1997 2006 2092; baseline -0.001 -18"><span class='ocrx_word' id='word_1_151' title='bbox 284 2029 370 2090; x_wconf 83' lang='lat' dir='ltr'><strong>ram,</strong></span> <span class='ocrx_word' id='word_1_152' title='bbox 401 2015 467 2074; x_wconf 80' lang='lat' dir='ltr'><strong>tam</strong></span> <span class='ocrx_word' id='word_1_153' title='bbox 495 2007 668 2074; x_wconf 74' lang='lat' dir='ltr'><strong>obsessam</strong></span> <span class='ocrx_word' id='word_1_154' title='bbox 696 2015 892 2092; x_wconf 75' lang='lat' dir='ltr'><strong>praetexens.</strong></span> <span class='ocrx_word' id='word_1_155' title='bbox 943 2010 1064 2077; x_wconf 73' lang='lat' dir='ltr'><strong>Incitat</strong></span> <span class='ocrx_word' id='word_1_156' title='bbox 1094 2011 1260 2078; x_wconf 68' lang='lat' dir='ltr'><strong>dacicum</strong></span> <span class='ocrx_word' id='word_1_157' title='bbox 1580 1997 1758 2064; x_wconf 72' lang='lat' dir='ltr'><strong>DANIED</strong></span> <span class='ocrx_word' id='word_1_158' title='bbox 1781 1997 2006 2066; x_wconf 78' lang='grc' dir='ltr'><strong>ΟΗΕΜΙΝΟ.</strong></span> 
     </span>
     <span class='ocr_line' id='line_1_16' title="bbox 284 2095 1260 2180; baseline 0.004 -20"><span class='ocrx_word' id='word_1_159' title='bbox 284 2095 1260 2180; x_wconf 64' lang='lat' dir='ltr'><strong>dscepiecoposuocommcnddperams&#39;cosaqaoecde-</strong></span> 
     </span>
     <span class='ocr_line' id='line_1_17' title="bbox 284 2180 2269 2270; baseline 0.004 -23"><span class='ocrx_word' id='word_1_160' title='bbox 284 2182 414 2248; x_wconf 64' lang='lat' dir='ltr'><strong>addico</strong></span> <span class='ocrx_word' id='word_1_161' title='bbox 435 2180 547 2262; x_wconf 76' lang='lat' dir='ltr'><strong>aliqua</strong></span> <span class='ocrx_word' id='word_1_162' title='bbox 568 2181 717 2266; x_wconf 71' lang='lat' dir='ltr'><strong>dignitate</strong></span> <span class='ocrx_word' id='word_1_163' title='bbox 738 2186 873 2248; x_wconf 65' lang='lat' dir='ltr'><strong>macter.</strong></span> <span class='ocrx_word' id='word_1_164' title='bbox 1398 2183 1502 2270; x_wconf 73' lang='lat' dir='ltr'><strong>Rogat</strong></span> <span class='ocrx_word' id='word_1_165' title='bbox 1521 2191 1556 2252; x_wconf 80' lang='lat' dir='ltr'><strong>ct</strong></span> <span class='ocrx_word' id='word_1_166' title='bbox 1579 2183 1748 2253; x_wconf 80' lang='lat' dir='ltr'><strong>Calvinum</strong></span> <span class='ocrx_word' id='word_1_167' title='bbox 1767 2185 1887 2269; x_wconf 79' lang='lat' dir='ltr'><strong>scltdet,</strong></span> <span class='ocrx_word' id='word_1_168' title='bbox 1908 2189 1999 2254; x_wconf 79' lang='lat' dir='ltr'><strong>caius</strong></span> <span class='ocrx_word' id='word_1_169' title='bbox 2021 2188 2065 2254; x_wconf 89' lang='lat' dir='ltr'><strong>ud</strong></span> <span class='ocrx_word' id='word_1_170' title='bbox 2084 2189 2187 2270; x_wconf 78' lang='lat' dir='ltr'><strong>ipssem</strong></span> <span class='ocrx_word' id='word_1_171' title='bbox 2205 2187 2269 2254; x_wconf 71' lang='lat' dir='ltr'><strong>cte-</strong></span> 
     </span>
    </p>
   </div>
   <div class='ocr_carea' id='block_1_5' title="bbox 1311 2272 2369 2356">
    <p class='ocr_par' dir='ltr' id='par_1_8' title="bbox 1311 2272 2369 2356">
     <span class='ocr_line' id='line_1_18' title="bbox 1311 2272 2369 2356; baseline 0.004 -21"><span class='ocrx_word' id='word_1_172' title='bbox 1311 2272 1434 2336; x_wconf 78' lang='lat' dir='ltr'><strong>miaum</strong></span> <span class='ocrx_word' id='word_1_173' title='bbox 1456 2272 1564 2338; x_wconf 61' lang='lat' dir='ltr'><strong>mm</strong></span> <span class='ocrx_word' id='word_1_174' title='bbox 1583 2273 1745 2355; x_wconf 65' lang='lat' dir='ltr'><strong>epistolam</strong></span> <span class='ocrx_word' id='word_1_175' title='bbox 1760 2279 1836 2356; x_wconf 80' lang='lat' dir='ltr'><strong>post</strong></span> <span class='ocrx_word' id='word_1_176' title='bbox 1856 2273 1953 2340; x_wconf 78' lang='lat' dir='ltr'><strong>huius</strong></span> <span class='ocrx_word' id='word_1_177' title='bbox 1974 2275 2146 2340; x_wconf 72' lang='lat' dir='ltr'><strong>discessum</strong></span> <span class='ocrx_word' id='word_1_178' title='bbox 2166 2273 2270 2341; x_wconf 73' lang='lat' dir='ltr'><strong>addc·</strong></span> <span class='ocrx_word' id='word_1_179' title='bbox 2368 2287 2369 2292; x_wconf 76' lang='grc'>’</span> 
     </span>
    </p>
   </div>
   <div class='ocr_carea' id='block_1_6' title="bbox 285 2357 2270 2531">
    <p class='ocr_par' dir='ltr' id='par_1_9' title="bbox 285 2357 2270 2531">
     <span class='ocr_line' id='line_1_19' title="bbox 285 2357 2270 2444; baseline 0 -20"><span class='ocrx_word' id='word_1_180' title='bbox 285 2369 341 2440; x_wconf 76' lang='lat' dir='ltr'><strong>(ux</strong></span> <span class='ocrx_word' id='word_1_181' title='bbox 358 2368 514 2440; x_wconf 73' lang='lat' dir='ltr'><strong>apographo</strong></span> <span class='ocrx_word' id='word_1_182' title='bbox 531 2369 608 2422; x_wconf 77' lang='lat' dir='ltr'><strong>Petri</strong></span> <span class='ocrx_word' id='word_1_183' title='bbox 625 2369 753 2424; x_wconf 75' lang='lat' dir='ltr'><strong>Danielis.</strong></span> <span class='ocrx_word' id='word_1_184' title='bbox 789 2369 860 2424; x_wconf 83' lang='lat' dir='ltr'><strong>Bibl.</strong></span> <span class='ocrx_word' id='word_1_185' title='bbox 880 2369 964 2424; x_wconf 81' lang='lat' dir='ltr'><strong>Rern.</strong></span> <span class='ocrx_word' id='word_1_186' title='bbox 983 2369 1048 2426; x_wconf 75' lang='lat' dir='ltr'><strong>Ood</strong></span> <span class='ocrx_word' id='word_1_187' title='bbox 1065 2369 1189 2439; x_wconf 76' lang='lat' dir='ltr'><strong>450,t01.</strong></span> <span class='ocrx_word' id='word_1_188' title='bbox 1210 2371 1259 2426; x_wconf 74' lang='lat' dir='ltr'><strong>lat</strong></span> <span class='ocrx_word' id='word_1_189' title='bbox 1311 2357 1390 2423; x_wconf 81' lang='lat' dir='ltr'><strong>rde&#39;c</strong></span> <span class='ocrx_word' id='word_1_190' title='bbox 1413 2357 1545 2423; x_wconf 75' lang='lat' dir='ltr'><strong>allatam</strong></span> <span class='ocrx_word' id='word_1_191' title='bbox 1566 2359 1684 2425; x_wconf 73' lang='lat' dir='ltr'><strong>latmo</strong></span> <span class='ocrx_word' id='word_1_192' title='bbox 1704 2361 1870 2441; x_wconf 79' lang='lat' dir='ltr'><strong>reserarit,</strong></span> <span class='ocrx_word' id='word_1_193' title='bbox 1897 2380 1994 2442; x_wconf 78' lang='lat' dir='ltr'><strong>coque</strong></span> <span class='ocrx_word' id='word_1_194' title='bbox 2010 2361 2148 2444; x_wconf 79' lang='lat' dir='ltr'><strong>perlecto</strong></span> <span class='ocrx_word' id='word_1_195' title='bbox 2167 2362 2270 2425; x_wconf 70' lang='lat' dir='ltr'><strong>iosus</strong></span> 
     </span>
     <span class='ocr_line' id='line_1_20' title="bbox 535 2437 2269 2531; baseline 0.001 -22"><span class='ocrx_word' id='word_1_196' title='bbox 535 2453 675 2492; x_wconf 62' lang='grc'><strong>101110·-</strong></span> <span class='ocrx_word' id='word_1_197' title='bbox 692 2439 867 2509; x_wconf 78' lang='lat' dir='ltr'><strong>Herninjsrd</strong></span> <span class='ocrx_word' id='word_1_198' title='bbox 884 2438 920 2493; x_wconf 83' lang='grc' dir='ltr'><strong>Π·</strong></span> <span class='ocrx_word' id='word_1_199' title='bbox 936 2437 1010 2506; x_wconf 63' lang='grc'><strong>3831</strong></span> <span class='ocrx_word' id='word_1_200' title='bbox 1310 2447 1370 2510; x_wconf 80' lang='lat' dir='ltr'><strong>tem</strong></span> <span class='ocrx_word' id='word_1_201' title='bbox 1391 2445 1563 2510; x_wconf 78' lang='lat' dir='ltr'><strong>commanis</strong></span> <span class='ocrx_word' id='word_1_202' title='bbox 1581 2445 1678 2512; x_wconf 71' lang='lat' dir='ltr'><strong>amici</strong></span> <span class='ocrx_word' id='word_1_203' title='bbox 1700 2445 1863 2512; x_wconf 74' lang='lat' dir='ltr'><strong>advertam</strong></span> <span class='ocrx_word' id='word_1_204' title='bbox 1886 2465 2000 2531; x_wconf 74' lang='lat' dir='ltr'><strong>magno</strong></span> <span class='ocrx_word' id='word_1_205' title='bbox 2021 2465 2093 2512; x_wconf 70' lang='lat' dir='ltr'><strong>dem</strong></span> <span class='ocrx_word' id='word_1_206' title='bbox 2111 2447 2222 2531; x_wconf 82' lang='lat' dir='ltr'><strong>qacdic</strong></span> <span class='ocrx_word' id='word_1_207' title='bbox 2241 2465 2269 2512; x_wconf 88' lang='lat' dir='ltr'><strong>sc</strong></span> 
     </span>
    </p>
   </div>
   <div class='ocr_carea' id='block_1_7' title="bbox 1311 2528 1617 2596">
    <p class='ocr_par' dir='ltr' id='par_1_10' title="bbox 1311 2528 1617 2596">
     <span class='ocr_line' id='line_1_21' title="bbox 1311 2528 1617 2596; baseline 0.003 -1"><span class='ocrx_word' id='word_1_208' title='bbox 1311 2528 1459 2596; x_wconf 75' lang='lat' dir='ltr'><strong>didicisse</strong></span> <span class='ocrx_word' id='word_1_209' title='bbox 1480 2534 1617 2596; x_wconf 79' lang='lat' dir='ltr'><strong>testetur.</strong></span> 
     </span>
    </p>
   </div>
   <div class='ocr_carea' id='block_1_8' title="bbox 453 2643 2267 2788">
    <p class='ocr_par' dir='ltr' id='par_1_11' title="bbox 453 2643 2267 2788">
     <span class='ocr_line' id='line_1_22' title="bbox 453 2643 1880 2732; baseline 0.002 -21"><span class='ocrx_word' id='word_1_210' title='bbox 453 2645 651 2712; x_wconf 80' lang='lat' dir='ltr'><strong>Francisous</strong></span> <span class='ocrx_word' id='word_1_211' title='bbox 672 2643 794 2712; x_wconf 79' lang='lat' dir='ltr'><strong>Daniel</strong></span> <span class='ocrx_word' id='word_1_212' title='bbox 814 2645 861 2711; x_wconf 93' lang='lat' dir='ltr'><strong>Io.</strong></span> <span class='ocrx_word' id='word_1_213' title='bbox 885 2643 1024 2712; x_wconf 80' lang='lat' dir='ltr'><strong>Calvino</strong></span> <span class='ocrx_word' id='word_1_214' title='bbox 1046 2643 1082 2712; x_wconf 84' lang='lat' dir='ltr'><strong>S.</strong></span> <span class='ocrx_word' id='word_1_215' title='bbox 1648 2717 1653 2730; x_wconf 36' lang='lat'>¹</span> <span class='ocrx_word' id='word_1_216' title='bbox 1741 2718 1746 2731; x_wconf 63' lang='grc'>,</span> <span class='ocrx_word' id='word_1_217' title='bbox 1777 2719 1784 2732; x_wconf 56' lang='lat'>‚</span> <span class='ocrx_word' id='word_1_218' title='bbox 1874 2719 1880 2732; x_wconf 59' lang='grc'><strong>,</strong></span> 
     </span>
     <span class='ocr_line' id='line_1_23' title="bbox 1313 2716 2267 2788; baseline 0.001 -18"><span class='ocrx_word' id='word_1_219' title='bbox 1313 2716 1369 2783; x_wconf 80' lang='lat' dir='ltr'><strong>(Ex</strong></span> <span class='ocrx_word' id='word_1_220' title='bbox 1398 2717 1554 2788; x_wconf 83' lang='lat' dir='ltr'><strong>apographo</strong></span> <span class='ocrx_word' id='word_1_221' title='bbox 1578 2717 1655 2773; x_wconf 77' lang='lat' dir='ltr'><strong>Petri</strong></span> <span class='ocrx_word' id='word_1_222' title='bbox 1678 2718 1807 2773; x_wconf 76' lang='lat' dir='ltr'><strong>Damalis.</strong></span> <span class='ocrx_word' id='word_1_223' title='bbox 1847 2719 1920 2773; x_wconf 84' lang='lat' dir='ltr'><strong>Brbl.</strong></span> <span class='ocrx_word' id='word_1_224' title='bbox 1949 2719 2032 2773; x_wconf 87' lang='lat' dir='ltr'><strong>Bern.</strong></span> <span class='ocrx_word' id='word_1_225' title='bbox 2057 2719 2123 2774; x_wconf 80' lang='lat' dir='ltr'><strong>Ood</strong></span> <span class='ocrx_word' id='word_1_226' title='bbox 2146 2717 2207 2786; x_wconf 79' lang='lat' dir='ltr'><strong>tto,</strong></span> <span class='ocrx_word' id='word_1_227' title='bbox 2229 2717 2267 2772; x_wconf 82' lang='lat' dir='ltr'><strong>tol</strong></span> 
     </span>
    </p>
   </div>
   <div class='ocr_carea' id='block_1_9' title="bbox 282 2779 2271 5337">
    <p class='ocr_par' dir='ltr' id='par_1_12' title="bbox 282 2779 2271 4072">
     <span class='ocr_line' id='line_1_24' title="bbox 370 2779 1883 2866; baseline 0.005 -18"><span class='ocrx_word' id='word_1_228' title='bbox 370 2779 409 2848; x_wconf 81' lang='lat' dir='ltr'><strong>Si</strong></span> <span class='ocrx_word' id='word_1_229' title='bbox 430 2779 515 2866; x_wconf 92' lang='lat' dir='ltr'><strong>quod</strong></span> <span class='ocrx_word' id='word_1_230' title='bbox 542 2781 602 2848; x_wconf 91' lang='lat' dir='ltr'><strong>tibi</strong></span> <span class='ocrx_word' id='word_1_231' title='bbox 632 2779 791 2848; x_wconf 89' lang='lat' dir='ltr'><strong>decedens</strong></span> <span class='ocrx_word' id='word_1_232' title='bbox 825 2781 988 2865; x_wconf 88' lang='lat' dir='ltr'><strong>pollicitus</strong></span> <span class='ocrx_word' id='word_1_233' title='bbox 1016 2801 1090 2848; x_wconf 88' lang='lat' dir='ltr'><strong>aum</strong></span> <span class='ocrx_word' id='word_1_234' title='bbox 1117 2783 1259 2852; x_wconf 86' lang='lat' dir='ltr'><strong>tardius·</strong></span> <span class='ocrx_word' id='word_1_235' title='bbox 1713 2785 1764 2840; x_wconf 70' lang='lat'><strong>12⁷</strong></span> <span class='ocrx_word' id='word_1_236' title='bbox 1781 2791 1883 2855; x_wconf 79' lang='lat' dir='ltr'><strong>verso.)</strong></span> 
     </span>
     <span class='ocr_line' id='line_1_25' title="bbox 283 2867 1259 2954; baseline 0.002 -19"><span class='ocrx_word' id='word_1_237' title='bbox 283 2867 356 2935; x_wconf 89' lang='lat' dir='ltr'><strong>culs</strong></span> <span class='ocrx_word' id='word_1_238' title='bbox 384 2889 483 2950; x_wconf 87' lang='lat' dir='ltr'><strong>quam</strong></span> <span class='ocrx_word' id='word_1_239' title='bbox 540 2887 578 2931; x_wconf 90' lang='lat' dir='ltr'><strong>ar</strong></span> <span class='ocrx_word' id='word_1_240' title='bbox 606 2867 650 2932; x_wconf 90' lang='lat' dir='ltr'><strong>sit</strong></span> <span class='ocrx_word' id='word_1_241' title='bbox 670 2886 846 2950; x_wconf 86' lang='lat' dir='ltr'><strong>exsequor,</strong></span> <span class='ocrx_word' id='word_1_242' title='bbox 873 2868 1012 2934; x_wconf 78' lang='lat' dir='ltr'><strong>forsitan</strong></span> <span class='ocrx_word' id='word_1_243' title='bbox 1038 2869 1259 2954; x_wconf 85' lang='lat' dir='ltr'><strong>negligentiae</strong></span> 
     </span>
     <span class='ocr_line' id='line_1_26' title="bbox 283 2888 1259 3038; baseline 0 -16"><span class='ocrx_word' id='word_1_244' title='bbox 283 2953 338 3022; x_wconf 88' lang='lat' dir='ltr'><strong>vel</strong></span> <span class='ocrx_word' id='word_1_245' title='bbox 358 2888 607 3038; x_wconf 69' lang='lat' dir='ltr'><strong>ingratitudinis</strong></span> <span class='ocrx_word' id='word_1_246' title='bbox 627 2961 798 3036; x_wconf 88' lang='lat' dir='ltr'><strong>suspectus</strong></span> <span class='ocrx_word' id='word_1_247' title='bbox 820 2952 880 3018; x_wconf 91' lang='lat' dir='ltr'><strong>tibi</strong></span> <span class='ocrx_word' id='word_1_248' title='bbox 901 2975 993 3034; x_wconf 90' lang='lat' dir='ltr'><strong>sum,</strong></span> <span class='ocrx_word' id='word_1_249' title='bbox 1021 2955 1125 3020; x_wconf 88' lang='lat' dir='ltr'><strong>veluti</strong></span> <span class='ocrx_word' id='word_1_250' title='bbox 1144 2957 1259 3022; x_wconf 91' lang='lat' dir='ltr'><strong>imme-</strong></span> 
     </span>
     <span class='ocr_line' id='line_1_27' title="bbox 282 3039 1260 3121; baseline 0.004 -17"><span class='ocrx_word' id='word_1_251' title='bbox 282 3060 356 3104; x_wconf 92' lang='lat' dir='ltr'><strong>mor</strong></span> <span class='ocrx_word' id='word_1_252' title='bbox 377 3041 427 3104; x_wconf 89' lang='lat' dir='ltr'><strong>tui</strong></span> <span class='ocrx_word' id='word_1_253' title='bbox 447 3047 642 3121; x_wconf 88' lang='lat' dir='ltr'><strong>nostraeque</strong></span> <span class='ocrx_word' id='word_1_254' title='bbox 670 3045 805 3105; x_wconf 89' lang='lat' dir='ltr'><strong>mutuae</strong></span> <span class='ocrx_word' id='word_1_255' title='bbox 830 3039 921 3106; x_wconf 89' lang='lat' dir='ltr'><strong>illius</strong></span> <span class='ocrx_word' id='word_1_256' title='bbox 949 3048 983 3105; x_wconf 90' lang='lat' dir='ltr'><strong>et</strong></span> <span class='ocrx_word' id='word_1_257' title='bbox 1005 3041 1125 3108; x_wconf 81' lang='lat' dir='ltr'><strong>veteris</strong></span> <span class='ocrx_word' id='word_1_258' title='bbox 1147 3044 1260 3110; x_wconf 90' lang='lat' dir='ltr'><strong>amici-</strong></span> 
     </span>
     <span class='ocr_line' id='line_1_28' title="bbox 283 3123 2270 3214; baseline 0.001 -24"><span class='ocrx_word' id='word_1_259' title='bbox 283 3126 352 3190; x_wconf 85' lang='lat' dir='ltr'><strong>tiae</strong></span> <span class='ocrx_word' id='word_1_260' title='bbox 372 3123 527 3191; x_wconf 81' lang='lat' dir='ltr'><strong>desertor.</strong></span> <span class='ocrx_word' id='word_1_261' title='bbox 572 3125 700 3190; x_wconf 87' lang='lat' dir='ltr'><strong>Verum</strong></span> <span class='ocrx_word' id='word_1_262' title='bbox 727 3126 912 3210; x_wconf 76' lang='lat' dir='ltr'><strong>suspicione</strong></span> <span class='ocrx_word' id='word_1_263' title='bbox 938 3126 1001 3192; x_wconf 91' lang='lat' dir='ltr'><strong>hac</strong></span> <span class='ocrx_word' id='word_1_264' title='bbox 1029 3127 1124 3193; x_wconf 84' lang='lat' dir='ltr'><strong>facile</strong></span> <span class='ocrx_word' id='word_1_265' title='bbox 1144 3150 1198 3195; x_wconf 91' lang='lat' dir='ltr'><strong>me</strong></span> <span class='ocrx_word' id='word_1_266' title='bbox 1219 3130 1260 3195; x_wconf 90' lang='lat' dir='ltr'><strong>li-</strong></span> <span class='ocrx_word' id='word_1_267' title='bbox 1398 3127 1510 3210; x_wconf 79' lang='lat' dir='ltr'><strong>Quum</strong></span> <span class='ocrx_word' id='word_1_268' title='bbox 1530 3149 1584 3195; x_wconf 92' lang='lat' dir='ltr'><strong>me</strong></span> <span class='ocrx_word' id='word_1_269' title='bbox 1605 3151 1706 3214; x_wconf 85' lang='lat' dir='ltr'><strong>prope</strong></span> <span class='ocrx_word' id='word_1_270' title='bbox 1724 3129 1907 3196; x_wconf 88' lang='lat' dir='ltr'><strong>incredibili</strong></span> <span class='ocrx_word' id='word_1_271' title='bbox 1921 3129 2063 3213; x_wconf 90' lang='lat' dir='ltr'><strong>quadam</strong></span> <span class='ocrx_word' id='word_1_272' title='bbox 2081 3129 2270 3196; x_wconf 84' lang='lat' dir='ltr'><strong>humanitate</strong></span> 
     </span>
     <span class='ocr_line' id='line_1_29' title="bbox 283 3211 2270 3301; baseline 0.001 -24"><span class='ocrx_word' id='word_1_273' title='bbox 283 3211 435 3278; x_wconf 85' lang='lat' dir='ltr'><strong>beratum</strong></span> <span class='ocrx_word' id='word_1_274' title='bbox 455 3212 498 3276; x_wconf 89' lang='lat' dir='ltr'><strong>iri</strong></span> <span class='ocrx_word' id='word_1_275' title='bbox 519 3231 630 3294; x_wconf 90' lang='lat' dir='ltr'><strong>spero,</strong></span> <span class='ocrx_word' id='word_1_276' title='bbox 659 3211 688 3276; x_wconf 91' lang='lat' dir='ltr'><strong>si</strong></span> <span class='ocrx_word' id='word_1_277' title='bbox 715 3231 769 3276; x_wconf 89' lang='lat' dir='ltr'><strong>me</strong></span> <span class='ocrx_word' id='word_1_278' title='bbox 796 3213 909 3296; x_wconf 88' lang='lat' dir='ltr'><strong>paucis</strong></span> <span class='ocrx_word' id='word_1_279' title='bbox 936 3211 1088 3279; x_wconf 89' lang='lat' dir='ltr'><strong>audieris.</strong></span> <span class='ocrx_word' id='word_1_280' title='bbox 1133 3215 1260 3280; x_wconf 83' lang='lat' dir='ltr'><strong>Eorum</strong></span> <span class='ocrx_word' id='word_1_281' title='bbox 1313 3221 1387 3294; x_wconf 89' lang='lat' dir='ltr'><strong>tua,</strong></span> <span class='ocrx_word' id='word_1_282' title='bbox 1416 3215 1632 3298; x_wconf 85' lang='lat' dir='ltr'><strong>maximisque</strong></span> <span class='ocrx_word' id='word_1_283' title='bbox 1653 3216 1819 3283; x_wconf 87' lang='lat' dir='ltr'><strong>benefieiis</strong></span> <span class='ocrx_word' id='word_1_284' title='bbox 1846 3215 1951 3282; x_wconf 86' lang='lat' dir='ltr'><strong>veluti</strong></span> <span class='ocrx_word' id='word_1_285' title='bbox 1980 3216 2112 3283; x_wconf 89' lang='lat' dir='ltr'><strong>sarcina</strong></span> <span class='ocrx_word' id='word_1_286' title='bbox 2137 3215 2270 3301; x_wconf 83' lang='lat' dir='ltr'><strong>graviore</strong></span> 
     </span>
     <span class='ocr_line' id='line_1_30' title="bbox 284 3295 2271 3386; baseline 0.001 -24"><span class='ocrx_word' id='word_1_287' title='bbox 284 3317 369 3382; x_wconf 88' lang='lat' dir='ltr'><strong>quae</strong></span> <span class='ocrx_word' id='word_1_288' title='bbox 393 3297 454 3363; x_wconf 92' lang='lat' dir='ltr'><strong>tibi</strong></span> <span class='ocrx_word' id='word_1_289' title='bbox 482 3317 592 3364; x_wconf 89' lang='lat' dir='ltr'><strong>coram</strong></span> <span class='ocrx_word' id='word_1_290' title='bbox 619 3295 689 3362; x_wconf 85' lang='lat' dir='ltr'><strong>dixi</strong></span> <span class='ocrx_word' id='word_1_291' title='bbox 715 3299 912 3364; x_wconf 86' lang='lat' dir='ltr'><strong>memineris.</strong></span> <span class='ocrx_word' id='word_1_292' title='bbox 963 3299 1062 3364; x_wconf 89' lang='lat' dir='ltr'><strong>Nunc</strong></span> <span class='ocrx_word' id='word_1_293' title='bbox 1089 3303 1178 3367; x_wconf 90' lang='lat' dir='ltr'><strong>totus</strong></span> <span class='ocrx_word' id='word_1_294' title='bbox 1199 3300 1260 3366; x_wconf 91' lang='lat' dir='ltr'><strong>tibi</strong></span> <span class='ocrx_word' id='word_1_295' title='bbox 1312 3301 1468 3381; x_wconf 86' lang='lat' dir='ltr'><strong>obrueris,</strong></span> <span class='ocrx_word' id='word_1_296' title='bbox 1491 3301 1685 3386; x_wconf 88' lang='lat' dir='ltr'><strong>nullumque</strong></span> <span class='ocrx_word' id='word_1_297' title='bbox 1707 3301 1815 3366; x_wconf 90' lang='lat' dir='ltr'><strong>adhuc</strong></span> <span class='ocrx_word' id='word_1_298' title='bbox 1836 3322 1947 3366; x_wconf 89' lang='lat' dir='ltr'><strong>meum</strong></span> <span class='ocrx_word' id='word_1_299' title='bbox 1964 3303 1999 3367; x_wconf 90' lang='lat' dir='ltr'><strong>in</strong></span> <span class='ocrx_word' id='word_1_300' title='bbox 2017 3309 2051 3368; x_wconf 85' lang='lat' dir='ltr'><strong>te</strong></span> <span class='ocrx_word' id='word_1_301' title='bbox 2068 3304 2209 3368; x_wconf 88' lang='lat' dir='ltr'><strong>officium</strong></span> <span class='ocrx_word' id='word_1_302' title='bbox 2223 3322 2271 3364; x_wconf 87' lang='lat' dir='ltr'><strong>ex·</strong></span> 
     </span>
     <span class='ocr_line' id='line_1_31' title="bbox 284 3381 2271 3472; baseline 0.001 -22"><span class='ocrx_word' id='word_1_303' title='bbox 284 3403 368 3450; x_wconf 91' lang='lat' dir='ltr'><strong>sum.</strong></span> <span class='ocrx_word' id='word_1_304' title='bbox 402 3381 572 3468; x_wconf 80' lang='lat' dir='ltr'><strong>Siquidem</strong></span> <span class='ocrx_word' id='word_1_305' title='bbox 589 3404 610 3448; x_wconf 91' lang='lat' dir='ltr'><strong>a</strong></span> <span class='ocrx_word' id='word_1_306' title='bbox 627 3381 797 3450; x_wconf 89' lang='lat' dir='ltr'><strong>duodecim</strong></span> <span class='ocrx_word' id='word_1_307' title='bbox 816 3383 929 3450; x_wconf 88' lang='lat' dir='ltr'><strong>diebus</strong></span> <span class='ocrx_word' id='word_1_308' title='bbox 947 3391 1006 3448; x_wconf 90' lang='lat' dir='ltr'><strong>aut</strong></span> <span class='ocrx_word' id='word_1_309' title='bbox 1022 3385 1151 3451; x_wconf 88' lang='lat' dir='ltr'><strong>circiter</strong></span> <span class='ocrx_word' id='word_1_310' title='bbox 1172 3388 1260 3470; x_wconf 91' lang='lat' dir='ltr'><strong>apud</strong></span> <span class='ocrx_word' id='word_1_311' title='bbox 1312 3393 1428 3467; x_wconf 88' lang='lat' dir='ltr'><strong>staret,</strong></span> <span class='ocrx_word' id='word_1_312' title='bbox 1463 3386 1645 3472; x_wconf 83' lang='lat' dir='ltr'><strong>gaudebam</strong></span> <span class='ocrx_word' id='word_1_313' title='bbox 1675 3387 1842 3472; x_wconf 91' lang='lat' dir='ltr'><strong>impendio</strong></span> <span class='ocrx_word' id='word_1_314' title='bbox 1873 3387 1928 3454; x_wconf 82' lang='lat' dir='ltr'><strong>vel</strong></span> <span class='ocrx_word' id='word_1_315' title='bbox 1960 3388 2097 3454; x_wconf 86' lang='lat' dir='ltr'><strong>tandem</strong></span> <span class='ocrx_word' id='word_1_316' title='bbox 2129 3388 2271 3454; x_wconf 87' lang='lat' dir='ltr'><strong>obiectam</strong></span> 
     </span>
     <span class='ocr_line' id='line_1_32' title="bbox 283 3468 2270 3558; baseline 0 -22"><span class='ocrx_word' id='word_1_317' title='bbox 283 3477 426 3536; x_wconf 89' lang='lat' dir='ltr'><strong>matrem</strong></span> <span class='ocrx_word' id='word_1_318' title='bbox 446 3469 567 3548; x_wconf 89' lang='lat' dir='ltr'><strong>habito,</strong></span> <span class='ocrx_word' id='word_1_319' title='bbox 590 3468 734 3534; x_wconf 86' lang='lat' dir='ltr'><strong>familiae</strong></span> <span class='ocrx_word' id='word_1_320' title='bbox 752 3489 865 3535; x_wconf 88' lang='lat' dir='ltr'><strong>curam</strong></span> <span class='ocrx_word' id='word_1_321' title='bbox 886 3491 1014 3555; x_wconf 86' lang='lat' dir='ltr'><strong>gerens,</strong></span> <span class='ocrx_word' id='word_1_322' title='bbox 1037 3470 1094 3536; x_wconf 92' lang='lat' dir='ltr'><strong>ubi</strong></span> <span class='ocrx_word' id='word_1_323' title='bbox 1111 3493 1153 3538; x_wconf 89' lang='lat' dir='ltr'><strong>ex</strong></span> <span class='ocrx_word' id='word_1_324' title='bbox 1171 3481 1260 3539; x_wconf 90' lang='lat' dir='ltr'><strong>statu</strong></span> <span class='ocrx_word' id='word_1_325' title='bbox 1311 3473 1395 3537; x_wconf 89' lang='lat' dir='ltr'><strong>mihi</strong></span> <span class='ocrx_word' id='word_1_326' title='bbox 1417 3472 1673 3556; x_wconf 73' lang='lat' dir='ltr'><strong>qualemcunque</strong></span> <span class='ocrx_word' id='word_1_327' title='bbox 1693 3473 1980 3557; x_wconf 88' lang='lat' dir='ltr'><strong>opportunitatem,</strong></span> <span class='ocrx_word' id='word_1_328' title='bbox 2010 3495 2075 3556; x_wconf 90' lang='lat' dir='ltr'><strong>qua</strong></span> <span class='ocrx_word' id='word_1_329' title='bbox 2096 3471 2270 3558; x_wconf 88' lang='lat' dir='ltr'><strong>possem,si</strong></span> 
     </span>
     <span class='ocr_line' id='line_1_33' title="bbox 283 3554 2270 3645; baseline 0.001 -24"><span class='ocrx_word' id='word_1_330' title='bbox 283 3555 387 3622; x_wconf 86' lang='lat' dir='ltr'><strong>libero</strong></span> <span class='ocrx_word' id='word_1_331' title='bbox 407 3556 540 3620; x_wconf 90' lang='lat' dir='ltr'><strong>iamiam</strong></span> <span class='ocrx_word' id='word_1_332' title='bbox 566 3554 650 3620; x_wconf 91' lang='lat' dir='ltr'><strong>liber</strong></span> <span class='ocrx_word' id='word_1_333' title='bbox 676 3555 781 3620; x_wconf 87' lang='lat' dir='ltr'><strong>factus</strong></span> <span class='ocrx_word' id='word_1_334' title='bbox 801 3577 883 3622; x_wconf 92' lang='lat' dir='ltr'><strong>sum.</strong></span> <span class='ocrx_word' id='word_1_335' title='bbox 934 3556 987 3622; x_wconf 93' lang='lat' dir='ltr'><strong>De</strong></span> <span class='ocrx_word' id='word_1_336' title='bbox 1014 3556 1110 3623; x_wconf 88' lang='lat' dir='ltr'><strong>rebus</strong></span> <span class='ocrx_word' id='word_1_337' title='bbox 1138 3560 1259 3625; x_wconf 90' lang='lat' dir='ltr'><strong>nostris</strong></span> <span class='ocrx_word' id='word_1_338' title='bbox 1312 3579 1378 3624; x_wconf 90' lang='lat' dir='ltr'><strong>non</strong></span> <span class='ocrx_word' id='word_1_339' title='bbox 1405 3559 1542 3640; x_wconf 83' lang='lat' dir='ltr'><strong>reterre,</strong></span> <span class='ocrx_word' id='word_1_340' title='bbox 1569 3567 1657 3624; x_wconf 88' lang='lat' dir='ltr'><strong>certe</strong></span> <span class='ocrx_word' id='word_1_341' title='bbox 1685 3579 1882 3643; x_wconf 88' lang='lat' dir='ltr'><strong>propensam</strong></span> <span class='ocrx_word' id='word_1_342' title='bbox 1930 3567 2157 3645; x_wconf 89' lang='lat' dir='ltr'><strong>romptamque</strong></span> <span class='ocrx_word' id='word_1_343' title='bbox 2182 3555 2270 3623; x_wconf 88' lang='lat' dir='ltr'><strong>animi</strong></span> 
     </span>
     <span class='ocr_line' id='line_1_34' title="bbox 283 3581 2269 3728; baseline 0.001 -22"><span class='ocrx_word' id='word_1_344' title='bbox 283 3641 362 3726; x_wconf 89' lang='lat' dir='ltr'><strong>quid</strong></span> <span class='ocrx_word' id='word_1_345' title='bbox 389 3641 432 3707; x_wconf 91' lang='lat' dir='ltr'><strong>ad</strong></span> <span class='ocrx_word' id='word_1_346' title='bbox 460 3647 494 3706; x_wconf 88' lang='lat' dir='ltr'><strong>te</strong></span> <span class='ocrx_word' id='word_1_347' title='bbox 523 3640 664 3707; x_wconf 86' lang='lat' dir='ltr'><strong>scribam</strong></span> <span class='ocrx_word' id='word_1_348' title='bbox 690 3639 775 3706; x_wconf 91' lang='lat' dir='ltr'><strong>nihil</strong></span> <span class='ocrx_word' id='word_1_349' title='bbox 802 3648 890 3707; x_wconf 88' lang='lat' dir='ltr'><strong>certe</strong></span> <span class='ocrx_word' id='word_1_350' title='bbox 921 3641 1034 3708; x_wconf 89' lang='lat' dir='ltr'><strong>habeo.</strong></span> <span class='ocrx_word' id='word_1_351' title='bbox 1091 3642 1165 3711; x_wconf 82' lang='lat' dir='ltr'><strong>Scis</strong></span> <span class='ocrx_word' id='word_1_352' title='bbox 1198 3665 1260 3712; x_wconf 91' lang='lat' dir='ltr'><strong>nos</strong></span> <span class='ocrx_word' id='word_1_353' title='bbox 1311 3644 1514 3710; x_wconf 85' lang='lat' dir='ltr'><strong>voluntatem</strong></span> <span class='ocrx_word' id='word_1_354' title='bbox 1536 3645 1624 3728; x_wconf 92' lang='lat' dir='ltr'><strong>quali</strong></span> <span class='ocrx_word' id='word_1_355' title='bbox 1645 3645 1782 3711; x_wconf 86' lang='lat' dir='ltr'><strong>officiolo</strong></span> <span class='ocrx_word' id='word_1_356' title='bbox 1803 3665 1876 3710; x_wconf 87' lang='lat' dir='ltr'><strong>meo</strong></span> <span class='ocrx_word' id='word_1_357' title='bbox 1897 3581 2073 3712; x_wconf 72' lang='lat' dir='ltr'><strong>declarare.</strong></span> <span class='ocrx_word' id='word_1_358' title='bbox 2107 3647 2201 3711; x_wconf 89' lang='lat' dir='ltr'><strong>Nunc</strong></span> <span class='ocrx_word' id='word_1_359' title='bbox 2221 3661 2269 3708; x_wconf 88' lang='lat' dir='ltr'><strong>au·</strong></span> 
     </span>
     <span class='ocr_line' id='line_1_35' title="bbox 283 3727 2270 3816; baseline -0.001 -23"><span class='ocrx_word' id='word_1_360' title='bbox 283 3728 471 3812; x_wconf 81' lang='lat' dir='ltr'><strong>episcopum</strong></span> <span class='ocrx_word' id='word_1_361' title='bbox 504 3727 649 3792; x_wconf 89' lang='lat' dir='ltr'><strong>nationis</strong></span> <span class='ocrx_word' id='word_1_362' title='bbox 679 3733 755 3792; x_wconf 90' lang='lat' dir='ltr'><strong>tuae</strong></span> <span class='ocrx_word' id='word_1_363' title='bbox 786 3727 923 3808; x_wconf 87' lang='lat' dir='ltr'><strong>habere,</strong></span> <span class='ocrx_word' id='word_1_364' title='bbox 956 3729 1051 3795; x_wconf 91' lang='lat' dir='ltr'><strong>cuius</strong></span> <span class='ocrx_word' id='word_1_365' title='bbox 1080 3730 1260 3796; x_wconf 87' lang='lat' dir='ltr'><strong>adventum</strong></span> <span class='ocrx_word' id='word_1_366' title='bbox 1311 3737 1379 3795; x_wconf 92' lang='lat' dir='ltr'><strong>tem</strong></span> <span class='ocrx_word' id='word_1_367' title='bbox 1406 3732 1483 3814; x_wconf 87' lang='lat' dir='ltr'><strong>quia</strong></span> <span class='ocrx_word' id='word_1_368' title='bbox 1511 3730 1606 3796; x_wconf 88' lang='lat' dir='ltr'><strong>aliter</strong></span> <span class='ocrx_word' id='word_1_369' title='bbox 1634 3732 1788 3798; x_wconf 90' lang='lat' dir='ltr'><strong>successit</strong></span> <span class='ocrx_word' id='word_1_370' title='bbox 1820 3728 1954 3816; x_wconf 88' lang='lat' dir='ltr'><strong>gaudeo.</strong></span> <span class='ocrx_word' id='word_1_371' title='bbox 2008 3731 2167 3798; x_wconf 79' lang='lat' dir='ltr'><strong>Fortasse</strong></span> <span class='ocrx_word' id='word_1_372' title='bbox 2194 3729 2270 3794; x_wconf 89' lang='lat' dir='ltr'><strong>enim</strong></span> 
     </span>
     <span class='ocr_line' id='line_1_36' title="bbox 284 3811 2270 3896; baseline -0.001 -18"><span class='ocrx_word' id='word_1_373' title='bbox 284 3813 429 3896; x_wconf 88' lang='lat' dir='ltr'><strong>quotidie</strong></span> <span class='ocrx_word' id='word_1_374' title='bbox 449 3819 684 3892; x_wconf 88' lang='lat' dir='ltr'><strong>exspectamus.</strong></span> <span class='ocrx_word' id='word_1_375' title='bbox 699 3814 725 3890; x_wconf 79' lang='grc' dir='ltr'><strong>ι)</strong></span> <span class='ocrx_word' id='word_1_376' title='bbox 769 3811 900 3878; x_wconf 85' lang='lat' dir='ltr'><strong>Vellem</strong></span> <span class='ocrx_word' id='word_1_377' title='bbox 927 3820 1059 3880; x_wconf 88' lang='lat' dir='ltr'><strong>tuorum</strong></span> <span class='ocrx_word' id='word_1_378' title='bbox 1080 3816 1260 3882; x_wconf 86' lang='lat' dir='ltr'><strong>amicorum</strong></span> <span class='ocrx_word' id='word_1_379' title='bbox 1311 3815 1482 3882; x_wconf 91' lang='lat' dir='ltr'><strong>molestam</strong></span> <span class='ocrx_word' id='word_1_380' title='bbox 1504 3818 1666 3883; x_wconf 87' lang='lat' dir='ltr'><strong>sarcinam</strong></span> <span class='ocrx_word' id='word_1_381' title='bbox 1687 3818 1754 3883; x_wconf 86' lang='lat' dir='ltr'><strong>tuis</strong></span> <span class='ocrx_word' id='word_1_382' title='bbox 1771 3817 1918 3882; x_wconf 83' lang='lat' dir='ltr'><strong>humeris</strong></span> <span class='ocrx_word' id='word_1_383' title='bbox 1937 3818 2123 3885; x_wconf 77' lang='lat' dir='ltr'><strong>excussisti</strong></span> <span class='ocrx_word' id='word_1_384' title='bbox 2165 3817 2270 3882; x_wconf 88' lang='lat' dir='ltr'><strong>Restat</strong></span> 
     </span>
     <span class='ocr_line' id='line_1_37' title="bbox 284 3897 2269 3988; baseline -0.001 -24"><span class='ocrx_word' id='word_1_385' title='bbox 284 3918 383 3982; x_wconf 86' lang='lat' dir='ltr'><strong>opera</strong></span> <span class='ocrx_word' id='word_1_386' title='bbox 404 3909 437 3964; x_wconf 88' lang='lat' dir='ltr'><strong>te</strong></span> <span class='ocrx_word' id='word_1_387' title='bbox 454 3897 503 3963; x_wconf 92' lang='lat' dir='ltr'><strong>illi</strong></span> <span class='ocrx_word' id='word_1_388' title='bbox 521 3899 569 3963; x_wconf 92' lang='lat' dir='ltr'><strong>ita</strong></span> <span class='ocrx_word' id='word_1_389' title='bbox 586 3897 849 3964; x_wconf 90' lang='lat' dir='ltr'><strong>commendatum</strong></span> <span class='ocrx_word' id='word_1_390' title='bbox 867 3919 947 3978; x_wconf 90' lang='lat' dir='ltr'><strong>esse,</strong></span> <span class='ocrx_word' id='word_1_391' title='bbox 965 3907 1004 3964; x_wconf 88' lang='lat' dir='ltr'><strong>nt</strong></span> <span class='ocrx_word' id='word_1_392' title='bbox 1020 3901 1167 3968; x_wconf 86' lang='lat' dir='ltr'><strong>officialis</strong></span> <span class='ocrx_word' id='word_1_393' title='bbox 1187 3901 1260 3988; x_wconf 88' lang='lat' dir='ltr'><strong>dig·</strong></span> <span class='ocrx_word' id='word_1_394' title='bbox 1311 3923 1354 3967; x_wconf 90' lang='lat' dir='ltr'><strong>ne</strong></span> <span class='ocrx_word' id='word_1_395' title='bbox 1375 3901 1456 3986; x_wconf 91' lang='lat' dir='ltr'><strong>quid</strong></span> <span class='ocrx_word' id='word_1_396' title='bbox 1482 3923 1576 3985; x_wconf 89' lang='lat' dir='ltr'><strong>agas,</strong></span> <span class='ocrx_word' id='word_1_397' title='bbox 1606 3911 1664 3969; x_wconf 89' lang='lat' dir='ltr'><strong>aut</strong></span> <span class='ocrx_word' id='word_1_398' title='bbox 1693 3902 1805 3968; x_wconf 64' lang='lat' dir='ltr'><strong>Stellae</strong></span> <span class='ocrx_word' id='word_1_399' title='bbox 1833 3902 1919 3986; x_wconf 91' lang='lat' dir='ltr'><strong>quod</strong></span> <span class='ocrx_word' id='word_1_400' title='bbox 1946 3903 1983 3966; x_wconf 91' lang='lat' dir='ltr'><strong>in</strong></span> <span class='ocrx_word' id='word_1_401' title='bbox 2008 3923 2081 3968; x_wconf 92' lang='lat' dir='ltr'><strong>rem</strong></span> <span class='ocrx_word' id='word_1_402' title='bbox 2103 3911 2195 3968; x_wconf 86' lang='lat' dir='ltr'><strong>tuam</strong></span> <span class='ocrx_word' id='word_1_403' title='bbox 2213 3917 2269 3964; x_wconf 88' lang='lat' dir='ltr'><strong>nou</strong></span> 
     </span>
     <span class='ocr_line' id='line_1_38' title="bbox 284 3983 2269 4072; baseline 0.001 -24"><span class='ocrx_word' id='word_1_404' title='bbox 284 3983 389 4050; x_wconf 81' lang='lat' dir='ltr'><strong>nitate</strong></span> <span class='ocrx_word' id='word_1_405' title='bbox 410 3994 467 4050; x_wconf 90' lang='lat' dir='ltr'><strong>aut</strong></span> <span class='ocrx_word' id='word_1_406' title='bbox 489 3985 598 4069; x_wconf 88' lang='lat' dir='ltr'><strong>aliqua</strong></span> <span class='ocrx_word' id='word_1_407' title='bbox 615 3983 679 4048; x_wconf 89' lang='lat' dir='ltr'><strong>alia</strong></span> <span class='ocrx_word' id='word_1_408' title='bbox 700 3992 734 4048; x_wconf 87' lang='lat' dir='ltr'><strong>te</strong></span> <span class='ocrx_word' id='word_1_409' title='bbox 751 3992 893 4050; x_wconf 84' lang='lat' dir='ltr'><strong>ornaret</strong></span> <span class='ocrx_word' id='word_1_410' title='bbox 937 3986 1011 4072; x_wconf 82' lang='lat' dir='ltr'><strong>Ego</strong></span> <span class='ocrx_word' id='word_1_411' title='bbox 1035 3989 1259 4055; x_wconf 81' lang='lat' dir='ltr'><strong>vacationibus</strong></span> <span class='ocrx_word' id='word_1_412' title='bbox 1311 3988 1354 4054; x_wconf 91' lang='lat' dir='ltr'><strong>sit</strong></span> <span class='ocrx_word' id='word_1_413' title='bbox 1382 3988 1598 4071; x_wconf 83' lang='lat' dir='ltr'><strong>promittas.²)</strong></span> <span class='ocrx_word' id='word_1_414' title='bbox 1646 3987 1769 4053; x_wconf 86' lang='lat' dir='ltr'><strong>Videre</strong></span> <span class='ocrx_word' id='word_1_415' title='bbox 1803 3991 1892 4054; x_wconf 89' lang='lat' dir='ltr'><strong>enim</strong></span> <span class='ocrx_word' id='word_1_416' title='bbox 1919 3988 2002 4053; x_wconf 91' lang='lat' dir='ltr'><strong>mihi</strong></span> <span class='ocrx_word' id='word_1_417' title='bbox 2028 3989 2158 4069; x_wconf 82' lang='lat' dir='ltr'><strong>videor,</strong></span> <span class='ocrx_word' id='word_1_418' title='bbox 2185 4003 2269 4070; x_wconf 87' lang='lat' dir='ltr'><strong>quam</strong></span> 
     </span>
    </p>

    <p class='ocr_par' dir='ltr' id='par_1_13' title="bbox 285 4071 2269 4368">
     <span class='ocr_line' id='line_1_39' title="bbox 1311 4071 2269 4224; baseline -0.004 -86"><span class='ocrx_word' id='word_1_419' title='bbox 1311 4073 1440 4140; x_wconf 89' lang='lat' dir='ltr'><strong>animus</strong></span> <span class='ocrx_word' id='word_1_420' title='bbox 1456 4083 1531 4140; x_wconf 90' lang='lat' dir='ltr'><strong>tuus</strong></span> <span class='ocrx_word' id='word_1_421' title='bbox 1549 4073 1734 4158; x_wconf 88' lang='lat' dir='ltr'><strong>praestigiis</strong></span> <span class='ocrx_word' id='word_1_422' title='bbox 1748 4072 1941 4157; x_wconf 84' lang='lat' dir='ltr'><strong>quibusdam</strong></span> <span class='ocrx_word' id='word_1_423' title='bbox 1958 4081 2151 4224; x_wconf 54' lang='lat' dir='ltr'><strong>auersetur.</strong></span> <span class='ocrx_word' id='word_1_424' title='bbox 2173 4071 2269 4154; x_wconf 79' lang='lat' dir='ltr'><strong>Quare</strong></span> 
     </span>
     <span class='ocr_line' id='line_1_40' title="bbox 1311 4158 2269 4243; baseline -0.004 -19"><span class='ocrx_word' id='word_1_425' title='bbox 1311 4159 1371 4224; x_wconf 91' lang='lat' dir='ltr'><strong>tibi</strong></span> <span class='ocrx_word' id='word_1_426' title='bbox 1399 4158 1542 4226; x_wconf 88' lang='lat' dir='ltr'><strong>consule.</strong></span> <span class='ocrx_word' id='word_1_427' title='bbox 1586 4159 1628 4226; x_wconf 93' lang='lat' dir='ltr'><strong>Id</strong></span> <span class='ocrx_word' id='word_1_428' title='bbox 1654 4161 1783 4226; x_wconf 70' lang='lat' dir='ltr'><strong>mmetsi</strong></span> <span class='ocrx_word' id='word_1_429' title='bbox 1811 4181 1870 4243; x_wconf 90' lang='lat' dir='ltr'><strong>pro</strong></span> <span class='ocrx_word' id='word_1_430' title='bbox 1897 4165 1955 4225; x_wconf 88' lang='lat' dir='ltr'><strong>tua</strong></span> <span class='ocrx_word' id='word_1_431' title='bbox 1980 4181 2042 4243; x_wconf 90' lang='lat' dir='ltr'><strong>pru</strong></span> <span class='ocrx_word' id='word_1_432' title='bbox 2067 4161 2158 4226; x_wconf 89' lang='lat' dir='ltr'><strong>entia</strong></span> <span class='ocrx_word' id='word_1_433' title='bbox 2181 4158 2269 4224; x_wconf 86' lang='lat' dir='ltr'><strong>latera</strong></span> 
     </span>
     <span class='ocr_line' id='line_1_41' title="bbox 285 4237 2269 4368; baseline 0.001 -61"><span class='ocrx_word' id='word_1_434' title='bbox 285 4238 330 4362; x_wconf 40' lang='grc' dir='ltr'><em>ᾖ</em></span> <span class='ocrx_word' id='word_1_435' title='bbox 336 4237 550 4364; x_wconf 48' lang='lat' dir='ltr'><strong>Ovlssggffufct&#39;f,</strong></span> <span class='ocrx_word' id='word_1_436' title='bbox 568 4246 650 4364; x_wconf 52' lang='lat' dir='ltr'><strong>ma</strong></span> <span class='ocrx_word' id='word_1_437' title='bbox 668 4241 711 4294; x_wconf 80' lang='lat'><strong>1⁰·</strong></span> <span class='ocrx_word' id='word_1_438' title='bbox 731 4239 864 4362; x_wconf 52' lang='grc' dir='ltr'><strong>Ῑιῡδωῖξῡ</strong></span> <span class='ocrx_word' id='word_1_439' title='bbox 881 4247 914 4324; x_wconf 62' lang='grc'><strong>61,</strong></span> <span class='ocrx_word' id='word_1_440' title='bbox 925 4241 998 4324; x_wconf 63' lang='grc' dir='ltr'><strong>Μ·</strong></span> <span class='ocrx_word' id='word_1_441' title='bbox 1011 4241 1124 4368; x_wconf 59' lang='lat' dir='ltr'><strong>{cacas</strong></span> <span class='ocrx_word' id='word_1_442' title='bbox 1130 4243 1258 4367; x_wconf 44' lang='lat' dir='ltr'><strong>“lidda&#39;‘-</strong></span> <span class='ocrx_word' id='word_1_443' title='bbox 1310 4253 1343 4310; x_wconf 89' lang='lat' dir='ltr'><strong>te</strong></span> <span class='ocrx_word' id='word_1_444' title='bbox 1362 4265 1429 4310; x_wconf 88' lang='lat' dir='ltr'><strong>non</strong></span> <span class='ocrx_word' id='word_1_445' title='bbox 1450 4246 1561 4329; x_wconf 91' lang='lat' dir='ltr'><strong>possit,</strong></span> <span class='ocrx_word' id='word_1_446' title='bbox 1582 4263 1700 4329; x_wconf 87' lang='lat' dir='ltr'><strong>operae</strong></span> <span class='ocrx_word' id='word_1_447' title='bbox 1722 4247 1862 4330; x_wconf 89' lang='lat' dir='ltr'><strong>pretium</strong></span> <span class='ocrx_word' id='word_1_448' title='bbox 1880 4251 1992 4342; x_wconf 87' lang='lat' dir='ltr'><strong>tamen</strong></span> <span class='ocrx_word' id='word_1_449' title='bbox 2009 4245 2101 4326; x_wconf 90' lang='lat' dir='ltr'><strong>duxi,</strong></span> <span class='ocrx_word' id='word_1_450' title='bbox 2123 4265 2182 4330; x_wconf 88' lang='lat' dir='ltr'><strong>pro</strong></span> <span class='ocrx_word' id='word_1_451' title='bbox 2199 4240 2269 4308; x_wconf 85' lang='lat' dir='ltr'><strong>ami·</strong></span> 
     </span>
    </p>

    <p class='ocr_par' dir='ltr' id='par_1_14' title="bbox 283 4465 2268 4930">
     <span class='ocr_line' id='line_1_42' title="bbox 387 4465 2268 4600; baseline 0.004 -34"><span class='ocrx_word' id='word_1_452' title='bbox 387 4513 435 4582; x_wconf 83' lang='lat'><strong>11)</strong></span> <span class='ocrx_word' id='word_1_453' title='bbox 459 4514 526 4569; x_wconf 72' lang='lat' dir='ltr'><strong>vsa</strong></span> <span class='ocrx_word' id='word_1_454' title='bbox 541 4530 628 4597; x_wconf 58' lang='lat' dir='ltr'><strong>aas</strong></span> <span class='ocrx_word' id='word_1_455' title='bbox 645 4515 709 4570; x_wconf 77' lang='lat' dir='ltr'><strong>uos.</strong></span> <span class='ocrx_word' id='word_1_456' title='bbox 727 4513 753 4597; x_wconf 48' lang='lat' dir='ltr'><strong>a:</strong></span> <span class='ocrx_word' id='word_1_457' title='bbox 769 4465 796 4598; x_wconf 37' lang='lat'><strong>⁹·</strong></span> <span class='ocrx_word' id='word_1_458' title='bbox 921 4586 926 4598; x_wconf 23' lang='grc' dir='ltr'><strong><em>ι</em></strong></span> <span class='ocrx_word' id='word_1_459' title='bbox 977 4488 983 4502; x_wconf 85' lang='grc'><em>“</em></span> <span class='ocrx_word' id='word_1_460' title='bbox 1067 4589 1072 4600; x_wconf 91' lang='lat'><strong>.</strong></span> <span class='ocrx_word' id='word_1_461' title='bbox 1411 4517 1442 4586; x_wconf 82' lang='lat' dir='ltr'><strong>a)</strong></span> <span class='ocrx_word' id='word_1_462' title='bbox 1461 4518 1594 4574; x_wconf 70' lang='lat' dir='ltr'><strong>rosas</strong></span> <span class='ocrx_word' id='word_1_463' title='bbox 1612 4519 1744 4575; x_wconf 64' lang='lat' dir='ltr'><strong>camos</strong></span> <span class='ocrx_word' id='word_1_464' title='bbox 1761 4518 1881 4574; x_wconf 64' lang='lat' dir='ltr'><strong>sesso</strong></span> <span class='ocrx_word' id='word_1_465' title='bbox 1896 4518 1927 4573; x_wconf 75' lang='lat' dir='ltr'><strong>a</strong></span> <span class='ocrx_word' id='word_1_466' title='bbox 1944 4519 2076 4574; x_wconf 67' lang='lat' dir='ltr'><strong>muco</strong></span> <span class='ocrx_word' id='word_1_467' title='bbox 2100 4517 2213 4573; x_wconf 70' lang='lat' dir='ltr'><strong>mesca</strong></span> <span class='ocrx_word' id='word_1_468' title='bbox 2231 4511 2268 4566; x_wconf 73' lang='lat' dir='ltr'><strong>a</strong></span> 
     </span>
     <span class='ocr_line' id='line_1_43' title="bbox 285 4581 2268 4739; baseline 0.003 -33"><span class='ocrx_word' id='word_1_469' title='bbox 285 4651 332 4707; x_wconf 78' lang='lat' dir='ltr'><strong>vit.</strong></span> <span class='ocrx_word' id='word_1_470' title='bbox 369 4581 445 4707; x_wconf 66' lang='lat' dir='ltr'><strong>Nldds</strong></span> <span class='ocrx_word' id='word_1_471' title='bbox 456 4582 643 4706; x_wconf 48' lang='lat' dir='ltr'><strong>ddidotld‘ddded</strong></span> <span class='ocrx_word' id='word_1_472' title='bbox 655 4583 897 4716; x_wconf 48' lang='lat' dir='ltr'><strong>dddfflddlteldddd</strong></span> <span class='ocrx_word' id='word_1_473' title='bbox 911 4585 1164 4723; x_wconf 49' lang='lat' dir='ltr'><strong>ddddroacodwcffldd</strong></span> <span class='ocrx_word' id='word_1_474' title='bbox 1174 4603 1256 4712; x_wconf 53' lang='lat' dir='ltr'><strong>ceddl‘s‘:</strong></span> <span class='ocrx_word' id='word_1_475' title='bbox 1305 4590 1392 4659; x_wconf 43' lang='lat' dir='ltr'><strong>§aba</strong></span> <span class='ocrx_word' id='word_1_476' title='bbox 1411 4655 1451 4738; x_wconf 72' lang='grc' dir='ltr'><strong>11)Ι</strong></span> <span class='ocrx_word' id='word_1_477' title='bbox 1468 4655 1588 4739; x_wconf 56' lang='lat' dir='ltr'><strong>micet,</strong></span> <span class='ocrx_word' id='word_1_478' title='bbox 1619 4671 1688 4726; x_wconf 81' lang='lat' dir='ltr'><strong>quae</strong></span> <span class='ocrx_word' id='word_1_479' title='bbox 1710 4653 1906 4738; x_wconf 56' lang='lat' dir='ltr'><strong>Hamiqicrds’</strong></span> <span class='ocrx_word' id='word_1_480' title='bbox 1927 4657 2061 4710; x_wconf 71' lang='lat' dir='ltr'><strong>maalle</strong></span> <span class='ocrx_word' id='word_1_481' title='bbox 2085 4659 2138 4722; x_wconf 79' lang='lat' dir='ltr'><strong>est,</strong></span> <span class='ocrx_word' id='word_1_482' title='bbox 2163 4647 2268 4732; x_wconf 66' lang='lat' dir='ltr'><strong>lecttvttt&#39;·</strong></span> 
     </span>
     <span class='ocr_line' id='line_1_44' title="bbox 284 4720 2265 4795; baseline 0.003 -21"><span class='ocrx_word' id='word_1_483' title='bbox 284 4720 401 4775; x_wconf 72' lang='lat' dir='ltr'><strong>casada</strong></span> <span class='ocrx_word' id='word_1_484' title='bbox 417 4720 511 4775; x_wconf 78' lang='lat' dir='ltr'><strong>studea</strong></span> <span class='ocrx_word' id='word_1_485' title='bbox 527 4721 649 4776; x_wconf 73' lang='lat' dir='ltr'><strong>amedera</strong></span> <span class='ocrx_word' id='word_1_486' title='bbox 664 4721 806 4791; x_wconf 68' lang='lat' dir='ltr'><strong>Bactraque</strong></span> <span class='ocrx_word' id='word_1_487' title='bbox 822 4739 850 4777; x_wconf 81' lang='lat' dir='ltr'><strong>se</strong></span> <span class='ocrx_word' id='word_1_488' title='bbox 867 4724 979 4778; x_wconf 74' lang='lat' dir='ltr'><strong>contule!</strong></span> <span class='ocrx_word' id='word_1_489' title='bbox 998 4722 1136 4778; x_wconf 75' lang='lat' dir='ltr'><strong>Colossae.</strong></span> <span class='ocrx_word' id='word_1_490' title='bbox 1172 4726 1257 4781; x_wconf 79' lang='lat' dir='ltr'><strong>Patre</strong></span> <span class='ocrx_word' id='word_1_491' title='bbox 1307 4727 1358 4780; x_wconf 75' lang='lat' dir='ltr'><strong>bea</strong></span> <span class='ocrx_word' id='word_1_492' title='bbox 1372 4725 1489 4795; x_wconf 80' lang='lat' dir='ltr'><strong>pulllscss</strong></span> <span class='ocrx_word' id='word_1_493' title='bbox 1506 4727 1539 4782; x_wconf 82' lang='lat' dir='ltr'><strong>ot</strong></span> <span class='ocrx_word' id='word_1_494' title='bbox 1553 4732 1655 4795; x_wconf 64' lang='lat' dir='ltr'><strong>meas</strong></span> <span class='ocrx_word' id='word_1_495' title='bbox 1673 4723 1799 4780; x_wconf 65' lang='lat' dir='ltr'><strong>Lartem</strong></span> <span class='ocrx_word' id='word_1_496' title='bbox 1819 4729 1991 4794; x_wconf 60' lang='lat' dir='ltr'><strong>prasonem</strong></span> <span class='ocrx_word' id='word_1_497' title='bbox 2012 4730 2069 4779; x_wconf 68' lang='lat' dir='ltr'><strong>m</strong></span> <span class='ocrx_word' id='word_1_498' title='bbox 2093 4731 2216 4793; x_wconf 72' lang='lat' dir='ltr'><strong>unpom</strong></span> <span class='ocrx_word' id='word_1_499' title='bbox 2230 4733 2265 4772; x_wconf 63' lang='lat' dir='ltr'><strong>fl·</strong></span> 
     </span>
     <span class='ocr_line' id='line_1_45' title="bbox 284 4789 1444 4864; baseline 0.002 -19"><span class='ocrx_word' id='word_1_500' title='bbox 284 4794 389 4845; x_wconf 72' lang='lat' dir='ltr'><strong>moneo</strong></span> <span class='ocrx_word' id='word_1_501' title='bbox 406 4791 462 4846; x_wconf 80' lang='lat' dir='ltr'><strong>ills&#39;s</strong></span> <span class='ocrx_word' id='word_1_502' title='bbox 479 4790 580 4844; x_wconf 64' lang='lat' dir='ltr'><strong>stedia</strong></span> <span class='ocrx_word' id='word_1_503' title='bbox 596 4789 735 4851; x_wconf 69' lang='lat' dir='ltr'><strong>valedicit</strong></span> <span class='ocrx_word' id='word_1_504' title='bbox 754 4797 779 4846; x_wconf 79' lang='lat' dir='ltr'><strong>ct</strong></span> <span class='ocrx_word' id='word_1_505' title='bbox 789 4791 915 4847; x_wconf 76' lang='lat' dir='ltr'><strong>Parisios</strong></span> <span class='ocrx_word' id='word_1_506' title='bbox 928 4793 1016 4862; x_wconf 76' lang='lat' dir='ltr'><strong>petiit,</strong></span> <span class='ocrx_word' id='word_1_507' title='bbox 1034 4795 1127 4849; x_wconf 72' lang='lat' dir='ltr'><strong>asise</strong></span> <span class='ocrx_word' id='word_1_508' title='bbox 1143 4795 1182 4849; x_wconf 82' lang='lat' dir='ltr'><strong>cd</strong></span> <span class='ocrx_word' id='word_1_509' title='bbox 1199 4795 1256 4850; x_wconf 77' lang='lat' dir='ltr'><strong>clio</strong></span> <span class='ocrx_word' id='word_1_510' title='bbox 1306 4796 1444 4864; x_wconf 69' lang='lat' dir='ltr'><strong>tenuatis.</strong></span> 
     </span>
     <span class='ocr_line' id='line_1_46' title="bbox 283 4857 2267 4930; baseline -0.002 -16"><span class='ocrx_word' id='word_1_511' title='bbox 283 4873 421 4915; x_wconf 73' lang='lat' dir='ltr'><strong>moereo.</strong></span> <span class='ocrx_word' id='word_1_512' title='bbox 1408 4861 1439 4930; x_wconf 85' lang='lat'><strong>4)</strong></span> <span class='ocrx_word' id='word_1_513' title='bbox 1459 4861 1485 4917; x_wconf 87' lang='lat' dir='ltr'><strong>I.</strong></span> <span class='ocrx_word' id='word_1_514' title='bbox 1502 4877 1523 4916; x_wconf 82' lang='lat' dir='ltr'><strong>e.</strong></span> <span class='ocrx_word' id='word_1_515' title='bbox 1546 4861 1589 4915; x_wconf 74' lang='lat'><strong>2⁷.</strong></span> <span class='ocrx_word' id='word_1_516' title='bbox 1608 4861 1764 4918; x_wconf 73' lang='lat' dir='ltr'><strong>Decembris</strong></span> <span class='ocrx_word' id='word_1_517' title='bbox 1787 4858 1869 4926; x_wconf 79' lang='lat'><strong>1531,</strong></span> <span class='ocrx_word' id='word_1_518' title='bbox 1892 4876 1948 4914; x_wconf 79' lang='lat' dir='ltr'><strong>noa</strong></span> <span class='ocrx_word' id='word_1_519' title='bbox 1970 4857 2047 4927; x_wconf 77' lang='lat'><strong>1530,</strong></span> <span class='ocrx_word' id='word_1_520' title='bbox 2064 4875 2148 4930; x_wconf 75' lang='lat' dir='ltr'><strong>qaam</strong></span> <span class='ocrx_word' id='word_1_521' title='bbox 2170 4871 2198 4912; x_wconf 84' lang='lat' dir='ltr'><strong>ec</strong></span> <span class='ocrx_word' id='word_1_522' title='bbox 2213 4859 2267 4910; x_wconf 71' lang='lat' dir='ltr'><strong>tat·</strong></span> 
     </span>
    </p>

    <p class='ocr_par' dir='ltr' id='par_1_15' title="bbox 284 4925 2266 5337">
     <span class='ocr_line' id='line_1_47' title="bbox 352 4925 2172 5014; baseline 0 -34"><span class='ocrx_word' id='word_1_523' title='bbox 352 4925 381 4986; x_wconf 77' lang='grc'><strong>0.</strong></span> <span class='ocrx_word' id='word_1_524' title='bbox 408 4925 437 5009; x_wconf 80' lang='grc'><strong>1)</strong></span> <span class='ocrx_word' id='word_1_525' title='bbox 460 4925 893 5008; x_wconf 31' lang='grc' dir='ltr'><strong>Ουόᾱὴοοείὸῇυσῑᾱκποηίαοῦε</strong></span> <span class='ocrx_word' id='word_1_526' title='bbox 904 4931 1068 5001; x_wconf 79' lang='lat' dir='ltr'><strong>assequaris.</strong></span> <span class='ocrx_word' id='word_1_527' title='bbox 1095 4930 1178 4987; x_wconf 75' lang='lat' dir='ltr'><strong>Anao</strong></span> <span class='ocrx_word' id='word_1_528' title='bbox 1187 4931 1255 5014; x_wconf 77' lang='grc'><strong>1531</strong></span> <span class='ocrx_word' id='word_1_529' title='bbox 1306 4947 1373 5000; x_wconf 83' lang='lat' dir='ltr'><strong>porc</strong></span> <span class='ocrx_word' id='word_1_530' title='bbox 1392 4930 1469 4986; x_wconf 69' lang='lat' dir='ltr'><strong>aaut</strong></span> <span class='ocrx_word' id='word_1_531' title='bbox 1485 4947 1589 5013; x_wconf 72' lang='lat' dir='ltr'><strong>onnam</strong></span> <span class='ocrx_word' id='word_1_532' title='bbox 1606 4931 1710 4986; x_wconf 67' lang='lat' dir='ltr'><strong>amum</strong></span> <span class='ocrx_word' id='word_1_533' title='bbox 1727 4929 1754 4982; x_wconf 87' lang='lat' dir='ltr'><strong>d.</strong></span> <span class='ocrx_word' id='word_1_534' title='bbox 1773 4929 1815 4983; x_wconf 79' lang='lat'><strong>25.</strong></span> <span class='ocrx_word' id='word_1_535' title='bbox 1836 4929 1938 4984; x_wconf 75' lang='lat' dir='ltr'><strong>Martii</strong></span> <span class='ocrx_word' id='word_1_536' title='bbox 1953 4930 2172 4998; x_wconf 56' lang='lat' dir='ltr'><strong>emutatus.</strong></span> 
     </span>
     <span class='ocr_line' id='line_1_48' title="bbox 284 4993 2266 5148; baseline 0 -30"><span class='ocrx_word' id='word_1_537' title='bbox 284 4993 862 5142; x_wconf 52' lang='lat' dir='ltr'><strong>mattatttttttt’stt</strong></span> <span class='ocrx_word' id='word_1_538' title='bbox 878 5001 1257 5139; x_wconf 48' lang='lat' dir='ltr'><strong>tstrtttt‘sttt</strong></span> <span class='ocrx_word' id='word_1_539' title='bbox 1358 5000 1386 5060; x_wconf 75' lang='lat'><strong>⁷·</strong></span> <span class='ocrx_word' id='word_1_540' title='bbox 1410 5000 1447 5134; x_wconf 61' lang='lat'><strong>2¹?</strong></span> <span class='ocrx_word' id='word_1_541' title='bbox 1460 5001 1776 5124; x_wconf 50' lang='lat' dir='ltr'><strong>dimidii&amp;</strong></span> <span class='ocrx_word' id='word_1_542' title='bbox 1791 5013 2005 5148; x_wconf 56' lang='lat' dir='ltr'><strong>‘idam</strong></span> <span class='ocrx_word' id='word_1_543' title='bbox 2028 5003 2151 5120; x_wconf 52' lang='lat' dir='ltr'><strong>tl‘i‘ss</strong></span> <span class='ocrx_word' id='word_1_544' title='bbox 2173 5061 2266 5118; x_wconf 63' lang='lat' dir='ltr'><strong>aas</strong></span> 
     </span>
     <span class='ocr_line' id='line_1_49' title="bbox 284 5207 2163 5337; baseline 0.004 -13"><span class='ocrx_word' id='word_1_545' title='bbox 284 5283 351 5337; x_wconf 62' lang='lat' dir='ltr'><strong>acre,</strong></span> <span class='ocrx_word' id='word_1_546' title='bbox 366 5217 495 5325; x_wconf 57' lang='lat' dir='ltr'><strong>cerm</strong></span> <span class='ocrx_word' id='word_1_547' title='bbox 508 5207 1012 5335; x_wconf 50' lang='lat' dir='ltr'><strong>dwdrunscrcampddddede.</strong></span> <span class='ocrx_word' id='word_1_548' title='bbox 1164 5225 1196 5261; x_wconf 66' lang='lat' dir='ltr'><em>m</em></span> <span class='ocrx_word' id='word_1_549' title='bbox 1309 5291 1366 5330; x_wconf 76' lang='lat' dir='ltr'><strong>soa</strong></span> <span class='ocrx_word' id='word_1_550' title='bbox 1381 5207 1536 5332; x_wconf 49' lang='lat' dir='ltr'><strong>qugsd</strong></span> <span class='ocrx_word' id='word_1_551' title='bbox 1572 5245 1579 5260; x_wconf 53' lang='lat'>⁸</span> <span class='ocrx_word' id='word_1_552' title='bbox 1609 5245 1615 5260; x_wconf 53' lang='grc'><strong>’</strong></span> <span class='ocrx_word' id='word_1_553' title='bbox 1639 5223 1658 5260; x_wconf 62' lang='lat'><em>⁰</em></span> <span class='ocrx_word' id='word_1_554' title='bbox 1882 5245 1890 5275; x_wconf 61' lang='lat'><strong><em>⁹</em></strong></span> <span class='ocrx_word' id='word_1_555' title='bbox 2112 5218 2163 5272; x_wconf 56' lang='lat' dir='ltr'><em>W</em></span> 
     </span>
    </p>
   </div>
   <div class='ocr_carea' id='block_1_10' title="bbox 1406 2991 2182 3080">
    <p class='ocr_par' dir='ltr' id='par_1_16' title="bbox 1406 2991 2182 3080">
     <span class='ocr_line' id='line_1_50' title="bbox 1406 2991 2182 3080; baseline 0.008 -24"><span class='ocrx_word' id='word_1_556' title='bbox 1406 2991 1604 3060; x_wconf 80' lang='lat' dir='ltr'><strong>Francisous</strong></span> <span class='ocrx_word' id='word_1_557' title='bbox 1625 2992 1747 3060; x_wconf 86' lang='lat' dir='ltr'><strong>Daniel</strong></span> <span class='ocrx_word' id='word_1_558' title='bbox 1768 2991 1902 3060; x_wconf 90' lang='lat' dir='ltr'><strong>Nicolao</strong></span> <span class='ocrx_word' id='word_1_559' title='bbox 1923 2991 2142 3062; x_wconf 79' lang='lat' dir='ltr'><strong>Ohemino&#39;S.</strong></span> <span class='ocrx_word' id='word_1_560' title='bbox 2157 2993 2182 3080; x_wconf 90' lang='lat'><strong>¹)</strong></span> 
     </span>
    </p>
   </div>
   <div class='ocr_carea' id='block_1_11' title="bbox 0 0 2396 6005">
    <p class='ocr_par' dir='ltr' id='par_1_17' title="bbox 0 0 2396 6005">
     <span class='ocr_line' id='line_1_51' title="bbox 0 0 2396 6005; baseline 0 0"><span class='ocrx_word' id='word_1_561' title='bbox 0 0 2396 6005; x_wconf 95' lang='lat' dir='ltr'><strong> </strong></span> 
     </span>
    </p>
   </div>
  </div>
 </body>
</html>
