4852 6022
268 323 332 386 383
1098 307 1359 376 nplsuohalt
1385 311 1443 372 187
2201 312 2263 374 384

267 506 404 571 veritate
436 503 477 568 de
508 503 709 585 poenitentia
741 523 801 566 sua
831 500 986 566 eoelesiae
1013 499 1239 564 satisfaoerent
1289 506 1396 560 torum
1419 495 1588 562 absolvere
1609 495 1706 562 debet
1722 517 1873 581 peooasse
1884 495 1979 580 idque
1995 517 2183 580 agnoscere,
2207 498 2263 564 ssd

266 592 377 674 quiin
400 588 553 672 graviora
574 597 609 652 et
629 587 802 652 manifesta
823 595 956 668 peeoata
983 585 1182 660 inuidissent,
1206 593 1240 648 et
1289 601 1356 646 non
1384 579 1464 664 quid
1493 581 1650 663 peeoarit:
1685 605 1761 648 nam
1790 581 1895 666 adid
1921 591 1960 648 ιιι
1987 582 2138 649 bomines
2161 586 2264 666 perei-

267 677 419 742 audirent
443 693 463 737 a
483 673 634 738 fidelibus
656 671 848 756 pastoribus,
870 671 991 736 ieiunie
1012 669 1076 747 illa,
1100 669 1237 754 vigilias,
1289 668 1383 750 piant
1399 666 1637 732 absolutionem
1654 677 1689 733 et
1705 669 1931 735 remissionem
1945 669 1981 732 in
1993 670 2126 735 nomine
2137 668 2265 736 Christi

267 759 496 827 aoeubationes
517 760 552 822 in
578 758 677 823 humo
698 765 759 823 eet.
788 757 906 840 quibus
936 755 1195 820 humiliabantur
1215 754 1239 818 ii
1289 773 1356 817 non
1377 753 1557 836 requiritur
1578 761 1615 817 ut
1635 753 1696 836 ipsi
1720 755 1826 820 soient
1846 753 2002 838 quidnam
2031 755 2147 838 quavis
2172 757 2209 820 in
2230 777 2266 821 re

266 847 324 929 qui
345 847 380 910 in
401 844 600 928 professione
621 842 842 926 poenitentiae
864 853 966 919 erant,
994 862 1064 906 esso
1085 840 1238 916 remedia,
1290 840 1465 922 peeoarint,
1488 850 1525 902 ut
1547 859 1644 904 nemo
1666 841 1765 906 etiam
1788 841 1821 906 id
1843 842 1926 905 seire
1947 849 2064 922 potest,
2094 841 2152 908 sed
2178 841 2264 924 quod

266 929 691 1016 quaepeeoata,‘²⁸)quibus,
710 949 810 1010 quum
828 947 906 992 vera
920 927 984 992 fide
995 928 1240 1009 susciperentur
1291 926 1457 1008 peooarint
1477 925 1513 988 in
1535 925 1625 989 omni
1646 926 1717 990 rita
1733 947 1802 1004 sua,
1825 923 1911 1009 quod
1928 947 1967 990 ea
1984 927 2082 991 ιιιιιιι
2100 927 2264 992 vitiositas

268 1028 301 1082 et
327 1019 459 1094 fierent,
487 1015 623 1081 meritae
644 1014 836 1080 afflictiones
858 1013 1052 1096 temporales
1073 1012 1239 1077 interdum
1290 1011 1370 1093 ipsis
1391 1011 1504 1076 innata
1525 1013 1577 1088 sit,
1600 1019 1638 1075 ut
1660 1031 1827 1094 nunquam
1849 1012 1977 1094 possint
2004 1012 2091 1094 qnod
2114 1012 2157 1078 ιιι
2179 1015 2264 1096 ipsos

268 1103 517 1178 redimerentur,
540 1108 575 1165 et
593 1101 695 1165 futuri
717 1099 837 1182 lapsus,
860 1098 1002 1163 edomita
1023 1099 1070 1163 sio
1091 1117 1189 1162 earne
1206 1105 1240 1161 et
1291 1095 1409 1161 attinet
1431 1117 1496 1160 non
1518 1115 1661 1178 peooare,
1682 1096 1762 1162 adso
1783 1105 1821 1162 ιιι
1839 1117 1969 1180 semper
1990 1097 2056 1162 illis
2077 1097 2204 1163 oranda
2223 1099 2264 1163 sit

267 1191 442 1271 impetrato
474 1187 590 1268 spiritu
622 1186 767 1251 iustitiae
799 1184 998 1262 robustiore,
1035 1191 1238 1260 sererentur,
1292 1182 1342 1246 vis
1364 1181 1501 1263 spiritns
1523 1181 1647 1246 Christi
1670 1182 1710 1246 ad
1734 1203 1772 1248 ea
1793 1203 1876 1265 quae
1897 1191 1987 1248 reete
2014 1193 2093 1248 sunt
2115 1183 2264 1249 ducentis

268 1271 484 1339 monebantur
512 1282 549 1336 ut
576 1271 761 1352 siquando
788 1271 880 1353 peria
907 1270 994 1334 mala
1022 1269 1238 1346 admisissent,
1292 1276 1325 1331 et
1346 1267 1558 1350 impellentis,
1588 1276 1621 1332 et
1641 1268 1736 1333 iuxta
1763 1269 1861 1333 etiam
1884 1277 2089 1350 peeeatorum
2116 1271 2263 1336 remissio

268 1377 456 1443 quanquam
493 1355 527 1420 id
563 1357 647 1422 olam
683 1369 770 1421 esset
807 1355 943 1421 eeolesia
982 1365 1041 1420 aut
1070 1355 1239 1430 ministris,
1291 1353 1460 1436 omnisque
1478 1353 1594 1418 salutis
1617 1353 1736 1419 fidncia
1763 1355 1798 1418 in
1827 1375 1893 1418 uno
1921 1354 2056 1420 Christo
2075 1356 2133 1504 gui
2153 1365 2264 1420 nostra

268 1445 401 1529 paribus
427 1443 508 1507 item
535 1443 752 1524 poenitentiae
780 1442 931 1524 operibus
966 1451 999 1504 et
1032 1440 1149 1506 studiis
1183 1461 1240 1505 ou·
1293 1449 1423 1521 peooata
1446 1439 1593 1522 expiavit
1615 1439 1772 1522 ponende.
1805 1441 1855 1505 llo
1873 1441 1962 1504 enim
1974 1440 2064 1505 valet
2097 1443 2263 1522 spraratio

267 1543 385 1613 perent
406 1550 441 1593 se
463 1529 599 1611 purgari
620 1536 654 1593 et
670 1539 783 1593 eontra
799 1526 922 1592 similes
938 1527 1239 1592 easnsoonfirmnri.
1291 1537 1429 1590 naturae
1450 1535 1599 1602 nostras,
1628 1526 1720 1589 utin
1742 1525 1794 1590 hie
1816 1547 1943 1608 quoque
1965 1527 2068 1600 faotis,
2096 1545 2183 1608 quae
2203 1526 2263 1591 aeti

354 1613 448 1679 Istud
471 1625 581 1678 autem
603 1612 763 1678 fatiebant
780 1613 881 1678 libero
899 1621 932 1676 et
949 1631 1007 1676 sua
1024 1621 1150 1695 sponte,
1173 1631 1240 1674 non
1292 1612 1410 1693 spiritu
1433 1610 1557 1676 utristi
1580 1611 1662 1675 bene
1684 1611 1826 1694 agimus,
1854 1611 1920 1694 legi
1948 1621 2058 1676 tamen
2081 1633 2149 1677 non
2170 1614 2262 1678 satis-

269 1701 377 1781 aliqua
397 1699 549 1765 eeclesiae
569 1699 640 1782 lege
663 1697 778 1774 adaeti,
808 1698 865 1764 sed
887 1705 1024 1780 paterna
1044 1697 1141 1761 modo
1163 1697 1240 1761 hor·
1291 1695 1449 1762 faeiamus
1476 1708 1509 1761 et
1538 1705 1706 1779 peoeatum
1738 1717 1805 1762 sem
1831 1717 1867 1761 er
1899 1695 2152 1763 admiseeamus:
2187 1719 2261 1780 qua·

268 1787 391 1852 tatione
420 1784 564 1863 inritati,
595 1804 655 1848 neo
680 1783 766 1866 quod
792 1785 838 1847 ita
859 1785 932 1848 fieri
959 1783 1168 1865 oompelleret
1188 1803 1241 1847 sa·
1292 1781 1600 1864 propterDominue
1621 1782 1692 1864 ipse
1714 1803 1775 1847 nos
1819 1784 1907 1850 οιιιιι
1927 1783 2134 1850 eontinenter
2155 1803 2260 1848 orare:

268 1872 347 1937 lutis
375 1870 565 1946 aeremitae,
593 1869 650 1933 ιιιι
680 1870 825 1934 ιιιιιιιιι
851 1871 949 1934 eertis
977 1869 1183 1934 eonscientiis
1205 1869 1240 1930 in
1292 1867 1425 1932 remitte
1446 1867 1540 1933 nobis
1561 1865 1672 1933 debita
1692 1879 1812 1933 nostra

269 1978 305 2022 re
327 1955 496 2038 desperata
514 1954 649 2019 utilitas.
683 1953 721 2019 Si
743 1956 830 2019 enim
853 1955 915 2019 ista
932 1954 1115 2019 observatio
1129 1952 1242 2019 habita

268 2043 382 2107 fuisset
404 2041 446 2104 ad
467 2040 605 2105 salutem
625 2038 793 2104 bominum
817 2041 1006 2116 necessaria,
1033 2039 1088 2103 vel
1110 2061 1153 2103 ex
1174 2039 1241 2102 illis
1717 2007 1787 2070 Art*
1813 2011 1840 2070 ⁷·

269 2127 401 2194 demum
424 2127 547 2190 verbis:
578 2125 728 2206 Quorum
750 2126 941 2190 remiseritis
969 2133 1110 2207 peooata,
1136 2127 1182 2188 ιιι
1204 2135 1242 2188 ιιι
1378 2124 1551 2190 Referebat
1574 2123 1616 2188 ιιι
1636 2125 1700 2189 ista
1721 2125 1875 2192 Carolus:
1898 2146 2000 2208 quum
2024 2135 2137 2190 temen
2154 2125 2196 2190 ιιι
2215 2146 2262 2190 re·

268 2214 450 2296 baptismus
489 2222 524 2276 ιι
561 2209 757 2276 eueharistia
795 2213 830 2274 in
867 2212 1058 2276 universum
1091 2210 1241 2275 fidelibus
1292 2210 1481 2276 missionem
1503 2219 1710 2292 peecatorum
1727 2212 1907 2294 requiritur
1923 2211 2263 2295 agnitiopeeoatorum

268 2297 495 2366 sommendata
516 2294 755 2372 suntindubie
776 2297 912 2362 eoelesia
940 2295 1241 2378 Constantinopoli·
1293 2303 1327 2360 et
1356 2297 1500 2361 mexime
1529 2299 1665 2379 quae²⁴)
1694 2307 1828 2379 peooata
1857 2298 1925 2362 sint
1951 2317 2033 2378 quae
2065 2296 2262 2374 admisimus,

268 2397 347 2450 tana
368 2401 441 2448 eam
457 2403 523 2446 non
533 2383 735 2460 removisset,
755 2390 910 2448 auteerte
921 2381 963 2446 D.
976 2381 1240 2466 chrysostomus,
1293 2403 1366 2446 eam
1385 2383 1585 2464 agnitionem
1607 2383 1765 2447 aeriorem
1784 2383 1899 2465 utique
1920 2384 1998 2460 fore,
2021 2384 2049 2448 si
2070 2383 2106 2446 in
2128 2382 2263 2466 singulis

268 2467 355 2552 quod
384 2467 615 2552 praedeeessor
647 2468 718 2532 eius
750 2469 785 2532 in
825 2468 1009 2532 ineensulto
1046 2466 1240 2543 sustulisset,
1293 2469 1393 2531 etiam
1415 2467 1500 2532 male
1521 2467 1671 2533 admissis
1688 2467 1912 2534 oonsideretur
1939 2477 2100 2550 quantum
2128 2470 2173 2534 sit
2194 2489 2262 2551 peo

269 2575 335 2638 qua
354 2563 426 2618 erat
447 2553 612 2637 religione,
636 2555 747 2618 statim
767 2555 971 2618 restituisset.
1016 2552 1119 2634 Sequi
1140 2554 1242 2634 igitur
1293 2553 1965 2637 oetamquantumqusmaliperpetratum.
1995 2553 2124 2618 Deinde
2132 2553 2263 2638 dignum

268 2640 349 2705 libet
370 2652 513 2704 veterem
535 2651 569 2703 ιι
590 2639 758 2703 meliorem
778 2639 963 2715 eoelesiam,
989 2657 1087 2720 quam
1114 2647 1242 2702 oonetat
1294 2659 1421 2721 quoque
1447 2659 1518 2704 esse
1546 2649 1584 2703 ιιι
1610 2641 1742 2704 veniam
1768 2661 1828 2722 pro
1856 2639 1998 2722 quolibet
2024 2639 2153 2718 delicto,
2176 2642 2263 2706 ouius

269 2726 311 2791 ad
333 2723 534 2790 oeoultorum
562 2732 784 2806 peoontorum,
814 2745 952 2806 quorum
982 2724 1131 2788 homines
1155 2723 1242 2805 apud
1293 2725 1525 2791 eonsoientiam
1552 2725 1672 2790 habere
1698 2727 1876 2808 possimus,
1903 2745 1923 2790 a
1949 2725 2092 2790 Domino
2122 2743 2262 2790 oremus:

268 2811 414 2876 tribunal
436 2810 589 2875 eoelesiae
609 2809 761 2876 eonvinoi
782 2831 841 2892 per
868 2816 968 2875 testes
995 2831 1062 2875 non
1096 2819 1241 2892 possunt,
1294 2809 1431 2893 proinde
1452 2830 1547 2892 posse
1569 2811 1667 2875 etiam
1690 2811 1820 2895 singula
1848 2811 1971 2875 utiliter
1999 2811 2162 2876 ministris
2182 2809 2262 2876 indi·

268 2897 504 2963 oonfessionem
531 2909 564 2958 et
593 2896 846 2960 satisfaotionem
874 2897 1020 2978 paternis
1042 2895 1242 2960 exhortatio·
1294 2898 1376 2974 ouri,
1405 2906 1442 2960 ut
1470 2895 1527 2960 illa
1554 2897 1694 2980 exlege
1722 2917 1820 2980 quam
1848 2898 1995 2980 graviter
2022 2906 2193 2979 peeeatum
2223 2897 2263 2962 sit

268 2983 365 3048 nibus
387 2982 555 3056 invitasse,
578 3001 645 3044 non
671 2980 742 3064 lege
771 2981 880 3064 alique
908 2981 1112 3064 compulisse.
1157 2981 1242 3044 Nam
1294 2981 1439 3058 doeeant,
1468 2991 1500 3046 et
1529 2981 1570 3046 ιιι
1600 2981 1842 3066 agnosoendum
1864 3003 1903 3048 eo
1924 2981 2063 3065 plenius,
2092 2991 2127 3048 ιι
2148 2982 2190 3047 ad
2211 3003 2263 3048 ex·

268 3067 481 3133 Innooentius
508 3065 571 3130 III.
600 3067 728 3148 primus
754 3067 876 3150 legitur
903 3065 944 3130 ιιι
973 3066 1035 3132 hao
1063 3087 1100 3131 re
1135 3067 1242 3150 legem
1294 3065 1469 3150 petendum
1498 3088 1536 3131 eo
1559 3067 1727 3133 ardentius
1750 3066 1875 3134 Christi
1897 3068 2090 3134 benefieium
2114 3069 2262 3134 exeitent

268 3153 384 3218 tulisse
404 3153 440 3216 in
463 3151 599 3217 oonoilio
621 3171 679 3216 suo
697 3152 847 3217 Romano
864 3150 950 3235 quod
968 3152 1242 3218 oelebravitanno
1380 3153 1434 3218 Ad
1459 3171 1543 3236 quae
1569 3153 1815 3237 respondimus,
1845 3165 1878 3220 ιι
1904 3155 1941 3219 in
1975 3153 2097 3220 ιιοιιιιι
2126 3153 2264 3221 eoelesiis

268 3238 404 3304 Domini
430 3240 519 3301 1216.
1295 3239 1412 3317 dooeri,
1436 3259 1478 3302 ne
1501 3239 1650 3306 homines
1671 3260 1755 3322 quae
1777 3261 1879 3323 prave
1908 3241 2033 3304 faeiunt
2054 3239 2263 3318 dissimulent,

354 3323 440 3388 Nam
462 3333 500 3387 ut
517 3323 620 3387 saneti
636 3331 748 3405 patres
765 3323 891 3388 nullam
909 3324 979 3388 eius
996 3324 1243 3389 neooessitatem
1295 3336 1329 3390 et
1357 3333 1395 3388 ut
1422 3345 1482 3407 pro
1511 3325 1651 3409 singulis
1680 3326 1779 3390 etiam
1808 3335 2029 3409 peoontorum,
2061 3325 2171 3409 quoad
2198 3325 2265 3390 lieri

268 3413 429 3486 feserunt,
458 3405 515 3472 sed
542 3408 719 3472 utilitatem
747 3408 843 3473 modo
864 3408 1088 3488 ostenderunt,
1116 3410 1162 3472 ita
1183 3429 1243 3474 neo
1294 3417 1410 3494 potest,
1433 3411 1566 3476 veniam
1587 3433 1607 3476 a
1628 3412 1771 3476 Domino
1799 3423 1908 3490 orent,
1937 3419 1973 3477 ιι
1994 3423 2032 3477 ιιι
2052 3413 2264 3477 immorentur

268 3497 362 3561 nobis
394 3495 444 3559 fas
476 3494 575 3558 ιιιιιιι
605 3495 785 3572 affirmare,
819 3494 919 3559 nullis
952 3495 1076 3559 remitti
1111 3503 1244 3577 peooata
1296 3495 1352 3561 diu
1373 3496 1408 3560 in
1431 3496 1665 3562 eonsideranda
1690 3498 1854 3581 gravitate
1881 3498 2037 3580 uniusque
2065 3500 2188 3581 peoeati
2208 3517 2263 3580 pro

268 3601 365 3665 posse
387 3580 451 3644 nisi
473 3601 512 3644 ea
533 3580 694 3644 ministris
716 3580 908 3644 nominatim
930 3591 964 3644 et
984 3580 1019 3644 in
1042 3582 1150 3663 speeie
1167 3599 1242 3645 oon·
1297 3603 1331 3648 se
1354 3591 1451 3647 etex
1473 3583 1542 3646 suis
1564 3584 1818 3648 oiroumstantiis
1840 3592 1873 3648 ιι
1895 3583 1980 3649 velle
2002 3583 2078 3648 inde
2101 3585 2266 3666 poeniten·

268 3667 345 3733 fessi
357 3666 488 3730 fuerint.
521 3665 635 3747 Neque
653 3685 692 3729 ea
709 3675 846 3730 rotatur
861 3666 1025 3732 veteribus
1037 3675 1243 3750 peecatorum
1295 3669 1375 3732 ιιιιι
1394 3668 1537 3732 exaitare
1559 3679 1593 3732 et
1614 3687 1743 3752 angere,
1766 3691 1832 3734 non
1849 3669 1967 3748 doosri,
1987 3681 2024 3734 ut
2040 3667 2074 3733 id
2084 3691 2145 3736 neo
2157 3689 2266 3736 veram

269 3751 428 3819 confessio
451 3771 515 3834 qua
537 3749 686 3815 homines
707 3751 786 3832 quid
830 3753 972 3816 eooarint
994 3761 1156 3830 enarrent,
1186 3751 1242 3817 sed
1295 3775 1356 3820 neo
1377 3753 1554 3818 salutarem
1575 3755 1809 3836 poenitentiam
1837 3754 1889 3820 vel
1917 3755 2054 3821 ιιιιιιιιι
2082 3755 2135 3821 vel
2163 3765 2266 3840 auget,

269 3857 332 3922 que
353 3859 389 3903 ιι
410 3856 559 3920 poetasse
581 3837 725 3900 fatentur
746 3849 779 3900 et
818 3837 976 3918 eplorant.
1022 3835 1133 3918 Quum
1156 3839 1243 3902 enim
1295 3839 1324 3905 si
1347 3839 1398 3904 vel
1422 3838 1590 3904 libidinem
1608 3840 1765 3922 peooandi
1782 3851 1923 3919 revocat,
1946 3841 1999 3906 vel
2016 3841 2157 3924 legalem
2175 3838 2267 3905 modo

269 3923 431 4006 publicam
467 3923 612 3986 feterent
648 3921 889 4005 exomologesin
929 3943 1043 3988 eorum
1081 3925 1243 3988 malorum
1295 3925 1545 4007 poenitentium,
1582 3947 1665 4007 quae
1699 3925 1852 3990 fidnoiam
1886 3927 1993 3992 somni
2001 3929 2046 4008 ιδ)
2074 3927 2128 3991 sui
2157 3926 2264 4002 trahit,

271 4029 354 4090 quae
376 4016 486 4072 autem
504 4007 658 4072 eooleeiae
679 4027 746 4070 non
769 4017 864 4071 erant
886 4019 972 4086 note,
995 4007 1036 4071 ιιι
1059 4009 1135 4091 quid
1154 4009 1243 4074 utilis
1294 4011 1425 4094 ingerit,
1447 4013 1613 4088 autemw)
1635 4025 1722 4076 oerte
1743 4012 1844 4076 etium
1861 4012 1903 4077 ad
1920 4012 2139 4095 perniciosam
2156 4012 2264 4096 despe-

270 4091 384 4160 fuisset
404 4092 620 4158 admissorum
643 4087 808 4157 narratio?
860 4093 933 4158 Non
962 4096 1072 4176 itaque
1099 4095 1243 4177 require-
1296 4097 1455 4160 rationem
1467 4096 1614 4178 impellit.
1649 4096 1812 4177 Quooirea
1833 4097 1881 4162 ita
1903 4120 1961 4163 nos
1984 4097 2023 4162 de
2045 4097 2099 4162 his
2121 4097 2263 4162 homines

271 4178 367 4242 batur
388 4189 425 4241 ut
438 4187 639 4260 exponerent
654 4177 732 4260 quid
749 4179 911 4256 fodissent,
934 4179 991 4244 sed
1009 4187 1047 4243 ut
1063 4181 1244 4244 faterentur
1296 4181 1419 4247 dooere.
1469 4181 1620 4246 Primum
1648 4183 1675 4246 si
1703 4181 1780 4266 quid
1811 4183 1989 4266 psooarint,
2026 4183 2205 4265 quamlibet
2232 4179 2261 4245 id

270 4283 306 4328 ιι
327 4261 413 4326 male
433 4264 546 4329 feoisse
568 4272 601 4328 et
622 4265 851 4347 promitterent
867 4285 901 4329 se
921 4264 1243 4348 deinoepsnihiltele
1295 4268 1447 4331 minutim
1470 4265 1612 4344 videant,
1635 4289 1676 4333 ne
1698 4267 1732 4332 id
1753 4279 1971 4344 oontemnant,
1994 4269 2077 4352 siv)
2100 4289 2144 4334 ex
2164 4289 2262 4352 sopor

271 4346 478 4414 admissuros.
1295 4353 1402 4436 legem
1431 4353 1496 4417 Dei
1524 4353 1609 4435 quod
1639 4353 1762 4418 malum
1793 4355 1836 4418 sit
1868 4356 2013 4438 oognito,
2049 4356 2164 4420 statim
2198 4373 2263 4419 sese

357 4430 489 4498 Soimus
510 4433 593 4499 illud
615 4455 634 4498 ι
656 4435 768 4500 subola
788 4433 853 4501 diei
875 4435 1016 4515 solitum,
1034 4437 1062 4502 si
1079 4437 1120 4501 ab
1142 4436 1243 4502 eoole-
1294 4439 1473 4502 immittent
1504 4439 1540 4501 in
1572 4439 1866 4504 oonsiderationem
1897 4440 2015 4506 radiois
2053 4452 2263 4524 peoontorum,

270 4520 321 4586 sia
348 4518 472 4582 remitti
500 4535 632 4600 peooeta
660 4531 801 4604 oportet,
828 4523 978 4605 eognosoi
1006 4523 1106 4586 etiam
1135 4523 1175 4588 ab
1204 4543 1244 4587 ea
1294 4525 1451 4598 unum²³)
1481 4535 1514 4588 et
1541 4523 1576 4589 id
1603 4523 1689 4608 quod
1717 4535 1845 4590 tautum
1873 4525 2044 4592 admisisse
2078 4547 2114 4592 se
2148 4526 2264 4603 dolent,

270 4613 435 4689 oportere,
466 4613 505 4666 ut
532 4605 589 4668 illa
610 4606 690 4671 seiat
717 4605 796 4688 quid
817 4608 985 4672 remittere
1006 4607 1130 4672 debeat.
1176 4608 1243 4674 Sed
1294 4621 1329 4674 ιι
1349 4611 1460 4674 omnia
1481 4610 1545 4674 alia
1567 4609 1803 4694 suppullulant,
1827 4620 1860 4676 et
1883 4611 2086 4696 perpendant
2107 4633 2265 4695 quaenam

270 4692 325 4756 hie
353 4689 590 4774 paralogismus
616 4692 793 4757 aooidentis
821 4703 878 4758 est.
931 4693 1090 4776 Oognosei
1112 4693 1243 4777 quidem
1294 4695 1350 4760 ille
1372 4705 1405 4760 et
1426 4705 1550 4778 quanta
1568 4695 1625 4761 sit:
1649 4717 1722 4762 sem
1743 4717 1822 4762 vero
1845 4697 1987 4763 radioem
2014 4696 2169 4764 dooemus
2194 4720 2265 4764 vere

271 4779 312 4842 ab
339 4775 475 4842 eoelesia
503 4783 631 4856 oportet
659 4787 815 4858 quantum
842 4789 952 4843 tamen
980 4777 1021 4842 ιιι
1041 4781 1110 4845 eius
1131 4779 1243 4864 sogni-

272 4863 396 4927 tionem
418 4860 532 4926 deduoi
555 4861 754 4928 oonfessione
775 4875 891 4946 potest,
921 4876 992 4929 tum
1013 4867 1110 4947 quem
1130 4886 1242 4948 peooa-

274 5002 290 5006 ..
342 5003 388 5008 ψ,
408 5003 475 5008 -,,
1379 4949 1426 5018 24)
1443 4967 1497 5032 ιιι
1514 4951 1606 5008 dubia

358 5081 404 5149 23)
424 5083 480 5137 Hir
496 5096 601 5152 quoque
617 5095 733 5159 morem
749 5083 831 5138 latere
846 5087 1018 5151 manifestum
1034 5095 1080 5141 eet.
1117 5087 1163 5142 Vel
1172 5088 1245 5142 deest
1380 5017 1427 5153 {bi
1445 5036 1494 5142 :iit
1511 5089 1551 5160 (ι)

273 5149 395 5202 emtum.-
413 5167 482 5218 quse
500 5157 611 5220 peoeate
628 5149 813 5216 obliterarent,
831 5155 994 5224 autals'que'd
1010 5156 1103 5222 ιιιιιιιι,
1121 5157 1162 5210 ιιι
1175 5171 1244 5225 pro:
1380 5155 1427 5222 27)
1448 5158 1496 5210 sed
1514 5161 1555 5223 (ι)

273 5231 343 5284 quae
359 5219 514 5285 reponendo
530 5220 589 5273 olio
603 5219 749 5288 porticulo,
765 5234 806 5274 ea.
822 5237 864 5289 qr.
883 5230 985 5276 eontra
1379 5225 1427 5290 28)
1448 5225 1549 5281 Senam
1562 5230 1705 5296 postulare
1721 5229 1843 5284 ιιίιιιιιι.Ι
1867 5246 1900 5282 ex
1919 5246 1972 5298 qna
1990 5235 2018 5282 ιι
2035 5230 2064 5283 id
2082 5247 2165 5284 mum
2183 5271 2190 5284 .
2209 5271 2216 5284 .
2235 5268 2266 5283 ..
