4804 6012
156 338 218 400 213

1044 335 1276 406 CONSILIA.
1353 343 1355 348 “

2098 349 2166 430 aas
2228 437 2230 442 ,

155 521 296 590 diendus
322 532 387 603 est,
423 545 489 590 nou
518 523 674 592 debemus
706 525 877 594 attendero
906 523 985 610 quid
1012 526 1129 611 aliquis
1182 533 1312 612 oportet
1333 549 1376 594 ex
1398 527 1558 612 88388118,
1581 527 1796 598 familiaribus
1820 537 1855 596 81
1879 530 2012 614 vidiuis,
2043 539 2082 598 ut
2104 535 2164 602 fiat

156 617 230 676 ante
253 631 315 676 nos
336 609 522 676 faoiendum
549 611 731 694 putaverit3
765 610 822 678 sed
849 611 944 695 quid,
974 613 1130 697 quiante

155 716 269 761 omnes
296 703 356 774 ast,
377 694 529 762 Christus
549 697 639 780 prior
658 697 779 764 feeerit
823 699 938 781 Neque
960 699 1049 764 euim
1072 699 1131 766 ho-

155 781 254 847 minis
276 780 547 848 cousuetudinem
569 784 660 867 sequi
682 791 820 868 oportet,
842 784 900 850 sed
922 785 985 850 Dei
1010 786 1132 852 verita·

156 874 231 932 tem
278 867 371 932 Haeo
393 875 481 934 oerte
502 869 590 951 apud
616 867 782 934 modestos
810 879 844 935 st
864 869 1008 954 plaoidos
1030 871 1131 938 leoto-

155 974 207 1020 res
229 951 329 1036 plena
350 963 401 1018 est
428 975 467 1020 ae
493 953 597 1020 solida
619 975 735 1022 oausae
764 955 925 1034 delinitio,
948 957 1004 1022 ubi
1029 956 1131 1022 homi-

156 1060 236 1104 nnm
267 1037 395 1122 planitie
427 1040 463 1104 iu
491 1039 639 1106 ordinem
667 1041 803 1119 eoaotis,
837 1053 871 1108 et
897 1043 1132 1108 eonsuetudine

156 1125 338 1208 quamlibet
347 1126 451 1190 veteri
469 1125 627 1205 abdieeta,
647 1125 773 1194 Christi
790 1128 949 1194 autoritas
966 1127 1037 1194 sola
1051 1129 1131 1195 smi-

155 1217 221 1276 not
268 1211 362 1275 Vale.
405 1211 510 1276 Nonis
531 1212 657 1296 Aprilis
682 1217 772 1278 1558.

217 1501 269 1556 au
287 1499 548 1568 quassatusue:
550 1501 615 1642 Rp}
633 1501 844 1643 agressurus
861 1501 1060 1560 motusue

614 1589 651 1642 113
676 1589 702 1644 s.
715 1592 737 1656 ι)

242 1723 449 1792 confessioni
483 1724 633 1809 publioae
664 1725 842 1811 adiungere
871 1727 1038 1811 insignem
1071 1727 1130 1794 ali·

154 1831 254 1909 qnam
277 1811 541 1893 promissionem,
570 1833 653 1894 quae
682 1823 868 1896 peceatores
896 1811 937 1877 ad
959 1834 1051 1898 spem
1073 1836 1129 1880 ve·

155 1915 230 1962 mas
259 1905 295 1960 81
320 1897 594 1964 reoouoiliatiouis
622 1897 743 1982 erigat,
772 1920 870 1964 nemo
899 1907 1047 1965 nostrum
1080 1906 1131 1966 est

154 1983 208 2065 qui
230 2002 300 2048 non
322 1990 479 2066 ugnosoat
498 1983 712 2049 utilissimum
731 2005 809 2050 esse.
843 1985 952 2068 Atque
974 1985 1014 2052 ab
1036 1986 1130 2052 initio

155 2065 243 2134 huno
266 2090 391 2134 morem
412 2068 567 2135 indaoere
587 2069 693 2136 volui:
714 2067 773 2136 sod
794 2091 896 2154 quum
916 2071 1130 2137 offensionem

155 2153 289 2236 quidam
317 2175 358 2221 ex
385 2155 532 2220 novitate
559 2163 759 2236 metuerent,
786 2157 928 2222 nimium
951 2156 1056 2224 futilis
1082 2158 1129 2222 fui

155 2239 194 2304 ad
216 2239 411 2306 cedendum
455 2241 509 2306 lta
530 2261 582 2306 res
604 2241 726 2308 omissa
747 2249 805 2308 881.
844 2242 943 2308 Ν888
966 2264 1043 2309 voro
1061 2264 1129 2308 nou

156 2334 241 2391 88881
263 2336 483 2410 opportunum
502 2326 555 2392 hio
572 2325 749 2410 quidquam
765 2335 908 2394 mutare:
930 2329 1015 2411 qnia,
1037 2338 1130 2394 ante·

155 2431 252 2494 quam
275 2411 438 2478 adfinem
465 2411 678 2478 eonfossionis
701 2421 838 2478 ventum
865 2415 978 2493 fuerit,
1009 2434 1130 2498 magna

154 2517 228 2580 pars
252 2498 367 2582 incipit
389 2519 534 2583 surgere.
567 2495 642 2578 Quo
665 2499 769 2582 magis
790 2509 950 2582 optamus,
972 2498 1051 2566 dum
1073 2521 1129 2568 vo·

154 2583 201 2650 bis
228 2584 401 2735 iffioegmm
428 2593 492 2663 est,
520 2582 677 2668 populum
703 2596 852 2650 vestrum
884 2584 926 2650 ad
953 2598 1130 2670 utrumque

154 2689 250 2736 assus
276 2692 333 2736 err.

238 2755 283 2822 Iu
306 2777 408 2822 88888
429 2753 690 2822 administranda
710 2754 885 2840 aliquando
899 2755 998 2822 Pauli
1020 2757 1129 2823 verbis

154 2862 233 2908 8888
256 2863 344 2907 sum:
372 2839 430 2908 sed
450 2842 527 2924 qnia
548 2841 635 2925 apud
655 2841 800 2926 singulos
821 2843 926 2924 repeti
948 2863 1017 2908 non
1038 2851 1130 2926 pote-

154 2935 240 3006 rant,
264 2927 345 3011 quin
365 2927 495 3012 longior
516 2948 608 2992 mora
631 2927 822 2993 iniieeretur
843 2927 887 3011 (si
909 2935 1019 2994 autem
1042 2927 1130 2994 iuter

154 3013 261 3097 ipsam
283 3013 505 3080 resitutionem
534 3013 644 3096 plures
672 3014 870 3093 transirent,
899 3015 957 3080 vix
985 3012 1130 3082 desimus

154 3100 292 3183 quisque
313 3098 548 3182 assequebatur
569 3099 647 3184 quid
666 3099 793 3180 vellem,
816 3121 913 3164 nemo
931 3100 1131 3184 percipiebat

154 3185 319 3270 integram
351 3185 562 3268 seutentiam)
595 3185 750 3252 desistere
784 3185 895 3250 malui
948 3185 1021 3252 Iam
1050 3207 1129 3252 vero

155 3271 296 3355 siugulis
322 3269 489 3336 mensibus
516 3291 651 3338 ooenam
679 3270 836 3338 celebrari
863 3271 1007 3336 maximo
1035 3272 1130 3338 nobis

153 3356 313 3440 plaoerot:
346 3355 443 3422 modo
471 3379 514 3422 ne
546 3379 628 3424 usus
660 3357 861 3441 frequentior
893 3357 1130 3442 negligentiam

154 3443 272 3525 pariat
307 3442 394 3508 Nam
418 3441 497 3507 dum
518 3444 623 3508 maior
643 3465 720 3526 pars
737 3465 758 3508 a
779 3443 1007 3508 eommuuiono
1029 3444 1128 3510 absti-

154 3535 224 3608 net,
255 3527 492 3612 quodammodo
514 3527 692 3612 dissipatur
714 3528 856 3596 88818818
901 3529 1058 3594 Melimns
1079 3537 1127 3596 ta·

153 3633 230 3680 men
248 3614 389 3700 singulis
406 3613 574 3680 mensibus
591 3615 724 3682 invitari
736 3615 915 3694 eoelesiam,
934 3636 1033 3697 quam
1050 3637 1129 3698 qua·

153 3706 204 3766 tor
224 3700 390 3766 duntaxat
417 3702 453 3764 in
480 3700 628 3785 singulos
655 3721 772 3768 anuos:
803 3709 840 3766 ut
868 3699 954 3782 apud
976 3720 1036 3766 nos
1057 3701 1129 3768 lieri

153 3786 245 3852 solet
292 3785 403 3868 Quum
425 3786 491 3852 huo
512 3787 656 3870 primum
675 3787 759 3864 veni,
782 3808 849 3850 non
871 3783 1129 3854 distribuebatur

153 3872 218 3938 uisi
241 3879 292 3937 ter
314 3873 501 3956 quotannis:
524 3871 710 3955 etquidem
731 3879 769 3937 ut
785 3872 874 3938 iuter
895 3892 1030 3938 8888888
1041 3873 1129 3938 Ρ88-

153 3965 292 4024 18888188
309 3967 342 4024 et
354 3957 484 4024 Natalis
496 3955 630 4038 Christi,
653 3965 777 4042 septem
799 3959 858 4022 toti
881 3978 1010 4024 mensas
1027 3959 1129 4024 inter-

153 4041 317 4111 oederent
352 4042 438 4110 Mihi
455 4043 627 4128 plaeobant
643 4045 765 4129 singuli
783 4064 928 4123 meuses;
950 4042 1008 4109 sed
1029 4065 1130 4127 quum

152 4129 290 4195 minimo
312 4129 554 4212 persuaderem,
581 4129 684 4196 satius
704 4131 812 4196 818888
834 4137 885 4196 881
905 4129 1016 4212 populi
1036 4129 1129 4195 infir·

153 4215 261 4280 unitati
277 4215 455 4300 ignoseere,
479 4237 577 4298 quam
597 4217 796 4298 pertinatius
818 4214 1024 4282 contendere.
1062 4214 1130 4281 Cu-

154 4301 225 4367 ravi
256 4309 368 4366 tamen
394 4301 511 4366 referri
545 4301 579 4366 in
612 4308 686 4368 aeta
718 4301 849 4386 publiea
876 4301 1031 4368 vitiosum
1058 4321 1130 4368 esso

153 4406 280 4452 morem
301 4393 463 4466 nostrum,
486 4394 524 4453 ut
540 4387 680 4471 posteris
697 4387 821 4454 faoilior
838 4394 924 4453 osset
944 4407 982 4453 ao
998 4386 1130 4454 liberior

152 4473 320 4540 eorreotio.

241 4557 311 4625 Cur
333 4578 467 4624 menam
493 4559 637 4644 aegrotis
657 4558 842 4642 negandam
863 4578 934 4624 8888
956 4579 1023 4624 888
1044 4556 1130 4624 arbi·

153 4650 233 4724 tror,
257 4643 382 4710 multuo
403 4652 577 4730 etgraves
599 4663 715 4710 oausae
735 4665 788 4710 ms
805 4643 989 4726 impellunt.
1023 4643 1130 4710 Video

152 4731 282 4796 interea
302 4751 401 4814 qoam
422 4730 575 4814 proclivis
597 4730 633 4796 in
653 4730 773 4796 multos
795 4729 916 4795 abusus
941 4731 986 4796 sit
1006 4728 1128 4813 lapsus,

152 4815 273 4902 quibus
289 4816 470 4901 prudenter
487 4815 664 4900 seduloque
684 4813 921 4882 oeourrendum
932 4825 1027 4882 esset.
1056 4815 1129 4882 Nisi

153 4904 245 4968 enim
263 4903 306 4968 sit
322 4903 583 4982 eommunieatio,
605 4922 777 4987 perperam
799 4899 983 4968 deflectitur
1000 4923 1021 4968 a
1036 4921 1130 4968 saera

154 4987 362 5056 institutione
381 4987 517 5054 Christi
565 4987 751 5057 Conveniat
778 5006 857 5072 orgo
880 4985 997 5071 aliquis
1018 4995 1130 5054 ooetus

886 5233 894 5262 r
997 5187 1128 5260 Μῶν

1105 5311 1108 5324 l

1184 611 1372 679 distributio
1400 633 1443 678 ex
1476 612 1633 680 mandato
1661 613 1800 682 Christi:
1836 615 1954 684 deinde
1986 619 2164 688 conianolo

1184 700 1336 766 81188118
1358 719 1434 766 oum
1456 700 1606 784 mysterii
1635 701 1865 785 explieatione:
1900 723 1962 770 neo
1984 703 2164 788 quidquam

1185 803 1206 848 8
1227 787 1393 850 eommuni
1413 784 1568 852 ecelesiae
1590 787 1716 852 ratione
1744 786 1920 854 diversum.
1970 789 2164 862 Promissus

1186 871 1285 942 etiam
1308 871 1372 938 hue
1399 879 1433 935 et
1454 870 1533 936 illue
1561 870 1702 952 deferre,
1730 873 1828 939 valde
1853 875 2073 958 perieulosum
2102 883 2163 944 est.

1185 957 1296 1040 Atque
1320 957 1373 1023 hio
1396 956 1625 1022 difficillimum
1648 967 1698 1023 est
1719 979 1850 1040 cavere,
1880 982 1922 1026 ne
1944 960 2024 1026 alios
2047 983 2163 1046 super-

1185 1042 1283 1122 stitio,
1306 1043 1387 1109 ulios
1410 1042 1545 1108 ambitio
1568 1051 1602 1108 et
1623 1063 1709 1110 vana
1726 1046 1902 1112 ostentatio
1922 1041 1964 1112 ad
1983 1047 2164 1130 petendum

1185 1127 1346 1194 sollieitet
1391 1128 1507 1211 Itaque
1529 1128 1649 1196 iudieio
1671 1150 1753 1213 opus
1781 1139 1868 1198 esset
1889 1152 1927 1196 ao
1949 1130 2089 1213 deleatu,
2118 1154 2162 1200 ne

1185 1214 1304 1296 quibus
1327 1213 1463 1279 daretur
1479 1214 1544 1278 nisi
1564 1215 1599 1280 in
1616 1235 1739 1299 magno
1758 1216 1844 1282 vitea
1862 1217 2060 1284 discrimino.
2095 1219 2163 1286 Pa·

1184 1320 1261 1364 nom
1278 1308 1437 1382 tauquam
1456 1319 1587 1366 saornm
1606 1321 1624 1366 e
1642 1300 1766 1384 templo
1784 1302 1895 1368 afferri
1913 1311 2162 1386 praeposterum

1185 1391 1249 1450 est:
1285 1385 1408 1469 gestari
1436 1406 1513 1451 vero
1540 1387 1575 1450 in
1604 1407 1724 1470 pompa
1751 1387 1842 1454 nullo
1864 1388 1960 1455 modo
1982 1388 2161 1456 tolerabile.

1184 1468 1304 1536 Valete
1336 1470 1450 1536 eximii
1484 1471 1547 1536 viri
1586 1479 1619 1538 et
1650 1493 1693 1536 ex
1731 1473 1840 1540 animo
1874 1472 2001 1541 nolendi
2032 1473 2161 1544 fratres.

1184 1555 1348 1622 Dominus
1371 1578 1430 1622 vos
1452 1562 1591 1636 tueatur,
1615 1558 1835 1642 gubernatae
1857 1560 2027 1628 benedioat
2044 1580 2162 1645 perpe-

1183 1645 1249 1708 tuo.
1294 1641 1460 1722 Generae,
1487 1645 1533 1706 12.
1556 1643 1701 1728 Augusti
1725 1648 1815 1710 1561.

1193 1931 1244 1986 AD
1254 1931 1469 1988 BAPTlSlthl
1480 1930 1593 1988 maus
1604 1931 1784 1988 tumulus
1795 1931 2111 1990 ADMINISTRATUM·
2121 1936 2142 2002 ¹)

1267 2070 1402 2136 Literae
1428 2077 1557 2135 vestrae
1591 2089 1751 2154 perquam
1778 2068 1872 2135 nobie
1899 2069 2060 2136 ineundae
2089 2072 2160 2138 lire-

1181 2160 1269 2234 runt,
1300 2154 1416 2239 optimi
1436 2155 1569 2234 fratres,
1599 2154 1687 2237 quod
1715 2151 1849 2220 tandem
1871 2152 1964 2222 vobis
1986 2177 2160 2224 oonoessus

1182 2241 1226 2306 sit
1246 2241 1280 2306 18
1301 2241 1381 2308 urbe
1402 2241 1501 2319 loeus,
1523 2249 1558 2306 et
1575 2239 1651 2304 data
1669 2239 1884 2308 oonoionandi
1900 2241 2043 2307 libertas.
2084 2243 2160 2310 Hoo

1182 2325 1351 2411 singulare
1373 2326 1567 2393 benefioium
1594 2325 1668 2392 aliis
1696 2323 1874 2392 maioribus
1897 2327 1990 2392 Deus
2011 2327 2159 2394 cumula·

1181 2411 1239 2478 bit
1283 2413 1358 2480 Etsi
1380 2420 1491 2478 autem
1513 2433 1574 2478 vos
1602 2421 1740 2478 manent
1768 2411 1845 2476 novi
1874 2419 1907 2476 et
1935 2413 2060 2479 assidui
2081 2435 2158 2480 eou-

1181 2499 1299 2577 flietus,
1322 2505 1355 2563 et
1376 2497 1471 2564 brevi
1492 2497 1575 2563 forte
1597 2505 1749 2582 erumpet
1765 2496 1885 2562 diaboli
1902 2497 2001 2577 furor,
2024 2505 2159 2568 strenuo

1181 2583 1386 2669 pergendum
1419 2584 1491 2650 erit
1540 2582 1773 2666 Superioribus
1804 2583 1924 2648 vestris
1955 2582 2060 2650 literis
2093 2585 2158 2654 huo

1181 2691 1285 2754 nsque
1313 2692 1380 2736 nou
1413 2668 1654 2752 respondimus:
1689 2669 1768 2752 quia
1794 2689 1891 2734 nemo
1921 2689 1956 2733 se
1984 2669 2157 2751 obtulerat,

1181 2757 1236 2838 qui
1263 2763 1393 2822 nostras
1421 2763 1492 2820 tuto
1524 2755 1691 2838 perferret.
1747 2755 1800 2819 De
1831 2755 2020 2836 quaestione
2046 2763 2157 2821 autem

1180 2843 1348 2925 proposita
1369 2841 1415 2908 sio
1441 2840 1609 2906 sentimus.
1660 2837 1748 2921 Quia
1776 2861 1872 2904 nemo
1901 2841 2051 2924 privatus
2078 2839 2158 2924 bap-

1180 2928 1270 2993 tismi
1292 2927 1459 3011 legitimus
1481 2931 1532 2991 est
1552 2926 1718 3004 minister,
1747 2925 1825 2991 huie
1853 2925 1939 2990 malo
1967 2945 2081 2992 severe
2103 2946 2158 2993 oo·

1181 3011 1381 3079 ourrendum
1407 3031 1493 3078 esse:
1527 3012 1604 3094 quia
1631 3011 1806 3076 manifesta
1833 3008 1986 3094 baptismi
2008 3019 2059 3078 est
2080 3033 2157 3096 pro-

1181 3099 1311 3163 fanatio.
1362 3099 1409 3164 Et
1431 3097 1585 3182 quoniam
1612 3097 1666 3163 hio
1689 3117 1760 3162 mos
1782 3117 1956 3180 perversus
1977 3117 2019 3161 ex
2042 3119 2157 3182 super·

1181 3185 1314 3250 stitione
1332 3183 1435 3250 traxit
1451 3183 1621 3266 originem,
1641 3181 1719 3248 dum
1737 3182 1852 3247 salutis
1869 3183 2046 3248 necessitas
2061 3185 2157 3268 siguo

1181 3271 1280 3336 affixa
1301 3271 1378 3350 fuit,
1406 3291 1444 3335 eo
1466 3269 1576 3334 minus
1596 3267 1776 3334 fovendum
1805 3281 1855 3336 est
1876 3267 2000 3352 duplex
2021 3269 2156 3337 malum.

1180 3355 1382 3422 Dubitantar
1402 3355 1466 3422 hae
1488 3353 1528 3419 de
1550 3375 1586 3420 re
1608 3353 1754 3436 loquitur
1765 3354 1987 3437 Augustinus:
2011 3351 2050 3420 Si
2066 3355 2156 3438 quis·

1204 3443 1270 3508 iam
1287 3443 1438 3526 privatus
1455 3439 1606 3524 baptizet,
1624 3439 1680 3504 ubi
1698 3439 1786 3524 oogit
1801 3439 1987 3518 nenessitas,
2007 3447 2064 3504 881
2081 3439 2156 3506 nul-

1179 3464 1250 3592 lum
1273 3535 1324 3594 est
1351 3535 1409 3594 aut
1435 3526 1564 3592 veniale
1595 3523 1760 3591 deliotum.
1812 3525 1915 3608 Atqui
1941 3525 2035 3592 nobis
2056 3524 2156 3610 longe

1179 3613 1285 3696 pluris
1306 3633 1377 3678 esse
1399 3612 1496 3678 debet
1516 3611 1704 3677 inviolabile
1722 3609 1849 3676 Christi
1866 3609 2070 3676 mandatum:
2094 3610 2156 3692 Ite,

1181 3699 1308 3778 dooete,
1337 3699 1498 3782 baptizate
1526 3697 1661 3774 (Matth.
1683 3701 1733 3776 28,
1757 3695 1819 3774 19).
1869 3695 1934 3762 Η18
1955 3717 2061 3762 uerus
2082 3697 2156 3764 abs·

1180 3805 1243 3868 que
1276 3784 1446 3868 sacrilegio
1475 3781 1559 3850 solvi
1586 3803 1653 3847 non
1682 3788 1798 3864 potest
1849 3781 1986 3846 Aoeedit
2018 3783 2157 3866 apostoli

1181 3870 1358 3938 sententia:
1387 3871 1493 3936 Nemo
1513 3876 1652 3952 usurpat
1672 3867 1734 3933 sibi
1756 3867 1923 3944 honorem,
1946 3865 2003 3932 sed
2024 3867 2080 3950 qui
2098 3889 2156 3934 vo-

1181 3963 1273 4022 aatus
1296 3963 1346 4022 est
1365 3954 1463 4041 (Heb.
1484 3957 1513 4034 5,
1532 3954 1577 4036 4).
1610 3952 1843 4019 Adulterinum
1862 3971 1940 4036 ergo
1957 3949 2155 4035 baptismum

1182 4061 1368 4122 oeusemus,
1396 4041 1452 4124 qui
1473 4038 1720 4104 administratus
1748 4045 1798 4103 881
1819 4037 1989 4120 apriveto
2012 4038 2155 4106 homine.

1182 4128 1233 4196 Aa
1254 4128 1291 4193 in
1313 4127 1448 4194 eoelesia
1468 4132 1556 4192 reete
1576 4124 1754 4207 composita
1775 4121 1955 4189 tolerabilis
1979 4143 2048 4188 non
2069 4135 2158 4190 esset

1183 4211 1264 4279 haee
1285 4213 1462 4280 temeritas
1514 4208 1582 4276 Sed
1604 4212 1681 4293 quia
1708 4208 1743 4273 id
1763 4207 1850 4292 apud
1872 4229 1933 4274 vos
1954 4207 2041 4274 inter
2062 4209 2156 4293 prin-

1181 4291 2157 4452 tlttittldlftttlttlttflzltfttlt:t

1574 4431 1582 4460 1

1181 4472 1295 4548 venia,
1328 4469 1384 4536 sed
1420 4467 1574 4534 ferendus
1607 4473 1657 4532 ost
1689 4465 1923 4549 qualiscunque
1956 4463 2155 4550 baptismus:

1181 4554 1277 4622 modo
1298 4575 1341 4620 ne
1362 4555 1399 4620 iu
1420 4551 1608 4637 exemplum
1630 4551 1790 4632 trahatur,
1812 4551 1898 4636 qnod
1916 4549 2018 4618 semel
2039 4572 2157 4637 porpe-

1180 4663 1253 4708 ram
1284 4649 1415 4726 gestum
1447 4647 1506 4706 est
1560 4637 1647 4704 Nam
1686 4638 1722 4702 in
1754 4637 1911 4704 eoolosiae
1944 4635 2158 4720 dissipatione

1180 4727 1287 4794 mrrlta
1308 4727 1399 4792 Deus
1425 4724 1604 4804 oondouat,
1633 4744 1716 4807 quae
1743 4723 1833 4788 nullo
1861 4721 1959 4788 modo
1984 4721 2156 4788 admittere

1180 4814 1230 4880 fus
1251 4821 1338 4879 esset
1359 4811 1394 4876 iu
1415 4811 1583 4878 ecelesiam
1606 4810 1689 4876 bene
1709 4807 1905 4876 ordinatam.
1943 4807 2033 4874 Olim
2054 4828 2157 4892 quum

1181 4899 1297 4966 vitiato
1313 4904 1400 4963 osset
1416 4896 1540 4982 religio,
1563 4895 1651 4961 haud
1674 4893 1770 4961 dubie
1789 4894 1901 4959 multis
1919 4893 2008 4958 vitiis
2030 4914 2068 4959 ae
2085 4913 2156 4958 oor-

1181 4985 1317 5068 rnptolis
1339 4982 1499 5067 implioita
1519 4980 1724 5050 ehonmoisio
1745 4981 1822 5045 fuit:
1845 4999 1942 5064 quam
1964 4985 2076 5044 tamen
2093 4979 2156 5044 ite·

1180 5185 1656 5328 rallltta‘fdt'l'thtl
1674 5179 2031 5390 Wall‘lssffl‘
2047 5198 2075 5252 ¹⁹·
2092 5178 2156 5254 ⁶³⁰·
