4852 6022
256 287 323 354 ιιι
881 355 888 370 ‚
1026 277 1289 347 amsuoana
1314 282 1481 344 ιιι-ιιι
2192 281 2256 344 ιιι

257 470 343 548 illio,
371 469 435 536 nisi
463 468 578 534 habita
609 468 725 536 fuisset
757 467 930 534 ministerii
962 469 1063 544 ratio,
1099 467 1234 532 infamia
1283 473 1393 531 turam
1419 473 1595 548 pastorem;
1625 465 1809 544 dominum,
1839 465 1926 548 quod
1953 487 2012 532 nos
2038 485 2099 550 pro
2121 463 2255 531 arbitrio

257 556 374 620 suisset
402 560 546 620 notatus
576 553 740 636 Impinxit
762 554 852 618 enim
874 553 999 620 crimen
1028 553 1123 620 alteri
1145 552 1231 634 quod
1284 572 1380 632 quem
1407 551 1568 616 vellemus
1595 551 1859 634 designaremus,
1888 557 1922 616 st
1950 572 2051 634 quum
2073 573 2109 617 se
2131 552 2256 617 vocant

257 639 397 724 probare
426 660 494 705 non
520 641 636 722 potuit.
685 637 869 722 Oportebat
897 638 999 721 igitur
1020 659 1094 704 eum
1117 637 1232 703 haberi
1284 637 1436 703 dominus
1463 657 1506 701 ex
1532 637 1601 702 loeo
1622 639 1675 703 cui
1696 637 1763 701 iam
1784 639 1828 702 sit
1850 637 2042 714 consultum,
2064 639 2123 702 fist
2145 639 2256 718 utqui

259 747 357 810 quem
379 724 509 790 dixerat
529 724 670 790 alterum
691 745 772 796 esse.
808 723 962 790 Scortum
983 725 1067 806 quod
1091 724 1232 790 duxerat
1283 722 1425 788 voluerit
1445 723 1508 806 ipsi
1529 744 1653 788 morem
1675 743 1789 806 gerere
1810 723 1853 787 sit
1873 724 1945 788 sine
1972 723 2040 787 ulla
2060 721 2255 789 conditione.

257 831 324 876 non
354 809 548 876 abhorrebat
576 819 730 876 avctore
756 817 948 887 scortatore,
977 819 1017 874 ut
1045 810 1174 892 saepius
1196 811 1230 874 in
1281 807 1505 873 Fiuntomnia
1526 810 1718 886 communia,
1742 807 1943 892 dissipantur
1959 829 2042 890 quae
2059 808 2256 891 pauperibus

257 897 394 962 aedibus
421 895 601 960 Alexandri
626 903 740 980 ageret
766 905 801 961 et
827 904 1047 978 pernoctaret,
1080 895 1160 962 adeo
1193 903 1232 958 ut
1283 903 1379 958 eraut
1421 893 1612 976 elargienda
1653 895 1688 958 in
1732 896 1986 976 compotationes
2031 906 2064 958 et
2109 915 2253 959 munera.

257 981 376 1048 fratres
397 982 582 1059 obiecerint,
604 981 757 1046 lenonem
778 981 888 1063 ipsum
906 1002 976 1046 esse
997 982 1118 1046 uxoris.
1163 978 1231 1046 Sed
1283 977 1432 1044 Offertur
1464 979 1609 1057 domino,
1644 980 1673 1044 si
1705 979 1785 1044 velit
1818 980 1869 1044 vel
1902 979 1960 1045 00
1997 981 2137 1044 florenos
2169 979 2254 1060 dare,

258 1067 336 1150 quid
354 1068 436 1133 haec
457 1066 654 1150 persequor?
708 1065 819 1146 Quum
842 1077 989 1148 speraret
1017 1088 1051 1132 se
1080 1065 1230 1149 possein
1282 1086 1447 1130 cessurum
1470 1065 1555 1154 quod
1573 1074 1731 1148 superest
1765 1066 1898 1130 Interea
1914 1065 2058 1148 primum
2076 1066 2255 1130 divortium

258 1151 383 1218 ditione
410 1173 499 1217 nova
526 1152 762 1228 Beruensium,
790 1173 888 1234 quam
910 1153 1038 1234 saepius
1070 1153 1231 1216 inviserat
1282 1151 1321 1214 fit
1337 1151 1373 1214 in
1384 1151 1533 1215 ministro
1548 1150 1711 1233 Gallor²⁹)
1729 1172 1794 1232 qua
1806 1153 1941 1228 ratione,
1960 1172 2074 1217 omnes
2084 1153 2253 1217 mirantur.

256 1284 449 1304 ..........
471 1257 533 1302 neo
554 1239 675 1302 mirum
695 1259 794 1321 quum
818 1237 946 1304 Gallias
967 1239 1156 1320 saepissime
1173 1235 1230 1305 ad·
1282 1235 1402 1318 Fitque
1430 1236 1577 1314 Bernae,
1604 1259 1643 1302 ao
1670 1258 1728 1318 pro
1754 1237 1845 1300 omni
1871 1239 2001 1302 ratione
2027 1248 2157 1302 tuntum
2180 1237 2255 1303 licet

255 1322 339 1402 ierit,
361 1323 579 1406 relietaplcbe
600 1324 700 1388 etiam
722 1343 781 1405 per
802 1343 930 1390 menses
947 1323 1079 1406 aliquot,
1098 1323 1230 1388 tandem
1282 1322 1487 1404 respondere,
1510 1322 1674 1404 sapientes
1695 1343 1766 1387 csse
1783 1323 1839 1404 qui
1856 1321 2049 1388 admiserint
2066 1322 2253 1388 divortium.

256 1407 386 1474 Bernae
414 1408 568 1486 obtinuit,
597 1409 747 1490 quamvis
775 1429 841 1474 non
875 1409 1031 1474 consultis
1065 1410 1228 1486 fratribus,
1281 1407 1422 1472 Ridetur
1439 1408 1657 1472 ministerium
1675 1408 1794 1474 obtam
1808 1408 2032 1491 impudentem
2047 1408 2253 1486 nebulonem,

255 1516 361 1578 neque
383 1495 486 1561 classe
507 1494 542 1559 in
565 1515 663 1576 quam
684 1493 803 1560 missus
824 1494 899 1573 luit,
928 1503 965 1558 ut
992 1496 1143 1560 Tonnoni
1172 1493 1228 1559 do·
1281 1493 1336 1575 qui
1356 1492 1561 1574 repudiatam
1583 1495 1703 1576 excipit
1724 1491 1812 1558 domi
1833 1513 1871 1558 ac
1887 1494 1922 1558 iu
1935 1495 2058 1578 gremio
2069 1493 2199 1570 dormit,
2222 1505 2253 1559 et

255 1589 352 1645 aeret.
409 1581 534 1644 Verum
566 1579 654 1645 locus
687 1589 758 1644 erat
789 1588 979 1658 montanus,
1011 1601 1049 1646 ac
1080 1579 1229 1646 hostibus
1281 1580 1518 1660 conquiruntur
1539 1580 1573 1644 in
1595 1581 1700 1662 capite
1724 1577 1865 1661 pediculi
1883 1579 1923 1644 ab
1942 1601 2054 1644 uxore.
2087 1578 2162 1660 Quo
2180 1579 2252 1662 plus

254 1666 399 1744 vicinus,
427 1672 541 1748 utpote
567 1666 604 1728 in
630 1685 694 1747 quo
722 1673 838 1747 captus
864 1665 928 1730 fuit
954 1667 1026 1748 pius
1051 1666 1160 1742 ille²⁴)
1188 1666 1228 1730 de
1281 1666 1348 1729 suis
1369 1665 1464 1730 factis
1485 1663 1624 1728 infamat
1645 1665 1881 1742 ministerium,
1911 1686 1949 1729 eo
1978 1665 2085 1749 magis
2106 1666 2177 1730 suis
2199 1665 2252 1730 de-

255 1771 319 1832 quo
340 1750 472 1828 audisti,
495 1751 605 1816 frater.
639 1749 737 1830 Quod
754 1771 856 1834 quum
874 1751 1000 1816 videret
1011 1751 1091 1817 alias
1102 1753 1229 1834 putavit
1281 1751 1493 1816 auctionibus
1515 1749 1694 1832 proscindit
1718 1751 1843 1816 fratres.
1897 1749 2120 1816 Convenimus
2142 1773 2253 1816 omnes

255 1835 573 1918 sedesquoerendas.
610 1833 1041 1918 QuumquoNeocomenses,
1058 1837 1229 1919 exquibus
1280 1855 1317 1900 ac
1338 1856 1511 1918 supremus
1532 1835 1752 1920 magistratus.
1796 1837 1861 1902 Hic
1884 1847 1991 1902 aetum
2021 1848 2072 1902 est
2098 1837 2134 1900 in
2158 1837 2252 1902 Ana

256 1923 415 2004 assumpti
443 1932 538 1986 erant
566 1921 770 1988 seleetissimi
799 1943 857 2004 pro
880 1921 1002 1988 ditione
1024 1924 1229 2001 Bernatium,
1279 1923 1422 1986 andrum.
1474 1921 1587 1986 Iussus
1610 1931 1667 1986 est.
1682 1923 1750 1987 loco
1778 1923 1909 2000 cedere,
1938 1923 2097 2005 uobisque
2120 1921 2251 1988 deman·

254 2009 351 2090 pauci
362 2013 480 2083 essent,
498 2026 537 2071 aa
550 2005 761 2090 Olnndins²⁵)
773 2008 984 2074 concessisset
995 2008 1228 2094 Agathopolin,
1281 2006 1394 2072 datum
1413 2017 1451 2072 ut
1471 2007 1708 2091 prospiciamus
1725 2007 1765 2072 de
1783 2006 1909 2072 idoneo.
1943 2009 2010 2073 Hic
2027 2009 2133 2090 coepit
2150 2009 2251 2072 multo

253 2115 321 2158 non
355 2101 484 2158 tantum
517 2092 715 2168 Alexander,
748 2114 866 2158 verum
905 2114 1003 2172 rrxor,
1045 2117 1086 2159 ne
1122 2095 1229 2160 dicam
1280 2093 1385 2176 magis
1406 2094 1528 2157 instare
1549 2092 1731 2158 maledictis
1747 2115 1785 2158 ac
1804 2093 1928 2176 plebem
1948 2095 1983 2158 in
2001 2115 2062 2158 nos
2079 2097 2250 2170 concitare,

253 2185 415 2256 scortum,
449 2178 623 2260 diligenter
655 2178 827 2260 inquirunt
858 2179 966 2244 locum
1004 2181 1155 2262 pinguem
1196 2191 1228 2244 et
1280 2199 1318 2243 ac
1338 2200 1439 2261 quum
1460 2183 1621 2242 metueret
1643 2179 1725 2255 vim,
1754 2181 1908 2244 convenit
1935 2201 2008 2244 cum
2032 2179 2125 2263 plebe
2147 2181 2176 2244 ei
2198 2201 2250 2244 ve·

253 2285 396 2330 suavem.
441 2263 633 2328 Albinensis
654 2263 757 2347 igitur
779 2264 869 2328 visus
886 2273 936 2330 est
952 2265 1100 2348 insignis.
1134 2266 1229 2332 Uxor
1279 2265 1373 2328 nient
1400 2263 1515 2346 aliqui,
1546 2273 1656 2328 currat
1677 2263 1719 2328 ad
1744 2285 1917 2347 campanas
1935 2279 1968 2330 et
1989 2266 2106 2348 pulset,
2130 2267 2159 2330 si
2177 2285 2251 2329 con·

254 2351 358 2434 igitur
380 2347 449 2414 adit
470 2347 645 2426 dominam,
668 2369 750 2431 quae
768 2357 848 2415 tuno
870 2352 1094 2432 paeneomnia
1111 2351 1228 2434 agebat
1279 2348 1372 2414 cedat
1393 2359 1540 2414 nostrum
1565 2349 1689 2432 aliquis.
1735 2348 1791 2415 Sic
1813 2350 1949 2415 offendit
1976 2351 2104 2433 plebem
2136 2352 2251 2417 utrix

253 2456 349 2502 caeco
370 2435 554 2517 marito,²⁶)
582 2433 668 2498 dixit
693 2456 727 2499 se
749 2455 846 2500 nosse
876 2436 1036 2518 optimum
1056 2439 1226 2502 conciona-
1279 2436 1340 2501 sibi
1373 2444 1531 2518 temperet
1558 2455 1577 2498 a
1605 2437 1654 2512 ri,
1689 2457 1789 2517 quum
1818 2457 1906 2500 nuno
1940 2457 2012 2501 eum
2041 2437 2252 2520 experiamur

252 2532 373 2586 torem:
403 2522 431 2586 si
460 2519 541 2586 velit
568 2520 680 2585 literas
709 2519 787 2584 dare
816 2520 1015 2602 perlaturam
1042 2543 1086 2588 se.
1137 2521 1226 2589 Scri·
1279 2520 1374 2586 valde
1403 2519 1586 2604 benignam.
1638 2520 1750 2600 Quum
1776 2523 1879 2606 igitur
1910 2543 2016 2605 neque
2045 2523 2250 2606 magistratui

252 2606 378 2670 buntur
404 2605 536 2684 literae,
568 2626 648 2687 quas
682 2606 738 2670 ubi
768 2607 954 2672 Alexander
982 2608 1116 2690 accipit,
1148 2629 1227 2674 mox
1279 2613 1417 2689 pareret,
1440 2627 1478 2671 ee
1500 2606 1626 2688 plebem
1644 2607 1835 2685 concitaret,
1866 2608 2015 2689 maleque
2044 2611 2201 2674 intrasset
2219 2617 2251 2673 et

252 2691 378 2774 colligit
398 2712 485 2769 vasa,
507 2690 624 2756 laetior
646 2690 728 2773 quod
753 2691 886 2756 tandem
907 2691 1014 2758 locum
1036 2700 1227 2776 exoptatum
1279 2713 1406 2774 semper
1444 2693 1480 2756 in
1518 2691 1662 2756 deterius
1701 2695 1886 2774 proficeret,
1924 2702 2075 2775 essetque
2108 2694 2250 2758 maximo

252 2777 298 2842 sit
320 2785 522 2858 assequutus.
558 2777 610 2841 De
632 2797 794 2844 consensu
814 2778 954 2842 fratrum
972 2779 1227 2858 Tononensium,
1279 2776 1474 2844 offendiculo
1497 2778 1604 2856 verbo,
1626 2786 1696 2842 tum
1716 2779 1823 2860 ipsum
1847 2787 1917 2844 tum
1943 2778 2157 2844 Glarrdinenm
2186 2789 2248 2844 tra·

253 2871 287 2927 ot
306 2862 410 2928 multo
427 2863 537 2927 minus
558 2862 831 2928 Neooomensium
848 2863 940 2928 nulla
962 2865 1091 2930 mentio.
1137 2863 1227 2931 Satis
1279 2861 1420 2928 didimus
1438 2863 1588 2950 Somnus.
1623 2863 1785 2928 Riserunt
1806 2872 1952 2946 uterque,
1976 2863 2033 2930 sed
2054 2865 2249 2930 Glandineru

253 2955 334 3012 sunt
359 2968 445 3012 unae
471 2947 594 3014 literae.
644 2947 796 3013 Habetur
823 2948 950 3014 interea
971 2949 1116 3032 synodus
1135 2951 1226 3016 Lau·
1279 2947 1410 3014 tandem
1438 2949 1593 3013 fratribus
1623 2948 1686 3013 fuit
1706 2949 1943 3016 reconciliatus.
1988 2949 2175 3016 Alexander
2194 2972 2249 3014 ne-

252 3032 439 3116 sannae.²⁷)
489 3033 556 3098 Hic
595 3034 745 3115 queritur
785 3031 1037 3117 Christapbonas,
1076 3037 1147 3101 tum
1185 3035 1226 3101 de
1278 3057 1339 3118 que
1362 3033 1492 3100 veniam
1513 3055 1660 3117 unquam
1679 3035 1785 3117 petiit,
1808 3057 1914 3118 neque
1931 3035 2143 3102 reconciliari.
2179 3037 2248 3101 Imo

250 3119 444 3197 Alexandro,
468 3117 555 3200 quod
575 3118 682 3184 locum
705 3116 886 3184 deseruerit
902 3141 940 3186 aa
957 3121 1144 3188 insalutatis
1161 3123 1226 3187 fra-
1278 3141 1405 3202 semper
1427 3120 1495 3202 egit
1517 3119 1673 3202 quidquid
1700 3122 1807 3204 potuit
1833 3122 1870 3185 in
1896 3122 1989 3187 verbi
2017 3133 2051 3186 et
2077 3123 2248 3188 ministerii

249 3205 356 3270 tribus
367 3205 493 3282 abierit,
505 3211 576 3268 tum
588 3204 919 3284 deNeocomcusibus‚
932 3206 1017 3288 quod
1029 3209 1227 3272 attraxerint
1278 3205 1518 3270 detrimentum.
1567 3205 1698 3272 Pluries
1732 3208 1892 3274 concessit
1922 3207 1963 3272 ad
1998 3207 2177 3287 Bernates,
2212 3229 2249 3273 ao

250 3288 435 3364 adseclam
457 3309 518 3354 neo
539 3289 663 3373 ahquid
684 3290 860 3356 indicarint
877 3291 987 3358 classi:
1009 3293 1226 3374 perniciosum
1277 3291 1389 3356 retuht
1408 3290 1520 3356 literas
1542 3291 1660 3374 quibus
1677 3299 1715 3356 ut
1732 3291 1773 3356 ad
1790 3292 1921 3377 aliquod
1939 3301 2070 3376 tempus
2085 3294 2245 3360 haereret:

249 3374 314 3442 boc
341 3375 499 3454 ecclesiis,
527 3375 556 3440 si
585 3377 633 3442 ita
665 3375 722 3440 alii
754 3377 827 3442 aliis
859 3377 1027 3442 ministros
1060 3376 1224 3444 seducant
1277 3398 1360 3460 quae
1376 3377 1439 3442 etsi
1460 3385 1557 3442 erant
1577 3377 1683 3461 magis
1703 3377 1886 3444 indicantes
1908 3379 2082 3464 iudignum
2102 3381 2247 3462 sesequi

248 3459 490 3526 Neooomenses
517 3460 732 3544 respondent,
762 3461 898 3544 indigne
920 3463 1042 3528 laetum
1067 3462 1108 3528 ab
1130 3463 1226 3529 Alex-
1277 3465 1427 3541 ferretur,
1450 3483 1549 3544 quam
1570 3484 1652 3546 quae
1673 3463 1819 3530 surmont
1839 3485 1899 3546 pro
1930 3466 2015 3548 ipso,
2043 3475 2157 3530 tamen
2184 3487 2247 3530 non

251 3548 367 3626 andro,
394 3547 480 3629 quod
507 3547 588 3629 ipsis
616 3545 808 3612 inconsultis
836 3547 942 3612 locum
968 3549 1134 3631 occuparit
1155 3551 1227 3615 sine
1278 3549 1404 3614 veritus
1421 3549 1483 3612 fnit
1504 3549 1624 3614 minari
1641 3549 1791 3619 iramvel
1809 3552 2037 3634 gravissimam
2054 3551 2248 3616 Bernatium

250 3633 459 3714 probatione,
499 3652 559 3698 nec
597 3633 706 3713 aliqua
739 3630 911 3714 disciplina
943 3653 1014 3700 sese
1045 3636 1225 3701 intruserit.
1277 3635 1407 3717 plebem
1430 3632 1607 3699 admonens
1629 3655 1672 3699 na
1699 3643 1890 3717 paterentur
1916 3638 2024 3720 ipsum
2052 3637 2139 3718 pelli.
2183 3637 2248 3700 Vix

249 3717 441 3801 Respondet
453 3715 679 3801 Genaunes)
697 3725 734 3782 ut
751 3738 786 3782 se
804 3719 948 3798 intrusit,
967 3720 1013 3785 sie
1024 3721 1226 3786 extrudatur.
1279 3727 1426 3802 speraret
1451 3719 1568 3801 aliquis
1597 3721 1631 3783 in
1661 3728 1729 3784 tam
1756 3721 1886 3786 indocto
1915 3723 2021 3800 asino,
2049 3731 2119 3786 tam
2140 3725 2249 3806 inepto

249 3804 402 3888 Pergunt
422 3804 541 3868 fratres
563 3825 601 3868 ao
622 3811 750 3884 petant,
782 3811 819 3868 ut
845 3805 904 3868 fiat
927 3806 997 3870 sine
1018 3815 1119 3872 motu.
1163 3808 1226 3872 Ro·
1279 3803 1320 3869 ad
1341 3806 1451 3870 omnia
1471 3826 1553 3887 quae
1575 3815 1652 3870 sunt
1673 3807 1813 3888 pietatis,
1837 3815 1964 3872 tantum
1987 3817 2078 3872 astus
2100 3817 2134 3872 ct
2162 3809 2248 3874 calli-

251 3898 350 3974 gatur
371 3889 563 3965 Alexander,
586 3887 627 3952 cb
650 3888 819 3954 Christum
841 3900 964 3972 pareat.
1008 3891 1056 3956 Ut
1077 3891 1169 3956 videt
1193 3895 1227 3957 in
1280 3891 1388 3954 ditatis
1409 3891 1443 3954 in
1464 3890 1560 3966 malo,
1583 3901 1620 3955 ut
1640 3891 1781 3958 firmarit
1803 3895 1987 3975 pontificios
2008 3913 2045 3958 ac
2067 3896 2249 3959 interfuerit

252 3975 378 4057 syuodo
413 3975 603 4040 conclusum
635 3975 749 4050 fuisse,
780 3975 963 4040 Alexander
994 3975 1089 4041 modo
1122 3999 1227 4042 unum
1281 3978 1345 4040 rasi
1366 3975 1622 4056 intinctionibus,
1645 3999 1683 4042 ao
1705 3977 1867 4060 hospitem
1891 3978 2042 4044 babuerit
2063 3999 2184 4058 rasum,
2214 4001 2249 4044 ac

252 4060 332 4124 dicit
351 4060 448 4124 modo
472 4059 570 4139 aliud,
593 4059 651 4125 sed
668 4059 750 4124 nihil
768 4069 923 4141 praestat.
958 4063 1102 4126 'Pontum
1121 4064 1230 4147 pergit
1280 4062 1454 4126 traducens
1475 4062 1690 4128 ministerium
1713 4063 1886 4129 affirmarit
1907 4085 2019 4130 omnes
2038 4066 2164 4130 ventris
2182 4087 2248 4130 esse

255 4146 334 4212 satis
356 4146 464 4211 odiose
485 4148 519 4210 in
540 4148 668 4224 fratres,
688 4145 774 4228 quod
799 4167 835 4210 se
858 4146 960 4210 velint
986 4149 1169 4227 extrudere,
1192 4157 1230 4213 ut
1281 4168 1408 4224 servos,
1436 4147 1527 4212 cuius
1556 4149 1662 4231 gratis
1687 4149 1862 4215 doceanfirs
1890 4171 1972 4233 quae
1994 4153 2149 4216 novimus
2172 4151 2246 4216 salsa

255 4231 409 4312 pinguem
439 4232 582 4296 habeant
608 4231 788 4297 ecclesiam.
840 4231 940 4296 Modo
966 4233 1105 4314 plebem,
1134 4235 1228 4300 modo
1280 4252 1363 4298 esse:
1387 4241 1473 4298 utet
1492 4233 1560 4315 ipse
1583 4233 1662 4298 alias
1684 4233 1796 4300 docuit
1812 4245 1940 4300 tantum
1958 4245 1997 4300 ut
2013 4238 2168 4314 aleretur,
2190 4237 2243 4302 etsi

256 4314 425 4380 dominum
458 4317 628 4382 contendit
659 4317 792 4382 trahere
827 4317 863 4380 in
892 4338 983 4382 suam
1014 4321 1227 4385 sententiam:
1280 4319 1401 4385 sciebat
1422 4340 1456 4384 se
1478 4319 1561 4384 salsa
1582 4319 1679 4402 loqui,
1702 4343 1768 4385 uon
1790 4323 1949 4404 estquod
1970 4323 2120 4388 referam.
2162 4322 2246 4386 Zebe

254 4400 398 4484 plebem,
427 4401 456 4464 si
482 4403 608 4481 abierit,
630 4424 689 4485 per
711 4409 816 4466 totum
838 4402 1017 4468 triennium
1046 4425 1113 4468 non
1135 4406 1228 4472 habi·
1279 4405 1376 4470 ducas
1397 4405 1431 4468 in
1453 4405 1554 4470 classe
1574 4405 1816 4472 Inverdunensi
1837 4406 1876 4472 de
1898 4429 1935 4473 eo
1957 4417 2007 4474 est
2028 4419 2173 4490 questus,
2194 4405 2247 4472 sed

1281 4491 1376 4555 amici
1400 4489 1506 4555 Caroli
1526 4491 1656 4556 sortiter
1676 4513 1735 4573 pro
1756 4493 1939 4558 Alexandro
1964 4503 2141 4570 steterunt,
2172 4495 2246 4558 adeo

1280 4586 1319 4640 ut
1340 4578 1425 4658 passi
1447 4576 1515 4640 sint
1542 4585 1692 4660 stagera
1714 4587 1747 4642 et
1768 4579 1856 4661 loqui
1879 4601 1960 4661 quae
1982 4581 2118 4646 volebat.
2165 4581 2247 4644 Nam

255 4637 1230 4780 ...tt„decernerenturexsecrande
1281 4661 1357 4726 1...
1383 4661 1431 4726 u
1457 4662 1520 4726 vu
1630 4663 1766 4728 mallent
1920 4666 2055 4748 ...a
2079 4685 2177 4747 suam
2199 4665 2248 4730 c

259 4777 699 4844 &nusquamnunquam
716 4786 761 4834 est.
1280 4747 1453 4812 leviculum
1483 4747 1625 4814 officium
1653 4759 1827 4832 praestare.
1879 4749 1953 4816 Non
1980 4771 2155 4834 possumus
2177 4773 2248 4835 pro-
2289 4824 2295 4833 ¹

342 4844 389 4908 25)
408 4861 464 4898 non
480 4845 611 4898 Allobrox
628 4863 705 4915 quem
724 4847 854 4901 simlerus
871 4848 915 4902 bic
931 4850 1010 4916 videt,
1028 4850 1075 4903 sed
1095 4847 1132 4903 Ol.
1153 4849 1230 4906 Olera
1280 4834 1358 4898 bssl'ss
1380 4843 1448 4896 lam
1468 4834 1573 4898 mulla
1590 4855 1672 4917 1111116
1689 4855 1860 4918 perperam
1882 4837 1975 4916 fiunt,
1998 4857 2080 4920 (111116
2097 4845 2193 4919 poles
2210 4858 2248 4901 ex

253 4919 353 4982 1161101
370 4930 458 4981 “unet
474 4914 631 4968 Alassenses
651 4915 701 4978 (St
719 4916 833 4981 Aetia).
1282 4919 1435 4985 Zebedaeo
1452 4921 1579 4984 rescire.
1631 4919 1699 5000 Qui
1725 4931 1883 5004 quantum
1904 4923 2004 4987 fucrit
2023 4923 2249 5002 laborandum,

254 5055 283 5104 π
303 4981 512 5104 Trfflrffw‘l‘
529 4981 562 5036 ἀι
575 4981 758 5051 Nmsdmml
776 4984 881 5053 ΒΜ
896 4986 1093 5054 Va¹⁴²²¹³⁶l⁰l⁸v
1113 4985 1229 5056 ⁰⁰'lll‘'
1281 5027 1323 5069 ne
1345 5003 1463 5070 nebulo
1484 5007 1539 5087 qui
1561 5027 1634 5072 cum
1658 5005 1768 5072 (larolo
1789 5008 1936 5072 venitin
1955 5009 2177 5074 ministerium
2194 5007 2249 5074 ad·

343 5115 390 5182 27)
408 5117 470 5172 ride
486 5135 573 5187 snpra
590 5125 645 5172 not.
663 5114 705 5168 20.

344 5182 392 5250 28)
406 5201 517 5255 maereo
533 5187 640 5258 maedi
1365 5191 1410 5256 29)
1429 5193 1487 5248 Iac.
1505 5193 1547 5248 Le
1565 5191 1629 5264 θος,
1649 5193 1848 5263 Morpteasr'am
1863 5195 1996 5249 urbisne.

255 4559 381 4568 -4-——-—“
409 4557 460 4564 *⁴*-
