4852 6022
286 313 354 378 303.

370 495 440 562 Suo
462 494 602 562 Osirino
622 517 720 580 quam
741 496 910 563 earimimo
930 497 967 562 in
985 496 1128 562 Domino

991 581 1212 666 Argentorati

370 697 406 765 S.
439 699 566 784 Scripsi
587 711 620 766 et
640 699 768 779 multis,
799 719 858 765 neo
885 709 964 784 puto
992 699 1114 784 aliquid
1142 721 1256 784 super-

284 806 364 862 esse,
386 785 451 850 nisi
473 785 556 851 forte
575 795 650 870 post
671 785 850 852 abitionem
868 787 980 852 nuncii
998 786 1111 854 literas
1124 785 1257 853 Comani

284 873 482 954 exciperem,
511 871 630 955 quibus
652 878 791 943 testatur
872 871 1016 938 tissimus
1037 893 1127 938 meas
1155 873 1256 939 fuisse

283 954 523 1040 respondetque
544 957 748 1024 amicissime.
800 892 976 1024 {idaim

283 1049 353 1106 mat
373 1041 511 1120 vultum,
534 1061 658 1122 vocem,
681 1051 810 1128 gestum
831 1051 865 1108 et
881 1042 1039 1128 quidquid
1056 1051 1127 1110 erat
1143 1044 1180 1109 iu
1196 1045 1256 1110 ho·

282 1128 371 1192 mine
392 1127 476 1192 mire
498 1149 697 1212 propensum
715 1130 751 1193 in
768 1149 829 1194 uos
846 1129 994 1194 animum
1011 1151 1090 1213 prae
1107 1151 1142 1195 se
1160 1131 1255 1209 ferre,

282 1212 380 1295 idque
401 1221 489 1279 certe
510 1214 614 1279 credo.
655 1212 722 1281 Sed
745 1223 867 1298 quanto
889 1215 1015 1281 felicius
1036 1215 1152 1281 literae
1173 1216 1256 1282 ceci·

283 1298 405 1364 derunt
425 1299 513 1382 apud
537 1297 718 1381 Cumanam,
747 1307 838 1366 tauto
860 1301 1022 1367 infelicius
1044 1301 1130 1385 epod
1155 1299 1256 1367 Podo-

282 1386 378 1451 rs'unt
434 1385 464 1449 Ε
490 1385 497 1400 ’
522 1384 611 1469 apud
640 1385 779 1451 Virctom
800 1393 838 1451 ut
859 1394 992 1471 urgeret
1012 1387 1196 1472 negotium,
1224 1395 1257 1452 et

282 1491 374 1540 nuuc
397 1489 460 1554 epu
508 1470 691 1554 &mosum
712 1491 781 1556 ago.
826 1471 908 1538 Istic
928 1493 995 1538 nou
1020 1470 1177 1556 estquod
1199 1471 1256 1538 ad·

281 1556 371 1622 nitar
393 1578 494 1639 quum
515 1557 631 1635 sciam,
660 1577 730 1622 rem
760 1556 849 1622 cordi
876 1578 947 1623 esse
974 1579 1072 1642 quam
1101 1560 1254 1637 maxime,

282 1664 320 1709 ac
342 1665 457 1709 rursus
478 1647 511 1708 te
532 1649 702 1726 praesente
720 1643 792 1726 quis
810 1643 912 1708 alium
929 1643 1012 1710 velit
1031 1643 1253 1710 hortatorem?

283 1727 351 1795 Sed
373 1750 426 1794 res
447 1748 546 1813 supra
566 1748 663 1811 quam
691 1727 780 1794 credi
808 1735 917 1813 potest
943 1738 1107 1796 maturam
1129 1731 1256 1815 expetit

283 1815 461 1880 sotionem:
488 1835 550 1896 quo
572 1813 645 1898 plus
673 1811 837 1894 differtur,
865 1835 903 1880 eo
925 1815 999 1898 plus
1020 1815 1182 1881 malornm
1203 1837 1254 1883 sc-

283 1921 359 1967 cum
386 1899 490 1965 affert.
540 1897 690 1965 Scmrios
717 1900 902 1966 miserrimc
928 1899 1113 1966 dilaniatum.
1164 1903 1254 1969 Tuae

282 1985 397 2051 literae
418 1985 480 2069 ipsi
502 1984 680 2066 plurimum
698 1985 883 2051 obfuerunt
917 1985 1019 2053 Varie
1040 2008 1060 2051 a
1081 1988 1182 2053 variis
1200 2009 1254 2054 ao-

283 2079 402 2155 ceptae.
446 2067 514 2137 Sed
537 2069 637 2135 hahes
663 2071 799 2137 fratrem
820 2093 841 2136 a
861 2093 925 2154 quo
946 2072 1071 2138 omnia:
1097 2073 1254 2138 nimirum

1055 304 1318 375 ermen
1343 308 1510 372 lot—loo

987 959 1011 1038 ¹)
1034 969 1144 1024 sancte
1166 959 1255 1023 affir-
1355 1007 1362 1021 .

2218 311 2275 376 tot

1308 491 1497 578 epitritam
1514 513 1600 576 pane
1616 499 1747 560 tantum
1765 503 1801 562 et
1816 494 1944 564 modica
1964 503 2170 564 sustentatus
2187 515 2275 581 equa

1308 579 1448 644 Tantam
1465 579 1530 644 icrt
1550 599 1620 645 esse
1635 580 1915 648 inhumanitatem
1932 587 1971 648 ut
1986 583 2052 648 uisi
2067 591 2144 666 post
2165 603 2275 650 seeun-

1308 663 1384 728 dam
1406 671 1481 747 post
1500 664 1669 732 meridiem
1693 667 1855 733 ieiunium
1875 688 1943 734 uon
1965 667 2136 753 frangant:
2159 670 2276 752 parois-

1308 749 1390 816 sime
1413 749 1511 815 datur
1532 769 1626 834 aqua,
1648 753 1744 834 panis
1765 751 1875 820 adhue
1896 754 2035 836 pertine
2064 755 2191 820 Mirum
2212 775 2275 820 om-

1307 836 1598 988 ”2⁰30th
1637 834 2276 992 itt‘otuti'ttotedtdtt

1307 942 2275 1180 heroremiremont-soto

1308 1199 1409 1244 saxea
1440 1179 1548 1263 frangi
1580 1190 1714 1262 pectora
1745 1189 1837 1247 tanta
1869 1181 2065 1248 miserorum
2097 1183 2275 1250 calamitate

1308 1261 1468 1329 debeant?
1518 1263 1584 1345 Qui
1610 1275 1748 1349 possunt
1772 1267 1944 1333 christiani
1972 1269 2099 1334 censeri
2125 1268 2183 1352 qui
2215 1290 2274 1334 non

1308 1349 1504 1426 afficiantur,
1527 1370 1565 1415 ac
1586 1359 1714 1434 patrem
1736 1360 1841 1433 orent,
1863 1374 1901 1420 ac
1918 1374 1978 1437 pro
1996 1353 2121 1420 viribus
2143 1375 2212 1419 non
2230 1355 2275 1420 iu·

1308 1443 1387 1500 vent
1408 1435 1456 1500 ita
1474 1437 1564 1502 omni
1581 1435 1727 1503 humano
1746 1438 1919 1504 destitutos
1936 1438 2083 1506 auxilio?
2113 1443 2204 1525 Apes
2222 1461 2274 1522 pro

1307 1521 1433 1586 viribus
1455 1528 1494 1585 ut
1513 1522 1592 1605 ipsis
1614 1531 1833 1590 succurratur.
1873 1523 2033 1592 Sonerius
2054 1525 2159 1590 multa
2180 1525 2275 1590 refert

1308 1625 1344 1671 se
1365 1606 1573 1689 impetrasse:
1599 1608 1685 1691 quod
1713 1616 1748 1674 et
1776 1610 1857 1676 alias
1880 1609 2023 1690 dicebat,
2052 1631 2170 1676 rerum
2198 1611 2273 1676 nihil

1308 1693 1507 1776 experimur.
1542 1691 1706 1760 Dominus
1727 1695 1796 1762 suis
1818 1695 1913 1762 adsit
1949 1696 2035 1762 Vols
2057 1697 2140 1763 hene
2163 1717 2202 1764 ec
2218 1697 2274 1762 sul·

1307 1797 1386 1844 vere
1407 1778 1518 1844 iubeto
1540 1799 1662 1858 omncs,
1689 1778 1875 1864 Capitonem,
1898 1779 2069 1863 Boreum,
2095 1781 2271 1860 comtos

1308 1862 1456 1943 Fissus»,
1479 1863 1688 1946 Meritorium,
1719 1865 1916 1950 Supremos,
1940 1866 2123 1950 Οαερανωκ,
2146 1868 2272 1934 statice

1306 1957 1553 2101 pposDoptarsssm
1580 1951 1737 2122 ἰῗεῧιῧὶὂιαῖἷ
1765 1953 1807 2017 ad
1835 1973 1917 2038 opus
1935 1953 2080 2019 Domini.
2126 1954 2271 2021 Neoeomi

1350 2082 1356 2094 .
1413 2056 1503 2102 eoem
1525 2058 1571 2102 ris
1679 2087 1686 2102 .

282 2155 416 2222 tandem
437 2155 625 2235 indicatum,
647 2165 680 2221 et
696 2157 730 2221 id
748 2157 828 2222 setis
845 2157 941 2236 clare,
963 2158 1173 2244 migrandum
1190 2160 1253 2225 sibi

283 2244 351 2308 iore
372 2263 393 2306 a
414 2241 613 2325 Gymnasic‚
638 2242 748 2308 nescio
776 2263 820 2308 an
849 2263 891 2307 ex
912 2243 1039 2320 urhe.²)
1084 2243 1141 2311 Sic
1162 2257 1253 2329 potes

281 2327 466 2412 intelligere
487 2348 585 2411 quam
608 2328 676 2392 sint
695 2327 893 2412 dissipanda,
915 2329 982 2394 imo
1004 2328 1161 2415 dissipata
1183 2353 1252 2396 om-

282 2414 346 2480 nia
390 2411 518 2478 Mederi
539 2433 603 2495 qua
620 2413 722 2496 possit
739 2415 803 2493 via,
825 2415 918 2480 novit
939 2413 1117 2482 Dominus:
1141 2423 1252 2482 tamen

282 2499 411 2584 piorum
433 2507 483 2563 est
503 2497 610 2563 modis
632 2498 784 2565 omnihus
805 2499 1016 2581 contendere,
1045 2509 1116 2567 tum
1147 2504 1251 2587 preci·

282 2585 344 2650 hus
365 2592 434 2648 tum
456 2583 546 2650 alias.
590 2585 667 2650 Non
688 2583 802 2650 dubito
829 2593 863 2650 te
884 2595 941 2652 tuo
962 2587 997 2651 iu
1018 2609 1054 2653 rc
1076 2588 1138 2654 hac
1158 2589 1253 2674 fungi

282 2671 397 2735 officio.
431 2667 526 2750 Quod
548 2681 586 2734 ut
606 2671 783 2735 instantius
804 2672 954 2753 perficias
976 2694 1064 2758 rogo.
1097 2673 1166 2740 Nos
1183 2695 1253 2739 om·
1758 2685 1828 2754 155,

282 2756 339 2820 nia
365 2755 557 2839 impetrasse
585 2755 672 2837 apud
695 2765 860 2834 senatum,
893 2765 974 2840 puto
1001 2765 1034 2823 te
1061 2760 1166 2824 intelli
1209 2781 1252 2826 re.
1907 2825 1912 2838 ,

283 2841 351 2908 Sed
372 2841 406 2906 id
429 2849 578 2925 superest
600 2849 637 2906 ut
657 2843 725 2907 fiat.
759 2841 887 2908 Coenos
905 2843 1143 2910 celebravimus
1185 2867 1252 2926 uas,
1323 2837 1412 2905 RES
1435 2837 1687 2906 MJNISTRES
1710 2839 1773 2905 DE
1796 2839 1989 2906 GENEVE
2013 2841 2077 2909 ΛΠ
2099 2827 2254 2909 SENAT.

282 2926 419 2994 aiteram
440 2925 492 2992 die
514 2927 688 3006 dominica,
718 2927 854 2994 alteram
876 2927 928 2994 die
949 2929 1142 3006 nativitatis,
1172 2953 1252 2997 neu-

1931 2173 2085 2243 Furellue
2108 2184 2192 2243 tuna

1690 2435 1892 2444 ..—..-.-——

281 3021 369 3078 tram
391 3033 428 3078 co
448 3011 504 3095 qui
527 3012 619 3078 decet
639 3012 767 3092 ordine,
795 3035 855 3081 nec
876 3017 1061 3082 reverentia
1082 3026 1115 3082 et
1135 3017 1253 3083 hones·
1392 3009 1446 3074 11⁸
1465 3029 1500 3075 80
1514 3009 1679 3094 plumeo
1707 3012 1801 3077 d'dire
1829 3033 1866 3078 en
1894 3011 1974 3078 bodo
1994 3011 2016 3076 ὰ
2036 3013 2092 3079 deo
2112 3013 2271 3080 oolorooieo
2395 3019 2396 3022 ’

273 3105 360 3182 tate.
402 3098 551 3163 Priorem
574 3117 634 3182 ego
656 3097 828 3179 dominico,
848 3121 932 3183 quae
953 3101 1085 3182 famulis
1107 3105 1195 3186 porri
1304 3096 1344 3162 dc
1365 3095 1398 3160 lo
1414 3100 1492 3177 port
1520 3095 1558 3160 de
1582 3116 1658 3180 pens
1681 3097 1738 3178 qai
1766 3097 1811 3164 loe
1835 3100 1964 3164 troioent
1991 3097 2165 3179 d'infiddlce
2190 3105 2219 3164 ot
2237 3101 2271 3165 dc

281 3183 389 3262 batur,
411 3203 495 3267 quas
512 3184 609 3267 paulo
626 3185 690 3249 fuit
706 3187 915 3269 compositior
932 3188 1081 3254 secunde
1116 3187 1173 3254 Sic
1228 3189 1254 3253 't
1299 3181 1453 3264 popiotoe.
1498 3179 1557 3247 Oce
1585 3182 1751 3247 mannire
1779 3187 1875 3268 oyoot
1903 3184 2010 3250 hosed
2035 3185 2074 3251 do
2100 3184 2191 3251 decdo
2204 3187 2271 3268 jas-

281 3269 382 3335 miser
402 3269 543 3354 populus
565 3270 721 3336 formatus
742 3280 780 3335 ut
800 3271 907 3338 redire
928 3293 996 3338 non
1017 3275 1127 3358 possit
1172 3275 1252 3340 Pes·
1305 3287 1364 3349 que
1385 3265 1466 3331 dans
1487 3266 1515 3331 le
1535 3268 1603 3332 sein
1625 3268 1670 3334 du
1685 3266 1818 3348 Coccei,
1839 3269 1882 3334 ilo
1902 3269 2086 3336 demanded
2106 3269 2161 3337 deo
2181 3269 2271 3354 capii

283 3367 333 3421 tes
365 3375 448 3438 quae
475 3375 534 3420 uos
562 3364 685 3420 vexant
713 3377 750 3423 ac
779 3357 915 3423 turbant
936 3359 1146 3425 anathemate
1174 3369 1253 3425 sunt
1305 3353 1434 3431 1111111118,
1456 3352 1499 3418 ²7³
1519 3353 1637 3436 meent
1653 3353 1743 3434 W'Ot'l
1762 3355 1806 3420 111
1822 3359 1909 3420 mede
1926 3375 1963 3420 111
1980 3356 2129 3438 prdem
2148 3357 2186 3423 ὅθ
2200 3374 2270 3422 W

283 3461 464 3525 percussae.
502 3439 704 3524 &moscus
720 3442 798 3525 quid
816 3441 940 3508 diceret
957 3445 1129 3511 nesciebat
1164 3443 1254 3512 Sunt
1305 3438 1360 3520 9111
1393 3437 1437 3503 let
1469 3443 1611 3504 amoeni
1645 3443 1674 3504 d
1703 3439 1879 3520 fiookmeol
1911 3439 1953 3506 ils
1985 3441 2097 3523 effreni
2129 3441 2196 3508 leur
2221 3440 2269 3508 dd·

282 3535 316 3593 et
336 3527 431 3611 pauci
453 3547 521 3592 uon
541 3548 601 3610 per
621 3528 743 3592 ostium
763 3528 911 3612 ingressi.
947 3527 1089 3596 Onusam
1109 3531 1252 3598 Domino
1304 3523 1444 3588 momen.

283 3613 526 3679 committimus.
565 3612 674 3694 Quam
695 3621 747 3678 est
767 3615 988 3680 necessarium
1013 3617 1183 3684 eeclesiam
1200 3639 1252 3683 rs-

282 3699 385 3778 stitui,
407 3705 445 3764 ut
465 3697 608 3774 eddom,
631 3698 780 3764 domina
801 3707 834 3765 οι
854 3699 1033 3786 (ΙΜΡΗΜ,
1079 3702 1254 3770 mm
1303 3692 1450 3757 (Arehires
1468 3693 1503 3748 de
1520 3693 1637 3749 seneve.
1673 3693 1771 3750 Pieoes
1794 3695 1966 3778 historiques
1986 3725 2019 3738 -
2037 3697 2152 3765 Roehst,
2171 3697 2203 3751 V.
2221 3695 2270 3751 oli

284 3783 446 3851 edmissus
479 3783 542 3848 fuit
567 3785 602 3848 in
631 3791 796 3867 pastorem
822 3783 1002 3852 Orbanum.
1055 3786 1161 3855 Comes
1185 3789 1253 3854 iam
1730 3769 1759 3817 ⁰⁸
1775 3766 1856 3827 'md

282 3869 412 3935 Bernae
433 3869 501 3953 egit
521 3873 727 3947 mensem.⁸).
778 3869 904 3937 Viretus
924 3873 1012 3939 solus
1034 3881 1140 3940 totum
1162 3876 1253 3941 Lau·

284 3975 406 4020 sannae
428 3975 517 4021 nuuc
543 3976 626 4021 onus
647 3965 763 4040 gestat
806 3957 907 4042 Legit
933 3967 967 4024 et
988 3961 1254 4026 concionatoria
1358 3933 1612 4034 ,fflssflffiqffifi
1638 3931 1835 4034 5118191111,
1868 3957 1951 4003 110111
1983 3957 2087 4036 110111
2116 3938 2268 4005 10111ἰο1111

286 4037 363 4104 dies,
418 4039 475 4107 sio
509 4041 647 4107 feriatur
683 4042 720 4106 i„
744 4043 850 4126 primo
883 4063 970 4108 mmo
1003 4065 1137 4110 summ
1170 4069 1253 4131 nup.
1305 4027 1422 4084 eshme
1443 4039 1506 4118 que
1523 4019 1640 4085 iussuea
1658 4029 1800 4086 certarns
1818 4019 1859 4086 do
1875 4021 1908 4088 la
1928 4018 2052 4089 fidehtc
2074 4021 2115 4089 de
2132 4043 2214 4090 nous
2231 4045 2266 4089 en

285 4123 414 4190 tiorum.
424 4129 452 4203 ⁴)
495 4126 672 4192 Liberatus
694 4140 743 4193 est
764 4149 870 4212 nuper
891 4128 1022 4197 vinctus
1043 4131 1101 4215 qui
1124 4131 1256 4198 tristem
1304 4112 1421 4256 {mi}
1438 4104 1918 4274 fflssmprzoaflgssfiffisia
1952 4109 2266 4278 {gugqufflriofg

1306 4275 1395 4341 siens
1416 4275 1492 4341 bien
1514 4281 1655 4342 certains
1676 4277 1791 4361 qu'elle
1813 4279 1913 4345 sercit
1940 4280 2049 4365 reglee
2076 4301 2139 4365 par
2166 4282 2267 4364 lapa-

303 4395 367 4456 ¹54·
385 4395 414 4458 1)
432 4395 561 4453 mm
581 4399 739 4456 mm
764 4415 799 4455 m
815 4401 958 4458 m
980 4403 1117 4460 mu
1152 4411 1255 4475 m
1305 4361 1387 4427 rolic
1409 4359 1449 4426 de
1467 4361 1563 4460 Dies.
1597 4363 1644 4428 Et
1656 4385 1701 4464 ‘ce
1721 4365 1878 4446 pensione
1899 4385 1981 4431 noos
2002 4375 2078 4432 tant
2097 4388 2193 4451 parce
2212 4386 2268 4450 quc

288 4463 379 4521 om
501 4467 639 4546 “mm
680 4469 800 4551 ‘mi‘
820 4471 917 4527 pm,
933 4471 1047 4528 pm,
1069 4446 1195 4530 mast„
1210 4477 1252 4531 υς.
1303 4446 1353 4514 les
1373 4448 1590 4548 magurfiques
1607 4446 1789 4533 Sergueurs
1806 4449 1851 4550 'dc
1872 4451 1982 4516 Berne
2002 4473 2061 4518 vos
2083 4452 2166 4519 heus
2181 4473 2267 4536 amyr

283 4535 374 4590 door.
471 4548 501 4587 eo
517 4535 579 4590 mos
595 4510 680 4592 Mle».
697 4539 732 4593 os
749 4539 916 4610 Pomeflm
928 4557 961 4612 p.
981 4541 1040 4596 186.
1304 4541 1339 4597 et
1358 4533 1604 4618 combcurgeors
1631 4554 1715 4600 nous
1743 4543 1874 4602 avo1cnt
1901 4545 2034 4620 reputes
2062 4545 2097 4604 et
2123 4545 2267 4624 reputent

285 4670 353 4727 1538
369 4599 957 4748 fflwfflssmssmffl
987 4611 1069 4680 fiam
1095 4612 1254 4669 1111111111
1303 4617 1367 4685 tela
1390 4618 1483 4702 ainsy
1505 4639 1568 4702 quc
1588 4619 1664 4686 bien
1691 4620 1825 4686 avoient
1845 4643 1987 4706 cogueu,
2014 4631 2049 4689 et
2069 4643 2089 4687 a
2111 4623 2145 4690 la
2171 4624 2266 4690 verite

386 4741 417 4803 3)
433 4739 541 4794 Bm„
562 4741 650 4798 cose
692 4750 769 4801 m
785 4747 1000 4804 Lomoamoie
1022 4749 1101 4818 am
1118 4749 1253 4806 sm
1303 4703 1366 4770 tela
1388 4723 1529 4770 summes
1550 4725 1641 4772 nous
1675 4704 1749 4787 ro
1769 4726 1830 4788 par
1846 4727 1883 4773 ce
1905 4727 2006 4808 anssy
2028 4713 2103 4810 qu’a
2125 4719 2210 4777 ceste
2225 4709 2266 4774 fin

284 4811 452 4866 mmm
468 4813 623 4890 ‚woodo
674 4813 758 4882 ι’ᾳιιοᾱ
783 4821 809 4871 te
911 4820 944 4872 ss
964 4819 1084 4900 mh
1105 4821 1174 4900 ψ,
1204 4821 1252 4876 „a
1304 4809 1407 4856 avons
1439 4796 1507 4854 este
1540 4790 1717 4857 demandes
1748 4812 1810 4876 par
1837 4813 1896 4859 vos
1924 4815 2132 4879 seigneurres.
2183 4795 2266 4861 Nous

284 4881 889 5010 Tiaffldommobdwwddtudiia
906 4973 935 5012 se
952 4957 1026 5012 dedit
1042 4893 1251 5014 wgo-⁰

285 5017 363 5083 111
389 5017 498 5071 aas
531 5015 592 5070 191·
635 5017 1155 5100 componderatio
1247 5029 1252 5041 ·
1405 5029 2122 5098 oroomeaeaoeoeoaam

285 5056 598 5219 scomma
613 5093 929 5216 25⁸¹thsz
943 5095 1003 5219 Ἤ
996 5113 1023 5178 ,α
1039 5095 1078 5149 Ν.
1097 5095 1167 5152 mer
1184 5105 1250 5161 'aa
1304 5097 1378 5152 m
1398 5097 1543 5168 eccum
1566 5115 1593 5152 a.
1618 5097 1685 5153 nae
1710 5097 1798 5165 ose
1820 5099 1969 5168 emptas,
1993 5100 2038 5154 se
2058 5101 2131 5156 soto

288 5218 428 5276 &houm
444 5171 598 5290 mdo&
613 5242 641 5280 o.
660 5223 735 5279 toto.
895 5169 926 5219 a

287 4298 487 4308 ——..——.
