4782 6010
974 356 1341 426 PROIAEGOMENA.
2096 355 2156 424 XI

143 572 185 618 eo
208 552 318 636 magis
339 551 401 618 hoo
423 551 555 616 nomine
577 549 781 635 appellanda,
803 569 867 633 quo
887 551 998 614 minus
1014 555 1197 632 temporum
1218 547 1304 612 ratio
1326 547 1359 611 in
1382 545 1521 630 singulis
1543 544 1764 612 descrihendis
1784 545 1898 612 habita
1917 553 1983 626 est,
2011 546 2088 626 imo,
2111 555 2152 613 ut

143 684 300 747 quaeque
326 661 446 729 scheda
472 664 508 728 in
537 661 671 728 editoris
704 681 838 726 manum
872 660 1025 726 inciderit
1052 679 1151 744 quam
1177 658 1268 742 prelo
1296 678 1362 722 non
1388 657 1559 742 indignam
1585 657 1761 734 iudicaret,
1794 658 1865 722 sine
1892 679 1985 723 mora
2011 662 2150 728 cacteris

143 775 262 840 addita
283 775 383 840 fuisse
403 775 543 840 videtur.
588 774 700 840 Habes
728 774 830 857 igitur
846 773 883 838 in
905 779 972 836 toto
996 771 1167 837 volumine
1193 777 1342 834 trecenta
1368 767 1551 853 nonaginta
1577 775 1611 833 et
1637 789 1757 834 novem
1786 769 1997 852 documenta,
2025 775 2151 841 seilicet

144 891 210 952 299
235 885 369 952 Caluini
391 887 522 964 autoris,
545 886 713 969 octoginta
734 893 767 949 et
788 892 859 950 octo
882 881 1033 967 epistolas
1053 883 1192 947 aliorum
1213 881 1256 946 ad
1278 880 1418 946 eundem
1437 879 1539 958 datas,
1562 879 1731 944 duodecim
1754 881 1893 966 denique
1910 895 2032 954 extera.

303 998 350 1062 Et
370 997 451 1063 haee
473 995 605 1080 quidem
632 996 673 1061 de
702 995 816 1060 ordine
844 995 1056 1080 epistolarum
1084 995 1121 1058 in
1143 993 1205 1059 hac
1226 993 1369 1058 editione
1389 993 1544 1075 principe.
1590 992 1697 1058 Multo
1717 994 1849 1060 maioris
1871 999 2032 1063 momenti
2052 1009 2149 1084 esset,

142 1110 173 1175 si
196 1109 240 1176 de
263 1109 398 1174 editoris
419 1107 484 1174 fide
505 1111 541 1174 in
563 1105 834 1174 transscribendis
854 1105 1069 1189 autographis
1089 1106 1172 1169 citra
1192 1125 1322 1169 omnem
1345 1104 1563 1188 suspicionem
1585 1111 1757 1170 constaret.
1791 1105 1866 1189 Ipse
1885 1115 1994 1174 autem
2017 1111 2150 1197 latetur,

141 1221 220 1288 fiori
243 1243 339 1304 posse
360 1229 398 1286 ut
418 1221 578 1304 quaedam
600 1243 620 1284 a
642 1243 676 1285 se
699 1220 787 1303 typis
809 1217 965 1282 mandata
986 1217 1073 1301 apud
1094 1237 1148 1282 eos
1168 1217 1223 1300 qui
1244 1216 1435 1282 authentica
1456 1215 1656 1299 exemplaria
1675 1217 1711 1280 in
1734 1219 1886 1286 manibus
1907 1219 2059 1303 habeant,
2080 1245 2151 1290 non

141 1332 286 1417 perinde
308 1341 439 1398 exstrue
459 1333 675 1416 reperiantur,
698 1331 769 1396 sive
791 1330 898 1413 apices
920 1329 1075 1414 singulos,
1098 1329 1167 1394 sive
1186 1327 1354 1405 dictiones,
1377 1349 1415 1394 ac
1436 1328 1585 1392 fortassis
1605 1329 1705 1392 otiam
1727 1331 1906 1396 sententias
1923 1332 2051 1416 aliquas
2072 1357 2151 1402 con-

141 1447 226 1511 ferri
250 1445 441 1528 contigerit:
472 1442 564 1509 addit
594 1465 629 1508 se
652 1443 731 1508 satis
753 1440 870 1506 bonnm
898 1439 995 1506 iidem
1022 1447 1057 1505 et
1084 1438 1286 1523 diligentiam
1314 1437 1505 1522 praestitam
1531 1437 1677 1517 duxisse,
1707 1439 1759 1504 vel
1785 1444 1958 1523 exponetis
1980 1446 2149 1513 nonnullis

142 1577 232 1640 quae
254 1556 425 1639 πρόσκαιρα
448 1563 585 1632 tantum,
609 1561 666 1618 aut
687 1573 777 1618 mere
797 1552 972 1617 familiaria
993 1551 1193 1630 viderentur,
1217 1559 1276 1616 aut
1296 1549 1436 1633 denique
1456 1551 1566 1615 minus
1583 1549 1625 1614 ad
1642 1573 1712 1616 rem
1732 1552 1837 1634 ipsam
1859 1556 2032 1636 pertinere.
2068 1555 2152 1639 Qui-

142 1669 209 1734 bus
234 1668 318 1732 bene
340 1669 507 1750 perpensis
536 1685 663 1730 summo
693 1665 764 1730 viro
792 1665 947 1729 iniuriam
975 1664 1032 1728 vix
1059 1664 1171 1728 fecerit
1192 1662 1322 1744 aliquis,
1353 1659 1461 1726 dubiis
1487 1660 1527 1726 de
1549 1663 1751 1746 integritate,
1780 1683 1878 1746 quam
1901 1665 2014 1732 dicunt
2035 1670 2150 1750 critici,

141 1778 366 1863 epistolarum
388 1777 648 1844 calvinianarum
675 1777 716 1843 ah
748 1797 786 1840 eo
815 1773 978 1840 editarum
1005 1775 1112 1840 motis.
1157 1772 1226 1840 Sed
1253 1793 1422 1857 quousque
1449 1775 1486 1837 in
1514 1774 1654 1858 singulis
1682 1773 1815 1840 licentia
1841 1776 1906 1841 istu
1933 1779 2086 1846 mutandi
2114 1787 2149 1846 et

141 1889 314 1966 demendi,
336 1911 435 1972 quam
458 1889 521 1954 sibi
542 1891 614 1954 iure
636 1885 775 1971 quodam
797 1887 976 1970 sumpsisse
998 1887 1145 1971 putabat,
1168 1886 1288 1952 abusus
1309 1885 1416 1964 fuerit,
1448 1885 1510 1949 hoc
1532 1884 1762 1952 difficillimum
1784 1895 1835 1952 est
1856 1887 1955 1954 dictu.
2000 1891 2087 1956 Nam
2109 1915 2152 1958 ex

142 2000 403 2087 quadringentis
425 2000 554 2069 schedis
576 2001 645 2065 eins
668 2000 824 2066 thesauro
846 1998 992 2079 insertis,
1020 2019 1086 2063 non
1108 1995 1173 2062 nisi
1194 1997 1366 2081 sexaginta
1394 2004 1429 2062 ot
1447 2005 1519 2063 octo
1541 1997 1638 2062 hodic
1659 2019 1760 2063 manu
1788 2000 1926 2082 scriptas
1954 2009 1988 2066 et
2010 2005 2152 2068 authen·

141 2115 232 2180 tiras
251 2122 383 2178 exstars
405 2112 554 2176 videmus
571 2111 719 2193 (Gothos
741 2117 888 2195 quatuor,
911 2109 1065 2176 Neocomi
1086 2131 1154 2188 sex,
1177 2106 1344 2191 Sangallis
1366 2130 1477 2187 unam,
1500 2116 1646 2175 caeteras
1663 2108 1851 2196 Genevne):
1874 2110 2019 2194 reliquae
2038 2135 2153 2184 omnes

141 2225 332 2309 perierunt,
355 2222 567 2306 probabiliter
588 2245 609 2288 a
629 2223 718 2288 Besa
739 2221 942 2307 typographo
963 2221 1111 2286 traditae.
1142 2221 1215 2284 Iam
1237 2220 1408 2286 collatione
1429 2221 1591 2298 instituta,
1614 2231 1774 2304 quatenus
1795 2221 1912 2288 talium
1930 2225 2154 2292 subsidiorum

140 2357 209 2420 ope
232 2335 308 2401 fieri
329 2335 454 2418 potuit,
483 2355 561 2400 sans
589 2333 765 2400 hincinde
792 2336 827 2398 in
853 2333 1023 2418 impressis
1050 2333 1186 2398 lacunas
1213 2330 1489 2414 deprehendimus
1512 2333 1591 2398 satis
1613 2332 1770 2416 insignes,
1798 2335 1904 2400 rarius
1926 2355 2006 2418 quos
2029 2335 2154 2406 dixeris

141 2454 264 2513 textus
285 2447 531 2512 emendationes
561 2445 642 2510 tales
672 2467 753 2530 quas
780 2446 910 2510 silentio
933 2445 1114 2528 praeterire
1140 2465 1205 2508 non
1234 2444 1468 2526 potuissemus,
1497 2443 1627 2528 saepius
1653 2444 1752 2508 falsas
1776 2443 1932 2512 lectiones
1959 2456 1993 2512 ct
2019 2451 2154 2515 nomina

141 2559 287 2644 propria
308 2557 455 2624 virorum
478 2577 667 2640 suppressa,
696 2558 729 2621 in
752 2577 892 2639 quorum
918 2557 1026 2622 locum
1055 2557 1244 2640 simpliciter
1270 2555 1365 2620 litera
1387 2555 1428 2619 N.
1450 2556 1623 2634 suecessit,
1647 2555 1676 2620 si
1694 2555 1773 2638 quid
1795 2577 1860 2622 non
1882 2558 1954 2623 siue
1972 2560 2152 2628 offensione

141 2670 324 2736 hominum
352 2668 502 2752 evulgari
529 2689 624 2752 posse
652 2667 826 2734 rideretur.
876 2667 1003 2734 Omnes
1032 2669 1131 2732 etiarn
1158 2665 1369 2750 epistolarum
1397 2667 1626 2749 inscriptiones
1654 2668 1793 2733 omissae
1820 2677 1908 2733 sunt.
1958 2671 2012 2734 Ex
2035 2673 2152 2755 quihus

140 2781 245 2849 facile
276 2781 456 2846 conieceris
477 2801 577 2862 quam
605 2779 711 2846 multa
739 2779 793 2847 hie
820 2780 1008 2848 criticorum
1036 2799 1132 2846 curas
1161 2778 1336 2844 sollicitare
1358 2785 1503 2860 possent,
1533 2785 1566 2843 et
1592 2786 1722 2842 textum
1751 2779 1857 2844 donno
1880 2780 2045 2848 edendum
2066 2785 2152 2851 notis

140 2893 390 2979 marginalibus
412 2913 557 2970 onerare,
587 2891 650 2956 nisi
673 2889 828 2956 subsidiis
856 2891 896 2956 ad
926 2891 1167 2957 emendandum
1200 2899 1234 2956 et
1259 2889 1476 2974 supplendum
1506 2909 1610 2972 paene
1638 2890 1790 2956 omnihus
1818 2891 1969 2957 destituti
1997 2915 2153 2962 essemus.

1128 3199 1135 3213 .
1158 3147 1204 3213 11.

843 3267 970 3322 nomo
988 3149 1164 3322 Pmucdrs
1183 3265 1358 3322 GENEVAE
1376 3261 1454 3320 15⁷5.

308 3379 455 3446 (laeteris
476 3401 536 3463 pro
559 3389 704 3464 tempore
724 3380 882 3465 neglectis
904 3379 946 3445 ad
963 3379 1117 3445 editionis
1136 3379 1292 3463 principis
1312 3385 1483 3444 externam
1500 3377 1638 3442 formam
1650 3379 1762 3460 paucis
1780 3377 2026 3446 describendam
2048 3391 2159 3451 trans·

140 3495 247 3559 imus.
297 3491 430 3557 Titulus
452 3499 519 3556 est:

307 3605 380 3701 ΙΟ
383 3605 582 3704 ANNIS
610 3613 616 3717 Ι
645 3605 898 3692 ΟΑΙΝΙΝΙ
925 3604 931 3711 Ι
957 3618 1219 3686 misnense
1242 3581 1305 3684 nn
1327 3617 1572 3702 repercussi
1595 3617 1774 3699 careas
1794 3618 2155 3710 larsemensis!

139 3739 254 3814 sunt
285 3727 517 3838 insignium
554 3727 597 3810 in
634 3727 827 3812 Ecclesia
862 3727 946 3812 Dei
982 3730 1167 3812 virorum
1201 3733 1206 3836 Ι
1241 3727 1404 3835 aliquot
1440 3726 1568 3808 etiam
1605 3725 2156 3836 Epistolae.lE1VSDEl1L

138 3858 352 3930 GALVINI
371 3863 376 3938 Ι
395 3868 483 3922 VITA
500 3868 526 3922 A
544 3868 739 3924 THEODORO
761 3869 858 3924 ΒΕΖΔ
885 3867 890 3937 l
909 3870 1141 3926 GENEVENSIS
1169 3867 1371 3924 EOCLESIAE
1400 3856 1406 3944 Ι
1432 3857 1586 3924 Ministro
1613 3865 1763 3924 acorrrate
1790 3858 1960 3942 descripta.
1986 3863 1992 3945 Ι
2012 3870 2158 3926 INDEX

141 3986 317 4046 RERVM
337 3985 635 4042 INSIGNIORVM.
656 3979 661 4062 Ι
680 3977 802 4046 Omnia
830 4001 918 4047 nunc
946 3983 1090 4066 Primum
1111 3979 1146 4046 in
1173 3979 1281 4045 lucem
1308 3976 1431 4057 edita!
1459 3979 1652 4062 (Electram
1681 3977 1815 4044 GENE
1821 3979 1922 4059 VAE,
1970 3967 1976 4072 Ι
2023 3969 2158 4084 Apud

136 4091 338 4174 Petrum
369 4087 745 4170 Santandreanum.
780 4085 785 4190 Ι
814 4097 861 4164 Μ.
882 4099 926 4164 D.
949 4099 1098 4166 LXXV.

311 4218 484 4284 Emhlema
504 4217 750 4285 Santandreani
770 4219 853 4284 illud
881 4227 932 4285 est
962 4219 1048 4303 quod
1073 4222 1108 4284 in
1130 4217 1377 4302 Prolcgomenis
1401 4217 1492 4282 Tem.
1515 4217 1556 4282 V.
1585 4239 1616 4302 p.
1640 4223 1677 4280 19
1708 4218 1767 4283 tibi
1790 4217 1830 4282 od
1852 4220 1983 4284 oculum
2007 4221 2156 4306 depinxi*-

136 4353 236 4398 mus.
275 4329 399 4394 Forma
418 4328 495 4395 libri
516 4334 568 4395 est
588 4330 740 4396 maxima
781 4331 877 4396 Folia
898 4331 1064 4397 liminaria
1083 4337 1223 4414 quatuor
1252 4339 1382 4412 praeter
1403 4329 1537 4394 titulum
1555 4328 1711 4394 exhibent
1732 4327 1969 4395 dedicationem
1987 4331 2156 4401 Friderico

136 4440 302 4512 Electori
312 4440 463 4506 Palatino
484 4440 687 4523 inscriptam,
710 4450 782 4506 tum
793 4441 1062 4508 Admonitionem
1082 4441 1125 4508 ad
1146 4443 1300 4509 lectorem
1322 4461 1422 4524 supra
1442 4449 1551 4506 tecum
1572 4441 1854 4521 communicatam,
1875 4462 1971 4525 porro
1994 4442 2157 4512 dclcetum

137 4551 372 4624 formularum
395 4553 513 4636 viginti
535 4559 570 4616 et
591 4560 716 4636 septem
742 4574 784 4618 ex
807 4554 910 4620 variis
937 4555 1104 4621 variorum
1133 4553 1279 4638 epistolis
1304 4551 1449 4636 (Oalvini
1473 4551 1638 4630 tredecim,
1661 4552 1839 4618 amicorum
1862 4554 2013 4638 singulis)
2036 4557 2156 4638 potita-

137 4687 238 4743 rum,
263 4661 383 4744 quihus
404 4662 438 4728 in
460 4669 555 4745 parte
577 4663 710 4730 chartas
732 4666 894 4732 exteriore
915 4667 1049 4732 nomina
1065 4666 1213 4732 virorum
1235 4663 1276 4729 ad
1294 4685 1374 4746 quos
1396 4662 1582 4730 scribebant
1598 4661 1777 4730 honorifice
1799 4665 1988 4730 salutantur
2005 4667 2156 4741 (Adrana-

136 4773 321 4864 formela);
343 4794 425 4856 quae
437 4795 514 4840 eum
531 4775 568 4840 in
584 4777 684 4842 finem
697 4775 758 4842 hoc
769 4776 838 4842 loco
849 4779 1117 4858 praemittuntur,
1140 4797 1181 4841 ns
1192 4777 1295 4842 lector
1305 4774 1391 4858 quod
1412 4775 1447 4840 in
1458 4795 1592 4859 corpore
1602 4774 1783 4841 voluminis
1804 4777 1834 4840 ei
1856 4785 1997 4860 negatur
2019 4779 2154 4845 omnino

138 4886 366 4958 desideraret
410 4887 543 4970 Agmen
564 4886 688 4954 claudit
708 4887 808 4954 index
829 4889 1042 4971 epistolarum
1071 4909 1154 4973 quae
1184 4909 1247 4953 non
1275 4893 1354 4953 sunt
1380 4887 1483 4970 ipsius
1506 4887 1655 4965 Caluini,
1684 4907 1799 4953 verum
1828 4887 1968 4953 aliorum
1991 4899 2154 4972 antmum,

139 5017 300 5088 quorum
321 5017 478 5064 numerus
500 5003 551 5064 est
571 4999 709 5082 triginta
730 5005 764 5065 et
785 5019 852 5064 sex.

315 5105 473 5191 Sequitur
494 5110 566 5176 vita
587 5108 719 5176 Caluini
745 5109 846 5178 latine
873 5131 894 5176 a
917 5111 1005 5178 Besa
1032 5111 1231 5194 conscripta,
1258 5109 1462 5177 ternionibus
1490 5109 1616 5178 duobus
1644 5131 1719 5176 cnm
1748 5107 1883 5174 dimidio
1906 5107 2062 5191 absoluta,
2084 5113 2155 5179 sive

139 5222 243 5291 t'oliis
266 5217 454 5304 quindecim
483 5241 551 5288 non
578 5222 775 5286 numeratis:
804 5221 846 5288 ad
874 5221 969 5290 cuius
996 5222 1119 5289 calcem
1144 5221 1283 5306 denique
1311 5220 1388 5286 folio
1415 5222 1531 5288 ultimo
1553 5223 1727 5288 exhibetur
1749 5219 2113 5357 Oatnlogusdibrorum
2133 5243 2155 5288 a

1909 5323 1932 5377 B
