4852 6022
267 309 339 372 est
1090 290 1352 362 EPIS'POLAE
1378 295 1435 356 187
2206 289 2266 352 388

363 487 618 570 Respondimus:
649 486 686 552 Si
714 484 798 550 nihil
824 484 1057 550 admiseeretur
1090 481 1246 565 supersti-
1297 479 1345 546 nil
1372 478 1462 546 aliud
1490 477 1624 564 quee⁴⁵)
1651 485 1744 562 pater
1772 497 1830 561 per
1856 475 2027 544 Christum
2055 475 2212 544 orabatur
2233 485 2269 542 ut

271 573 384 652 tionis,
412 585 445 638 et
465 573 649 656 symbolum
670 568 751 636 illud
772 578 902 634 tantum
923 569 964 636 ad
989 565 1247 634 oonhrmandam
1299 567 1420 630 sineret
1441 563 1572 630 illorum
1601 565 1688 648 apud
1716 585 1751 630 se
1773 583 1895 646 preses,
1917 583 1998 646 quas
2024 583 2084 647 pro
2105 563 2202 630 nohis
2223 563 2268 628 fa·

274 660 454 726 orationem
489 657 565 722 fidei
593 679 612 722 a
640 655 772 722 Christo
803 668 919 720 cunata
951 653 1092 736 petentis
1123 663 1157 717 et
1188 673 1246 718 ex·
1298 659 1418 730 oereut,
1441 649 1565 733 valere)
1587 671 1626 716 ea
1648 650 1833 734 superstitio
1854 661 1888 714 et
1904 649 2055 732 impietas
2068 649 2202 714 inveota
2212 657 2268 728 est,

275 744 453 828 spectantis
474 741 714 826 adiungeretur,
736 739 818 804 nihil
836 741 869 806 in
889 761 926 805 eo
944 740 1154 804 damnaturos
1166 759 1244 804 esse.
1297 735 1388 822 ut⁴⁶)
1409 735 1480 814 illa,
1509 737 1538 800 si
1565 757 1632 800 non
1658 735 1843 818 superavit,
1871 743 1959 825 uerte
1985 735 2139 816 aequavit
2160 741 2270 800 tamen

362 830 486 894 Tamen
508 829 584 910 quia
605 847 666 892 neo
687 827 751 892 ista
768 825 905 908 epistola
926 825 1022 908 plane
1039 825 1246 888 autoritatem
1298 821 1571 888 abominationem
1600 820 1815 887 ethnioorum.
1866 820 1933 886 bled
1960 821 2007 884 ita
2035 819 2118 886 solet
2139 821 2270 886 evenire

275 914 485 997 apostolieum
503 913 601 978 habet
618 933 678 977 nea
695 934 714 976 a
731 914 838 994 prima
847 910 983 978 ecelesia
999 911 1085 975 inter
1096 911 1247 976 solennes
1298 908 1355 974 ubi
1377 907 1462 972 tanti
1482 908 1569 972 fiunt
1590 927 1672 989 quae
1693 907 1783 972 nullo
1805 903 1885 972 adeo
1907 906 1971 972 Dei
1993 906 2093 972 verbo
2122 905 2176 972 vel
2197 927 2270 988 pro-

275 1009 310 1066 et
331 1019 520 1065 communes
547 997 696 1063 omnibus
725 997 868 1064 eeclesiis
896 996 1115 1062 caeremonias
1137 995 1247 1062 unedo
1298 995 1375 1060 hato
1407 993 1506 1057 etiam
1538 1003 1726 1058 sanatorum
1758 1013 1840 1075 quos
1872 991 2271 1074 seripturaoommendat

276 1085 358 1152 haee
381 1090 552 1150 numerata
579 1104 650 1150 esse
678 1083 810 1162 dicitur,
839 1083 949 1148 testati
978 1103 1090 1148 sumus
1109 1081 1156 1145 ita
1176 1101 1248 1144 eam
1299 1079 1463 1161 exemplo,
1504 1079 1733 1160 suseipiuntur.
1787 1078 1834 1144 Et
1866 1077 2017 1161 quisnam
2056 1078 2111 1160 qui
2144 1075 2271 1142 Christi

277 1170 350 1238 aliis
377 1169 520 1236 eeclesiis
546 1190 607 1236 nos
633 1169 821 1252 permittere
846 1165 1068 1246 retinendam,
1097 1166 1138 1231 ad
1160 1185 1247 1232 oom-
1299 1165 1386 1247 apud
1407 1174 1533 1247 patrem
1555 1184 1613 1247 pro
1635 1163 1729 1228 nobis
1745 1163 1978 1228 interoessione
1995 1164 2058 1228 rite
2075 1162 2165 1240 fidat,
2187 1163 2270 1228 eius·

276 1254 493 1322 mandandam
525 1276 607 1337 pure
638 1255 825 1320 unetionsm
858 1253 998 1331 Christi,
1037 1263 1075 1318 ιιι
1107 1252 1248 1318 invieem
1299 1272 1362 1332 que
1388 1249 1515 1333 pondus
1542 1251 1604 1314 rite
1631 1249 1811 1334 intelligat,
1841 1249 1942 1332 possit
1970 1249 2010 1312 de
2039 1248 2269 1314 interoessione

277 1340 511 1408 oontendamus
534 1362 621 1406 nuno
642 1339 786 1406 ecelesiis
808 1339 941 1406 consedi
959 1345 994 1402 ut
1012 1359 1083 1403 eam
1103 1345 1246 1420 praeter·
1300 1337 1451 1400 divorum
1479 1334 1635 1401 sollieitus
1663 1335 1756 1400 esse?
1810 1334 1856 1400 Ut
1895 1335 1984 1399 enim
2016 1334 2071 1400 hio
2103 1333 2271 1400 nobiseum

277 1426 426 1504 mittant,
456 1435 627 1508 postquam
656 1425 893 1508 superstitioni,
925 1424 986 1488 hoo
1019 1432 1077 1503 est,
1110 1423 1247 1490 fiduciae
1300 1429 1435 1505 agentes
1463 1428 1593 1486 sanatos
1622 1420 1795 1485 hortamur
1822 1426 1862 1484 ut
1882 1440 1942 1502 pro
1964 1420 2058 1484 nobis
2080 1429 2186 1493 orent,
2208 1420 2269 1484 alia

277 1513 383 1595 operis
412 1513 541 1576 externi
566 1519 735 1593 tantopere
763 1511 914 1588 servivit,
943 1518 977 1575 et
1004 1508 1090 1592 apud
1118 1519 1248 1574 nostros
1299 1509 1382 1572 ratio
1404 1514 1470 1572 est:
1494 1507 1770 1572 eommunioamus
1798 1505 1905 1570 adhue
1924 1513 1994 1570 tota
2015 1505 2085 1570 vita
2107 1526 2183 1571 oum
2205 1505 2268 1572 illie

276 1597 424 1664 homines
463 1596 637 1679 apostoliea
675 1596 865 1680 simplicitas
896 1595 943 1661 sia
974 1605 1105 1678 reoepta
1142 1596 1185 1660 sit
1215 1603 1249 1659 et
1299 1593 1335 1657 in
1358 1614 1422 1675 qua
1443 1593 1584 1675 primum
1606 1613 1676 1660 esse
1698 1589 1794 1658 debet
1810 1598 1849 1656 ut
1870 1592 1905 1655 in
1923 1591 2017 1656 nobis
2034 1589 2141 1656 stillis
2153 1613 2269 1656 nomeu

277 1682 462 1756 adametur,
488 1691 525 1746 nt
551 1701 618 1746 non
643 1693 741 1764 queat
768 1681 860 1747 faeile
886 1682 951 1747 ista
977 1681 1087 1746 unetio
1118 1701 1248 1763 promo·
1300 1679 1436 1744 Domini
1456 1679 1676 1744 sanehfieetur
1696 1685 1730 1742 et
1751 1680 1923 1761 urgent⁴⁷)
1952 1678 2022 1742 eius
2043 1676 2267 1760 amplifioetur.

282 1765 404 1835 vendas
418 1766 495 1832 fidei
506 1768 540 1832 in
561 1767 732 1832 Christum
754 1766 840 1848 apud
858 1774 987 1832 nostros
1004 1767 1142 1831 servire:
1166 1765 1250 1832 sieut
1300 1765 1383 1830 Indo
1409 1765 1449 1828 fit
1476 1771 1512 1828 ut
1537 1785 1640 1846 quum
1667 1783 1723 1829 eos
1749 1785 1828 1828 vere
1855 1770 2045 1844 praesentes
2074 1763 2196 1840 verbis,
2218 1762 2268 1828 vel

278 1875 339 1920 neo
362 1853 534 1935 pleraeque
556 1852 639 1918 aliae
656 1854 877 1918 caeremoniae
891 1859 924 1917 et
934 1852 1027 1930 ritus,
1046 1873 1126 1934 quos
1138 1857 1249 1916 tamen
1300 1850 1451 1915 absentes
1479 1849 1582 1914 literis
1611 1850 1839 1928 eonvenimus,
1871 1857 1983 1912 votum
2011 1846 2099 1913 istud
2129 1849 2268 1931 primum

276 1960 341 2006 non
363 1938 587 2003 infitiamura
609 1939 787 2016 veteribus,
818 1937 910 2004 donis
932 1937 1058 2002 Christi
1086 1957 1249 2002 sommen-
1301 1936 1445 2000 omnium
1458 1935 1598 2000 nominis
1616 1934 1681 2000 Dei
1697 1933 2048 2000 sanotifioandimerito
2059 1933 2267 2016 proferamus,

277 2021 407 2102 dandis,
435 2023 487 2106 pie
516 2021 685 2089 adhibitos.
735 2024 841 2106 Ea⁴¹)
873 2025 939 2088 iam
972 2031 1114 2101 oonstat,
1148 2021 1249 2086 nullis
1302 2031 1401 2104 utque
1426 2020 1556 2085 illorum
1584 2029 1634 2086 est
1660 2018 1772 2085 eodem
1802 2027 1876 2086 voto
1905 2019 1946 2084 ad
1976 2019 2154 2102 quamlibet
2183 2041 2269 2085 oasa·

276 2129 411 2192 prorsus
433 2109 589 2192 symbolis
611 2121 669 2174 aut
685 2108 897 2174 eaeremoniis
918 2107 1026 2174 loeum
1047 2108 1083 2172 in
1105 2107 1249 2173 eoelesiis
1301 2107 1428 2172 sionem
1448 2105 1662 2184 inardeseere,
1684 2104 1889 2172 commodum
1912 2104 2083 2170 hortamur
2104 2126 2160 2170 eos
2182 2106 2218 2168 in
2235 2126 2270 2170 ea

278 2193 421 2260 dandum
451 2215 536 2273 esee,
566 2215 649 2277 quae
678 2215 745 2259 non
773 2205 811 2259 ut
837 2195 972 2260 verbum
1000 2193 1162 2277 evrrngelii
1190 2213 1249 2275 per
1301 2213 1337 2258 re
1370 2191 1411 2256 ad
1444 2192 1587 2256 officium
1616 2201 1651 2256 et
1689 2191 1830 2274 petimus
1869 2203 1909 2254 ut
1939 2211 2000 2272 pro
2032 2191 2128 2256 nobis
2161 2211 2270 2274 preoes

277 2279 440 2358 auditum,
469 2279 517 2344 ita
546 2281 618 2364 ipsa
645 2301 704 2362 per
730 2279 839 2345 oeulos
861 2290 895 2344 et
914 2280 994 2344 alios
1020 2299 1136 2345 sensus
1157 2279 1248 2344 testi·
1300 2278 1448 2343 fundant.
1504 2275 1589 2343 Cum
1619 2277 1661 2343 iis
1693 2285 1802 2341 autem
1842 2277 1898 2360 qui
1935 2277 2014 2341 hino
2044 2276 2268 2356 discesserunt,

276 2367 423 2430 monium
457 2365 688 2448 redemptionis
721 2365 847 2431 Christi
882 2387 940 2431 suo
977 2363 1072 2430 modo
1105 2371 1138 2429 et
1169 2385 1249 2448 pure
1300 2364 1429 2428 etiamsi
1450 2362 1663 2428 nihilominus
1683 2364 1846 2442 nostraffl)
1870 2363 1945 2439 sint,
1968 2370 2002 2426 et
2022 2371 2139 2444 optent
2166 2363 2269 2428 nobis·

278 2451 514 2532 aonfirmet.⁴²)
1273 2471 1375 2548 laum
1403 2469 1464 2514 nos
1491 2469 1601 2514 seeum
1630 2449 1671 2513 ad
1699 2447 1877 2532 imaginem
1911 2447 1977 2512 Dei
2008 2447 2103 2529 plene
2136 2448 2266 2524 rostitm,

675 2589 739 2650 Art
772 2587 858 2670 9⁴⁸)
1273 2545 1411 2686 Ῑὶιιιιιιὲιιι
1432 2533 1557 2599 ιιιιιιιιιιι
1574 2554 1649 2599 oum
1659 2535 1706 2600 eis
1723 2534 1809 2600 vitae
1820 2533 2000 2615 praesentis
2010 2534 2269 2599 eommuniouem

741 2638 747 2652 ·
793 2637 800 2651 ·
1325 2641 1345 2684 a
1385 2641 1467 2685 mus,

363 2703 416 2768 Ad
442 2705 523 2771 haee
551 2705 696 2770 Karalus
724 2705 897 2771 referebat:
924 2707 986 2772 sibi
1014 2707 1094 2772 satis
1122 2729 1193 2773 esse
1221 2707 1250 2772 si
1273 2640 1277 2772 l
1387 2704 1498 2786 Quare
1519 2726 1620 2787 quum
1642 2703 1734 2769 nullo
1755 2705 1855 2770 etiam
1873 2705 2053 2786 seripturas
2071 2705 2126 2771 vel
2143 2703 2268 2770 oraeulo

278 2788 462 2855 istiusmodi
483 2791 568 2855 ritus
591 2812 657 2855 non
679 2800 717 2855 ut
737 2812 796 2873 per
817 2813 852 2857 se
873 2792 965 2875 impii
987 2792 1192 2871 damnentur,
1214 2792 1249 2858 in
1274 2778 1277 2874 l
1300 2792 1355 2859 vel
1375 2791 1525 2874 exemplo
1546 2791 1611 2856 hue
1631 2790 1820 2869 invitemur,
1844 2789 1933 2854 haud
1954 2789 2048 2856 faoile
2065 2791 2139 2856 sine
2156 2791 2268 2854 immo·

278 2874 382 2940 abusu
402 2895 516 2940 eorum
538 2897 572 2940 se
594 2897 719 2958 quoqne
741 2897 918 2960 agnoscere
936 2878 1113 2960 plurimum
1133 2879 1249 2962 impie-
1274 2877 1276 2908 ¹
1301 2879 1425 2959 nita⁴⁹l
1448 2877 1673 2942 aestimatione
1694 2883 1727 2940 et
1747 2875 1866 2942 fiduaia
1887 2876 2133 2942 interaessionis
2150 2875 2268 2941 Christi

278 2961 355 3026 tatis
377 2960 556 3026 admissum
578 2983 649 3027 esse
671 2970 705 3026 et
721 2961 817 3027 hodie
839 2962 977 3028 admitti.
1302 2963 1474 3046 quisquam
1513 2961 1553 3026 de
1589 2961 1795 3027 invocatione
1834 2961 1984 3028 divorum
2016 2971 2085 3026 tam
2116 2961 2269 3028 sollioitus

696 3099 758 3163 At
792 3105 830 3163 10
1301 3048 1399 3114 luerit
1428 3047 1561 3130 eiusque
1590 3045 1750 3112 desiderio
1773 3047 1819 3112 sio
1839 3049 2001 3126 inarserit,
2031 3053 2070 3112 ιιι
2091 3047 2181 3130 ipsos
2202 3055 2268 3112 tan·

727 3119 765 3162 ¹⁸·
833 3151 839 3164 ·
1302 3155 1400 3217 quam
1426 3140 1615 3216 praesentes
1636 3142 1725 3198 etse
1751 3133 1921 3199 audientes
1948 3133 2099 3217 appellet,
2129 3133 2268 3198 maxime

363 3215 514 3299 Rogabat
546 3215 697 3300 doinoeps
727 3218 768 3283 D.
803 3218 946 3285 Karalus
973 3218 1014 3284 de
1041 3220 1250 3286 invooatione
1302 3240 1402 3303 quum
1431 3219 1470 3284 de
1498 3218 1624 3284 Christi
1651 3219 1881 3284 intereassione
1919 3240 1992 3284 eam
2024 3219 2269 3301 promissionem

278 3309 465 3368 meatorum
489 3301 547 3384 qui
571 3323 646 3368 eam
675 3302 808 3368 Christo
830 3304 960 3370 coelesti
981 3325 1062 3387 paee
1086 3306 1248 3382 fruuntur,
1301 3306 1488 3383 habeamus,
1511 3325 1571 3370 nos
1593 3303 1748 3387 quidquid
1767 3305 1803 3369 in
1820 3306 1955 3370 nomine
1975 3305 2047 3370 eius
2068 3325 2222 3388 rogemus
2236 3301 2269 3366 id

278 3408 322 3454 an
352 3387 570 3452 indicaremus
602 3389 630 3452 si
668 3389 821 3454 eeclesiae
858 3391 967 3456 Deum
1004 3392 1172 3470 invocent,
1211 3399 1251 3456 ut
1302 3391 1401 3456 etiam
1417 3392 1648 3473 impetraturos
1664 3411 1743 3456 esse.
1779 3389 1818 3455 Si
1834 3391 1937 3475 igitur
1956 3390 1997 3456 de
2016 3389 2145 3456 Christi
2165 3401 2268 3473 patro-

277 3472 409 3538 illorum
432 3494 491 3556 pro
511 3495 546 3538 se
574 3495 685 3556 praees
712 3473 864 3558 dignetur
893 3473 1064 3554 exaudire,
1092 3477 1156 3542 etsi
1177 3477 1250 3560 quis
1302 3478 1386 3542 oinio
1407 3487 1495 3542 reete
1516 3477 1684 3554 sentimus,
1708 3475 1748 3540 de
1767 3475 1917 3542 divorum
1933 3477 2085 3560 precibus
2102 3497 2164 3558 pro
2180 3474 2266 3540 nohis

279 3580 320 3624 ex
353 3557 413 3624 hoe
446 3567 523 3624 voto
557 3559 598 3624 ad
637 3559 725 3642 ipsos
761 3560 860 3625 etiam
897 3561 997 3627 verba
1034 3562 1142 3641 faeiat,
1183 3583 1250 3626 nou
1303 3564 1358 3646 qui
1389 3583 1560 3645 possumus
1589 3571 1656 3626 tam
1683 3562 1773 3626 anxii
1800 3560 1893 3626 reddi
1919 3573 1969 3640 ut,
2002 3581 2061 3628 eeu
2089 3573 2186 3627 extra
2211 3579 2268 3626 noe

280 3643 412 3727 quidem
434 3665 473 3708 aa
494 3645 645 3726 opinione
669 3655 824 3726 tanquam
851 3646 914 3728 ipsi
932 3669 970 3710 ea
987 3649 1088 3714 verba
1105 3645 1249 3726 audiant,
1303 3649 1414 3731 positi,
1448 3649 1535 3730 ipsos
1568 3655 1724 3730 tanquam
1752 3668 1862 3712 eoram
1896 3657 2005 3712 essent
2041 3643 2265 3730 alloquamur?

280 3729 336 3795 sed
365 3727 638 3811 quomadmodum
667 3731 741 3813 quis
769 3731 806 3794 in
836 3732 1024 3818 vehementi
1057 3733 1251 3817 cogitatione
1303 3735 1348 3799 ιιι
1379 3755 1480 3816 quare
1513 3733 1610 3798 etiam
1646 3755 1751 3796 unum
1790 3741 1825 3797 et
1859 3733 2001 3798 alterum
2032 3734 2144 3816 potius
2175 3752 2268 3816 quam

280 3813 320 3880 do
346 3816 450 3881 amieo
478 3817 576 3880 etiam
605 3819 724 3898 non⁴⁴)
753 3816 806 3882 hie
827 3825 953 3902 agente,
977 3819 1109 3884 absente
1131 3827 1249 3897 tamen,
1303 3818 1452 3884 amnesi
1481 3819 1528 3884 Ut
1549 3828 1659 3884 autem
1680 3839 1851 3884 excessum
1873 3818 2008 3885 affertos
2028 3819 2218 3885 huiusmodi
2237 3821 2271 3882 in

280 3899 393 3982 iuoipit
420 3900 507 3983 apud
535 3923 570 3966 se
592 3901 685 3984 quusi
707 3923 780 3966 oum
803 3903 859 3968 illo
880 3903 984 3986 loqui,
1011 3903 1053 3970 ad
1080 3925 1155 3968 eum
1177 3912 1250 3969 tan·-
1303 3905 1439 3988 privatis
1461 3913 1629 3987 uteunque
1656 3923 1899 3982 exousaromus,
1928 3925 1993 3987 qua
2019 3906 2147 3970 ratione
2168 3915 2270 3970 traus-

283 4005 379 4064 quam
401 3995 613 4068 praesentem,
636 3995 808 4070 postquam
829 3989 937 4054 animo
958 3989 1024 4054 iam
1046 4001 1173 4073 praesto
1191 3997 1250 4068 est,
1303 3994 1388 4055 ferre
1408 4001 1518 4055 autem
1539 3989 1636 4056 licoat
1655 3991 1691 4053 in
1709 3989 1856 4071 publicas
1873 4011 1985 4072 preses
2005 3991 2171 4069 eeclesiae,
2192 4009 2270 4072 quae

284 4069 382 4134 verba
404 4072 553 4156 dirigere.
1303 4077 1351 4140 ita
1370 4075 1498 4141 institui
1518 4074 1635 4140 debent
1652 4083 1689 4140 ut
1708 4075 1774 4139 sint
1785 4076 1921 4158 privatis
1932 4075 2269 4158 preoihusoertissima

339 4155 421 4249 'hd
447 4158 510 4224 ista
538 4158 779 4240 respondimus:
808 4180 868 4223 nos
896 4167 1009 4241 optare
1037 4168 1073 4224 ut
1099 4159 1252 4226 aeclesiae
1304 4161 1419 4245 regula
1440 4169 1473 4226 et
1494 4161 1643 4244 exempla
1664 4159 1860 4243 purissima?
1893 4162 1961 4226 Nos
1982 4163 2046 4228 alia
2066 4162 2195 4227 ratione
2215 4182 2264 4226 ex·

285 4244 365 4302 satrs
388 4239 528 4308 habeant
548 4246 737 4310 memoriam
759 4251 947 4310 sanatorum
968 4265 1097 4324 eorum,
1120 4245 1160 4311 do
1181 4245 1252 4328 qui·
1305 4245 1463 4313 ousandos
1495 4245 1537 4310 D.
1566 4257 1674 4328 patres
1706 4245 1747 4312 de
1776 4248 1840 4312 ista
1873 4247 2024 4312 divorum
2055 4248 2268 4330 appellatione

284 4323 346 4388 bus
368 4325 459 4390 nobis
480 4337 586 4393 eertao
609 4331 764 4394 historiae
786 4341 930 4408 exstem,
960 4332 1007 4397 sio
1029 4331 1191 4396 celebrare
1217 4340 1251 4395 ut
1304 4345 1466 4416 putamus.
1522 4332 1647 4397 Natura
1684 4333 1730 4397 ita
1768 4334 1945 4415 comparati
1979 4354 2093 4398 sumus
2127 4344 2164 4398 ιιι
2197 4333 2269 4396 dum

284 4407 423 4492 populus
445 4431 524 4491 opas
546 4424 578 4478 et
595 4416 851 4497 redemptionom
870 4415 995 4481 Christi
1013 4417 1130 4482 inillis
1148 4417 1253 4501 magis
1303 4417 1417 4484 landos
1439 4427 1507 4482 tam
1529 4419 1665 4482 eximiae
1683 4415 1833 4484 divorum
1850 4417 1902 4485 vol
1919 4419 2000 4501 ipsis
2008 4419 2052 4497 ³⁰)
2072 4419 2271 4484 celebramus

285 4503 459 4594 eognosoat
480 4507 513 4559 ot
529 4500 671 4578 pleniore
689 4501 751 4565 fide
764 4501 986 4584 amplectatur,
1006 4502 1252 4586 imitationequo
1305 4503 1357 4569 vel
1378 4503 1528 4569 audimus
1549 4503 1706 4570 eelebrari
1727 4504 1768 4570 ab
1789 4503 1861 4568 aliis
1883 4505 1947 4588 (uti
1969 4504 2074 4568 saneti
2092 4517 2219 4587 pratres
2240 4503 2271 4566 in

284 4580 361 4646 fider
383 4600 494 4643 eorum
516 4586 655 4666 amplius
671 4587 900 4652 accendantur.
1305 4645 1351 4651 m
1371 4645 1391 4650 ..
1404 4641 1505 4650 ἡ-

370 4666 456 4730 Nam
485 4685 543 4746 per
571 4671 826 4755 qualemcunque
855 4673 1039 4755 opinionem
1061 4672 1101 4738 de
1121 4673 1253 4738 illorum
1391 4724 1439 4788 45)
1460 4727 1558 4794 quant

285 4771 344 4832 pro
372 4751 466 4817 nobis
499 4750 584 4832 apud
619 4755 725 4819 Deum
758 4759 991 4826 intercessione
1024 4761 1132 4837 linitio
1166 4761 1252 4826 enim
1389 4793 1437 4861 46)
1455 4797 1527 4848 Ante
1547 4794 1618 4849 usne
1637 4795 1887 4862 particulamque
1914 4795 1995 4850 aaa
2026 4795 2210 4850 ωιοωιιιιιιιι
2232 4808 2271 4849 eo

287 4905 393 4914 -
402 4909 450 4914 ὴ
466 4909 488 4915 -
1305 4864 1393 4916 mitem
1410 4878 1498 4916 secam
1515 4862 1599 4930 dreit,
1618 4862 1724 4933 aliquid
1739 4863 1872 4917 andare
1888 4863 2002 4917 rideam.

458 4991 463 5004 ¹
1390 4930 1438 4990 47)
1456 4933 1503 4985 sio.
1548 4930 1583 4984 ln
1618 4933 1740 5000 mospius
1773 4933 1829 4984 ιάιιι
1863 4931 1925 4984 otior
1966 4931 2067 5000 ola'pmr
2107 4931 2266 4986 madebit:

371 4987 419 5050 41)
437 4991 493 5044 sao!
1306 5017 1427 5071 reguum.

371 5055 419 5122 42)
437 5059 597 5112 oonfirmont
614 5058 652 5124 (i)
1390 5068 1437 5133 ts)
1455 5071 1550 5123 nostri.

370 5125 415 5189 43)
435 5127 573 5180 Neroassos
589 5127 633 5180 lrr's
651 5122 787 5178 euidenter
802 5129 874 5192 lateo
890 5137 1039 5202 oppositas.
1090 5159 1093 5167 ·
1390 5138 1437 5200 49>
1455 5140 1602 5192 imminuta

375 5190 418 5255 44>
436 5197 581 5250 etiamnum
602 5197 641 5261 (ι)
659 5194 679 5248 ι’.
697 5206 718 5246 e·
736 5194 824 5250 odtur
841 5206 988 5268 superstite
1391 5205 1437 5274 50)
1455 5209 1515 5276 ipsi.
