4804 6012
121 367 178 429 189

999 367 1228 436 CONSIDIA.
2052 376 2113 438 190

119 551 202 618 libus
225 565 275 618 est
296 555 438 636 reposita
459 555 494 620 in
512 556 618 634 coelis,
641 558 701 622 sub
720 577 778 641 spe
796 566 829 624 ιι
846 558 1089 640 exspectatione
1139 555 1257 640 quihus
1278 565 1390 622 teman
1416 556 1637 640 constringor,
1660 555 1839 636 macuta,
1861 557 1918 624 sed
1940 567 2113 642 conceptae

119 639 366 706 resurrectionis
399 640 441 705 sd
474 641 612 724 gloriam
644 654 820 710 aeternam.
881 644 967 708 Fixa
1000 643 1089 708 enim
1139 642 1267 724 pridem
1289 641 1523 708 deliberationi.
1573 642 1658 708 Nam
1687 643 1715 708 si
1742 643 1858 726 quibus
1884 645 1932 708 ita
1956 645 2110 727 pruriunt

119 727 216 789 stiam
238 724 296 788 illa
317 726 411 790 nohis
435 747 510 808 spes
538 727 673 793 haerere
703 727 812 808 debet,
841 727 996 812 quamdiu
1018 747 1088 794 cer·
1141 748 1251 805 aures,
1278 739 1317 794 ιι
1337 729 1432 794 noris
1458 727 1602 810 quotidie
1628 729 1794 811 responsis
1814 727 1977 796 oblectare
1999 751 2034 798 se
2055 753 2110 798 ce-

119 829 196 894 pora
215 821 327 875 nostra
347 812 383 876 in
405 821 493 876 terra
513 813 701 895 quiescunt,
730 816 858 882 animas
886 815 973 899 apud
995 814 1088 879 illum
1139 815 1240 895 piant,
1263 814 1357 880 facile
1379 815 1486 897 patiar
1507 812 1638 880 aliunde
1661 821 1779 896 petere.
1831 814 1900 880 Nee
1921 816 2002 882 mihi
2024 818 2113 884 inter

120 897 263 962 victuras
284 897 318 960 ie
341 897 448 962 coelis.
481 896 578 978 Quod
599 898 641 964 ad
664 899 747 964 illud
768 901 853 985 quod
876 923 895 964 a
916 922 968 966 me
991 921 1088 982 quae·
1139 907 1187 964 tot
1208 901 1340 983 negotia
1358 909 1391 964 et
1412 898 1558 968 assiduos
1579 921 1679 982 prope
1696 899 1826 966 morbos
1847 908 1978 966 tantum
1996 923 2112 986 suppe-

121 983 178 1060 ris,
211 981 353 1048 hceatne
383 982 563 1050 christiano
590 985 716 1050 homini
743 988 938 1070 participare
970 1005 1089 1052 coenae
1140 985 1182 1050 tit
1203 986 1276 1063 otii,
1306 995 1343 1051 ut
1364 985 1492 1069 publice
1521 994 1554 1052 et
1580 985 1734 1068 privatim
1762 985 1931 1052 scribendo
1960 989 2113 1056 omnibus

121 1068 253 1133 Domini
280 1089 363 1150 quae
389 1069 465 1134 istic
491 1069 754 1136 administretur:
788 1073 954 1156 responsio
976 1081 1089 1154 aperte
1139 1091 1265 1136 morem
1287 1091 1408 1156 geram.
1453 1071 1587 1155 Rogant
1608 1070 1755 1153 quidam,
1784 1071 1814 1136 si
1840 1071 1993 1154 apostolis
2019 1073 2112 1140 licuit

121 1165 176 1231 est,
200 1153 299 1219 licere
320 1155 461 1232 omnino,
484 1155 580 1220 modo
598 1177 698 1222 coena
708 1157 833 1222 Christi
852 1179 891 1223 ea
908 1159 952 1223 sit
968 1157 1008 1222 de
1026 1177 1089 1240 qua
1140 1154 1223 1220 hora
1240 1157 1437 1240 precationis
1453 1157 1488 1221 in
1507 1156 1665 1239 templum
1676 1157 1858 1234 ascendere,
1877 1156 1993 1224 deinde
2010 1159 2110 1228 stiam

122 1240 236 1323 agitur.
280 1240 383 1323 Atqui
404 1239 459 1305 ubi
481 1262 552 1306 rem
572 1243 621 1306 uti
643 1262 704 1326 par
724 1253 775 1308 est
800 1242 1009 1326 expenderis,
1037 1243 1089 1308 in·
1140 1242 1245 1307 Paulo
1264 1242 1431 1308 solennem
1449 1245 1551 1308 ritum
1568 1243 1830 1310 sanctificationis
1848 1243 1947 1320 obire,
1969 1263 2028 1308 cur
2044 1266 2111 1310 non

122 1326 234 1390 venies
254 1345 320 1390 non
346 1327 452 1410 magis
480 1329 655 1392 convenire
683 1329 771 1394 inter
798 1349 933 1394 coenam
954 1328 1090 1394 Domini
1141 1329 1239 1392 ctiam
1270 1327 1367 1393 hodie
1394 1329 1487 1394 nobis
1513 1330 1562 1394 fas
1589 1327 1632 1394 sit
1658 1349 1771 1410 preces
1795 1329 1932 1394 miscere
1957 1350 2031 1394 cum
2052 1351 2111 1412 pa·

123 1431 156 1476 ae
176 1411 313 1476 missam
334 1412 540 1494 papisticam,
568 1434 667 1496 quam
689 1413 776 1480 inter
800 1415 909 1480 lucem
935 1435 973 1479 ec
999 1423 1089 1479 tene·
1140 1413 1255 1495 pistis?
1299 1415 1413 1480 Primo
1435 1413 1613 1480 tenendum
1639 1423 1704 1493 est,
1733 1434 1817 1497 quae
1843 1423 1922 1481 tuno
1947 1415 2032 1498 apud
2054 1415 2112 1481 Iu·

123 1496 203 1562 bras.
249 1497 387 1562 Constat
416 1495 546 1580 quidem
576 1499 814 1566 ordinationem
836 1501 972 1566 Domini
1001 1500 1090 1565 dete-
1141 1497 1237 1564 dacos
1258 1519 1372 1581 preces
1393 1499 1558 1584 vigebant,
1584 1500 1685 1566 fuisse
1706 1519 1815 1582 puras,
1841 1509 1875 1564 et
1895 1501 2049 1566 formatas
2071 1501 2112 1568 ad

122 1583 240 1647 riorcm
261 1583 331 1646 fieri
354 1603 419 1646 non
442 1603 538 1666 posse
554 1585 717 1668 pravitate
735 1586 905 1650 hominum
923 1586 977 1650 vel
998 1588 1090 1670 igno·

123 1669 240 1748 rantia3
262 1667 320 1733 sed
341 1666 425 1732 illud
445 1691 598 1754 pernego,
620 1671 754 1736 missam
777 1671 816 1736 ad
840 1671 1010 1738 Christum
1032 1693 1090 1736 au-

123 1760 222 1818 torem
241 1753 356 1818 referri
421 1775 486 1820 sse:
509 1757 589 1837 quin
611 1758 718 1839 potius
740 1759 775 1820 in
797 1757 900 1841 ipsius
923 1767 1089 1822 contume-

122 1838 195 1904 liam
214 1840 256 1904 ab
278 1841 349 1922 ipso
398 1849 498 1905 atana
518 1841 710 1908 fabricatam
736 1843 864 1908 affirmo
891 1842 933 1907 ad
960 1851 1090 1910 sanctae

123 1945 237 1990 ιιιιιι
269 1927 472 1990 eversionem
505 1927 728 1993 certissimam.
789 1929 894 1994 Plane
927 1930 1016 1994 enim
1048 1950 1089 1994 ex

124 2009 276 2076 ιιιιιιιο
293 2010 342 2076 illi
364 2022 543 2095 repugnat,
570 2013 626 2078 ehi
648 2015 797 2080 sacrificii
824 2015 956 2080 nomine
977 2036 1089 2080 censa·

123 2105 179 2175 ter,
197 2107 296 2179 atque
313 2097 349 2160 in
361 2098 520 2164 actionem
541 2111 661 2164 temere
679 2100 850 2165 inventam
863 2101 914 2166 vis
932 2109 965 2166 et
982 2101 1089 2166 effica-

123 2183 167 2248 cia
175 2183 339 2264 passionis
350 2183 485 2248 Domini
501 2184 756 2250 transscribitur.
781 2186 904 2250 Exstat
915 2185 984 2250 illie
995 2207 1088 2269 prae·

122 2275 205 2332 terea
222 2269 428 2350 apertissima
450 2269 648 2348 idololatria,
677 2293 742 2336 nou
764 2279 893 2336 mutum
916 2271 973 2336 uhi
994 2271 1089 2354 panis

123 2353 286 2431 adoretur,
314 2353 372 2420 sed
399 2355 476 2438 quia
497 2365 531 2420 et
552 2365 666 2421 oratur
686 2378 745 2440 pro
768 2357 941 2434 defunctis,
970 2369 1005 2422 et
1023 2379 1087 2422 me·

122 2439 179 2502 rita
199 2449 299 2521 atque
320 2441 567 2506 intercessiones
589 2451 776 2507 sanctorum
799 2443 1025 2525 implorantur,
1055 2451 1089 2508 ιι

121 2524 269 2608 pleraque
290 2525 448 2591 eiusmodi
470 2527 536 2591 illic
563 2529 661 2608 fiunt,
689 2549 772 2612 quae
794 2527 958 2595 Dominus
984 2530 1088 2594 nomi·

122 2611 220 2674 ratim
242 2611 446 2676 condemnat.
498 2612 610 2693 Quare
631 2635 698 2680 non
714 2615 821 2698 magis
842 2613 917 2680 licet
938 2613 1088 2680 fidelihus

122 2697 354 2762 communicare
385 2697 432 2761 illi
461 2700 701 2782 superstitioni,
734 2721 833 2782 quam
865 2700 943 2765 olim
970 2701 1089 2765 licebat

121 2783 300 2847 merificare
321 2783 354 2848 in
377 2783 506 2849 Bethal.
551 2785 639 2850 Illud
661 2787 748 2850 enim
771 2785 904 2851 omnino
926 2793 1088 2870 repugnat

122 2868 311 2932 confessioni
337 2867 429 2948 fidei,
457 2891 556 2953 quam
586 2893 606 2936 a
634 2872 727 2936 nobis
749 2872 912 2937 Dominus
939 2873 1084 2955 requirit.

122 2949 183 3017 Sed
194 2953 271 3035 quia
290 2953 353 3020 hoc
363 2965 595 3038 argumentum
612 2965 847 3039 pertractatum
865 2967 916 3024 est
930 2959 1034 3024 fusim
1050 2959 1086 3022 ie

120 3037 207 3104 libris
231 3059 271 3105 ea
293 3039 335 3104 de
356 3061 391 3106 re
413 3039 524 3120 editis,
553 3064 573 3107 a
597 3051 631 3108 te
657 3053 733 3128 pcto
759 3049 798 3108 ut
818 3043 892 3109 illos
911 3043 1087 3192 diligenter

121 3123 254 3192 evolvas
299 3125 346 3191 Τι
367 3128 492 3192 interea
513 3129 639 3212 gratiam
660 3127 796 3194 Domini
818 3149 965 3194 commen
990 3150 1019 3208 o,
1049 3139 1087 3195 ut

119 3209 184 3292 ipse
205 3233 298 3276 suam
320 3212 524 3278 voluntatem
546 3223 579 3278 te
600 3214 735 3281 edoceat
763 3223 797 3278 et
818 3216 944 3297 aperiat
965 3215 1085 3296 oculos,

119 3306 153 3359 ut
172 3299 305 3380 nigrum
333 3319 353 3362 a
380 3298 518 3363 candido
546 3297 724 3366 discernas:
758 3303 805 3368 sic
826 3301 914 3366 enim
937 3300 996 3364 tihi
1018 3324 1085 3367 non

120 3379 303 3448 defuturum
336 3384 464 3448 confido
499 3387 533 3450 in
562 3407 625 3466 quo
659 3387 853 3470 acquiesces.
905 3387 979 3452 {tibi
1008 3408 1084 3453 vero

119 3487 244 3532 omnem
264 3469 430 3534 licentiam
449 3469 616 3552 praecidas
633 3471 809 3538 umulendi
825 3471 953 3537 interea
970 3473 1085 3556 impie-

119 3557 216 3618 tatem
237 3575 256 3618 a
277 3563 311 3619 tc
331 3555 399 3620 ullo
420 3556 518 3622 modo
546 3558 727 3640 approbari.
778 3559 941 3624 Dominus
969 3581 1029 3623 sua
1050 3561 1084 3624 iu

117 3645 148 3702 te
169 3639 253 3704 dona
274 3637 444 3724 adaugeat,
466 3651 562 3724 atque
583 3644 640 3707 ubi
661 3643 746 3726 qnod
764 3653 891 3709 rectum
907 3652 958 3708 est
975 3651 1085 3710 osten-

118 3723 211 3805 derit,
239 3725 294 3790 det
317 3727 415 3791 ctiam
437 3730 581 3793 animum
603 3737 823 3808 constantem,
852 3739 889 3792 ut
909 3730 943 3793 in
967 3751 1005 3794 cc
1027 3751 1084 3815 ag-

118 3811 193 3891 nito,
217 3825 253 3876 ut
275 3833 337 3895 par
359 3823 417 3891 est,
440 3813 626 3879 adhaereas.
672 3813 827 3880 Cenevac
853 3821 900 3879 15.
922 3815 1022 3881 Iunii.

722 3919 811 3984 Tuus
832 3917 998 3984 Calvinus.

118 4183 177 4252 Qut
200 4185 336 4242 LICEAT
360 4187 598 4329 Psnalurglta
625 4189 754 4246 CULTUI
776 4189 953 4244 ROMANAE
980 4191 1084 4247 SYNA·

541 4275 649 4330 OCAE.
660 4277 681 4342 ¹)

201 4407 287 4489 Quia
309 4409 350 4474 de
372 4413 612 4493 quaestionibus
635 4415 715 4495 qu‘as
736 4433 857 4493 moves,
885 4414 949 4478 iam
973 4411 1084 4480 decem

1141 1587 1378 1668 praescriptum
1407 1585 1497 1670 legis.
1542 1585 1611 1652 Neo
1640 1606 1728 1663 vero,
1761 1587 1790 1651 si
1818 1585 1965 1669 papistas
1981 1606 2112 1669 ,puram

1141 1671 1256 1736 orandi
1279 1671 1419 1736 formam
1440 1673 1661 1754 conciperent,
1691 1670 1771 1736 mihi
1793 1671 1906 1754 religio
1924 1679 2010 1738 esset
2029 1681 2111 1736 tcm-

1140 1757 1231 1839 plum
1253 1777 1329 1822 cum
1350 1757 1430 1839 ipsis
1452 1756 1588 1840 ingredi.
1636 1758 1737 1839 Atqui
1757 1756 1830 1822 illos
1852 1757 1985 1824 minime
2003 1757 2113 1826 decuu

1141 1861 1323 1925 aggregare
1345 1863 1380 1908 se
1401 1840 1442 1906 ad
1464 1865 1575 1908 eorum
1598 1851 1741 1920 metum,
1770 1844 1825 1925 qui
1847 1843 2016 1908 Christum
2038 1863 2112 1910 cru·

1141 1929 1321 1994 cifirerant.
1371 1928 1575 2011 ·Respondeo
1607 1928 1767 1992 actionem
1800 1949 1858 2011 per
1889 1950 1925 1994 sa
1957 1930 2046 2010 piam
2079 1937 2113 1994 et

1141 2024 1289 2079 sanctam
1323 2035 1389 2078 nou
1417 2017 1581 2096 corrumpi
1608 2014 1689 2079 vitio
1717 2013 1903 2078 hominum:
1938 2015 2034 2080 sicuti
2061 2013 2111 2078 di·

1141 2118 1214 2166 cere
1236 2099 1334 2178 soloe,
1356 2120 1398 2165 ne
1420 2119 1534 2166 omnes
1555 2097 1685 2181 quidem
1708 2101 1850 2182 angelos,
1874 2099 1903 2164 si
1919 2101 2038 2166 missac
2059 2101 2111 2166 in·
2164 2167 2166 2172 ,

1140 2185 1267 2262 tersint,
1289 2205 1386 2268 posse
1407 2185 1518 2250 aluere
1540 2187 1609 2250 eius
1631 2184 1742 2252 sordes
1763 2205 1824 2250 sua
1841 2186 2027 2252 sanctitate:
2050 2205 2111 2252 nco

1140 2292 1273 2336 rursum
1292 2269 1436 2336 diabolos
1452 2292 1564 2336 omnes
1581 2291 1675 2354 posse
1692 2291 1754 2338 sue
1771 2271 1956 2352 praesentia
1973 2271 2110 2350 officere,

1141 2377 1203 2439 quo
1225 2357 1334 2420 minus
1357 2377 1450 2422 saera
1471 2377 1586 2435 coena,
1617 2357 1696 2420 dum
1717 2356 1901 2422 celebratur
1922 2378 1963 2422 ex
1985 2356 2111 2424 Christi

1140 2442 1300 2521 instituto,
1323 2463 1417 2506 suam
1446 2443 1621 2524 puritatem
1649 2443 1797 2506 retineat
1843 2441 1979 2508 Certum
2000 2451 2111 2510 tamen

1140 2535 1203 2606 est,
1232 2549 1298 2594 non
1320 2528 1473 2594 omnihus
1499 2527 1655 2610 precandi
1677 2527 1767 2594 horis
1790 2528 1952 2610 apostolos
1979 2529 2111 2596 venisse

1139 2614 1175 2677 in
1195 2613 1371 2696 templum,
1400 2617 1476 2696 quia
1505 2615 1540 2678 in
1568 2611 1703 2678 aedibus
1733 2613 1869 2695 privatis
1894 2615 2036 2698 agebant
2058 2635 2109 2680 aa

1140 2718 1211 2764 cros
1233 2709 1431 2764 conventus:
1468 2698 1525 2764 sed
1547 2709 1584 2764 ut
1605 2697 1715 2764 oblata
1737 2698 1803 2764 illis
1819 2699 1882 2764 fuit
1903 2721 1976 2782 spes
1998 2699 2109 2766 aedili·

1139 2783 1251 2862 candi,
1278 2783 1339 2850 hac
1366 2785 1533 2851 occasione
1560 2785 1661 2850 fuisse
1688 2806 1773 2850 usos.
1823 2784 1899 2850 Non
1928 2807 2006 2869 ergo
2032 2785 2110 2855 data

1138 2891 1237 2954 opera
1258 2871 1507 2953 frequentarunt
1528 2870 1698 2953 templum,
1721 2877 1759 2936 ut
1780 2872 1870 2954 genti
1891 2893 1970 2936 suae
1991 2871 2027 2936 iu
2049 2893 2108 2953 pu-

1137 2955 1231 3022 blicis
1252 2965 1286 3022 et
1307 2954 1504 3039 quotidianis
1532 2957 1681 3038 precihus
1702 2965 1811 3022 esseut
1832 2957 1924 3023 socii:
1955 2954 2013 3024 sed
2033 2957 2109 3040 quia

1137 3042 1302 3124 probabile
1323 3049 1402 3119 erat,
1424 3041 1486 3108 leci
1507 3043 1693 3108 reverentia
1714 3043 1820 3126 magis
1841 3041 1960 3108 dociles
1981 3063 2019 3108 ac
2039 3063 2109 3110 mo-

1137 3129 1261 3211 rigeros
1293 3127 1362 3192 fore
1390 3127 1432 3192 ad
1465 3127 1689 3210 excipiendam
1720 3127 1882 3210 evangelii
1920 3128 2108 3208 doctrinam,

1137 3215 1192 3296 qui
1214 3215 1250 3278 in
1271 3213 1351 3278 loeis
1371 3214 1516 3296 profanis
1537 3214 1648 3278 minus
1670 3214 1809 3280 fuissent
1829 3216 1952 3278 attenti.
1997 3215 2109 3298 Atque

1136 3298 1171 3363 id
1192 3299 1228 3364 in
1247 3299 1351 3366 Paulo
1373 3298 1491 3366 clarius
1513 3298 1726 3382 perspicitur,
1753 3299 1809 3381 qui
1834 3309 1921 3366 certe
1942 3299 2035 3364 nulla
2055 3321 2107 3366 re-

1136 3385 1258 3468 ligione
1275 3385 1437 3470 impulsus
1453 3394 1566 3451 votum
1585 3385 1738 3466 suscepit,
1757 3383 1814 3450 sed
1827 3393 1956 3450 tantum
1974 3395 2013 3450 ut
2029 3406 2107 3468 pur·

1137 3481 1214 3555 gata
1241 3492 1306 3553 qua
1333 3471 1414 3537 falso
1441 3481 1597 3554 gravatus
1619 3471 1727 3536 lucrat
1748 3470 1945 3552 suspicione,
1973 3471 2107 3538 ianuam

1137 3557 1198 3622 sibi
1221 3557 1263 3622 ad
1285 3557 1506 3641 spargendum
1524 3557 1729 3640 evangelium
1752 3557 1958 3638 patefaceret.
1993 3557 2107 3639 Neque

1137 3644 1224 3708 enim
1248 3649 1362 3726 sponte
1385 3643 1446 3709 hae
1467 3642 1670 3708 caeremonia
1697 3641 1811 3709 fumant
1833 3639 2018 3708 defunctus:
2049 3664 2106 3709 ne-

1136 3751 1199 3811 que
1227 3737 1360 3812 rogatus
1395 3741 1444 3794 est
1473 3727 1513 3794 ab
1540 3727 1657 3794 Iacobo
1685 3725 1812 3812 (Actor.
1834 3731 1884 3804 21,
1904 3729 1975 3808 23),
2002 3736 2040 3794 ut
2060 3728 2108 3792 ita

1137 3816 1247 3880 Deum
1269 3815 1400 3897 coleret,
1423 3813 1480 3878 sed
1502 3822 1716 3877 attestatum
1738 3814 1859 3878 faceret
1879 3813 2019 3876 infirmis
2041 3814 2106 3876 fra-

1136 3901 1240 3965 tribus
1263 3921 1297 3964 se
1317 3921 1383 3964 non
1406 3921 1476 3964 ssss
1498 3907 1678 3981 apostatam
1701 3919 1720 3962 a
1741 3897 1812 3982 loge
1828 3898 1939 3963 Musis.
1973 3898 2107 3966 Interea

1136 3986 1276 4052 liberum
1299 3985 1363 4050 illis
1385 3985 1447 4050 fuit
1468 3997 1501 4050 ιι
1522 3983 1681 4067 templum
1703 3982 1846 4066 ingredi,
1876 3991 1911 4046 ct
1937 4005 2029 4048 sacra
2050 3983 2106 4048 oh·

1136 4072 1256 4136 latione
1279 4072 1392 4136 testari
1414 4092 1506 4136 suam
1529 4071 1697 4152 pietatem:
1726 4070 1803 4151 quia
1830 4089 1896 4132 non
1923 4069 2008 4134 alius
2036 4077 2107 4134 erat

1136 4159 1223 4235 finis,
1252 4158 1317 4222 nisi
1339 4167 1375 4222 ut
1397 4157 1627 4240 profiterentur
1648 4175 1682 4218 se
1704 4155 1812 4218 Deum
1834 4153 1969 4220 Israelis
1990 4154 2105 4220 colere.

1137 4244 1206 4307 Iam
1241 4243 1379 4327 emergit
1411 4243 1515 4307 altera
1544 4241 1706 4324 quaestio,
1740 4241 1767 4304 si
1799 4239 1943 4304 adventu
1980 4239 2105 4306 Christi

1136 4329 1275 4393 abolitae
1297 4339 1392 4393 eraut
1413 4329 1495 4412 logis
1517 4326 1666 4402 umbrae,
1694 4345 1752 4390 cur
1779 4347 1833 4389 cas
1861 4324 1969 4391 adhuc
1991 4325 2105 4391 sectati

1136 4414 1279 4479 fuerint?
1310 4435 1393 4496 quae
1420 4413 1513 4478 facile
1535 4411 1686 4488 solvitur,
1715 4412 1742 4474 si
1762 4421 1919 4490 tenemus,
1949 4411 2105 4493 quamdiu

116 4493 181 4559 lere
204 4497 299 4560 annis
321 4517 362 4560 ex
385 4497 483 4561 variis
505 4497 653 4580 partibus
674 4497 821 4564 exhibita
842 4501 905 4564 fuit
926 4499 1083 4576 molestia,
1136 4501 1227 4564 stetit
1249 4499 1422 4582 templum,
1453 4498 1553 4562 fuisse
1575 4517 1704 4561 sacrum
1735 4495 1934 4562 domicilium
1957 4497 2105 4562 coelestis

116 4580 294 4663 nequehoo
312 4583 465 4648 trecentis
484 4585 646 4666 responsis
665 4583 803 4667 adeptus
821 4606 905 4664 sum,
923 4594 962 4649 ut
978 4587 1084 4666 quiss-
1136 4585 1317 4664 doctrinae,
1347 4595 1380 4650 et
1401 4584 1467 4650 illic
1490 4581 1599 4646 Deum
1622 4583 1685 4646 rite
1706 4583 1804 4646 fnisse
1826 4581 2004 4647 adoratum.
2049 4580 2105 4648 Sic

117 4687 187 4731 cere
217 4667 250 4730 in
277 4677 445 4750 posterum
474 4668 601 4734 liceret:
635 4669 717 4732 nihil
745 4669 863 4735 melius
891 4691 962 4736 esse
995 4669 1084 4748 duxi,
1136 4674 1224 4736 euim
1245 4673 1345 4736 finem
1368 4668 1525 4755 legalibus
1543 4669 1755 4733 caeremoniis
1772 4668 1929 4750 imposuit
1941 4667 2104 4746 Christus,

116 4752 201 4816 iusto
227 4752 335 4836 taedio
363 4754 477 4832 victus,
508 4775 606 4837 quam
628 4755 735 4820 locum
764 4753 840 4820 darc
865 4755 1084 4839 superioribus
1136 4767 1173 4821 ut
1200 4779 1255 4822 eas
1283 4755 1470 4840 abrogando
1502 4775 1568 4818 ιιι
1597 4773 1731 4836 prorsus
1759 4755 1870 4818 statim
1899 4753 2106 4818 damnaverit

116 4837 197 4902 meis
221 4838 364 4921 scriptis,
394 4861 436 4904 ne
464 4840 679 4922 implacabilis
706 4841 884 4906 multorum
913 4842 1084 4907 curiositas
1136 4844 1228 4927 quasi
1250 4843 1366 4925 impias
1384 4849 1417 4906 et
1434 4841 1582 4924 pollutas,
1602 4839 1702 4904 donec
1721 4860 1778 4922 per
1795 4839 2000 4922 evangelium
2018 4837 2105 4903 clare

117 4921 237 4987 frustra
266 4945 319 4988 ms
352 4927 533 4991 conficeret.
587 4925 698 5008 Quare
731 4929 759 4992 si
790 4925 933 4992 breviter
965 4927 1024 4992 tihi
1052 4936 1086 4992 ct
1136 4929 1287 4994 innotuit.
1343 4927 1381 4993 Si
1409 4926 1566 5009 excipias,
1601 4925 1705 4990 lucem
1732 4924 1894 5008 evangelii
1923 4934 2001 4989 tune
2025 4925 2105 4990 satis

117 5009 242 5074 concise
269 5009 465 5094 respondeo,
493 5031 561 5076 non
589 5011 693 5078 solum
722 5013 877 5096 temporis
912 5013 1083 5097 angustiis,
1137 5015 1237 5079 fuisse
1258 5013 1475 5098 conspicuam,
1498 5033 1552 5078 res
1572 5012 1645 5094 ipsa
1667 5010 1775 5092 palam
1795 5009 1896 5088 docet,
1918 5009 2030 5074 multis
2047 5009 2104 5074 ad·

1136 5100 1202 5166 hec
1238 5099 1442 5183 incognitum
1474 5100 1573 5164 fuisse
1606 5096 1791 5162 Christum:
1830 5095 1909 5160 alios
1945 5115 2025 5160 vere
2057 5096 2104 5161 sic

184 5213 212 5276 1)
296 5221 347 5268 „p
365 5213 407 5269 p,
441 5215 506 5270 ‚pq
523 5213 621 5270 (pem,
638 5231 665 5282 p.
682 5215 741 5286 gqg
759 5217 845 5272 pm„
862 5215 952 5287 ,⁸435
977 5215 1086 5273 Hm,
1137 5187 1235 5250 fuisse
1264 5185 1443 5250 illustratos
1466 5185 1537 5250 eius
1565 5181 1680 5258 radiis,
1709 5191 1745 5246 ut
1773 5189 1883 5245 tamen
1911 5179 2063 5246 abessent
2084 5203 2105 5246 a

112 5297 141 5350 p.
160 5279 223 5350 487,
261 5285 340 5339 tecet
355 5299 382 5353 p.
453 5284 563 5346 ,Amet
579 5300 606 5353 p.
626 5283 684 5339 tot.
952 5258 960 5285 '
1136 5271 1232 5354 pleno
1253 5271 1388 5356 fulgore.
1431 5271 1519 5336 Hinc
1546 5275 1682 5352 apparet
1708 5267 1793 5331 inter
1820 5263 1943 5350 legales
1964 5267 2049 5333 ritus
2071 5275 2104 5332 et
