4782 6010
138 364 178 436 'l'l
983 379 1064 442 1536
1086 373 1288 444 Dadanu.
2093 367 2137 448 'id

138 561 194 644 qui
204 561 424 646 intinguntur,
443 583 481 628 ac
498 561 742 642 connubiorum,
765 571 803 629 ιιι
819 583 933 630 eorum
951 587 1034 650 quae
1050 587 1110 650 per
1162 562 1322 629 obierunt.
1365 563 1408 628 In
1430 562 1465 628 id
1486 564 1592 630 morbi
1613 562 1730 631 incidit
1752 565 1883 632 Iacobro
1905 568 2023 634 misere
2044 568 2134 636 insa-

137 646 306 712 ministrcs
326 649 398 712 fieri
420 647 553 727 debent,
582 659 620 714 ut
641 649 706 716 nisi
728 649 865 716 doceant
886 651 996 716 omnia
1017 654 1111 718 iuxta
1160 649 1264 715 niens.
1309 648 1419 730 Quam
1442 657 1492 715 est
1512 648 1624 716 videre
1646 650 1766 717 multos
1788 652 1844 734 qui
1861 654 2020 737 resipiunt
2041 661 2075 720 et
2092 655 2134 720 ad

138 731 275 798 verbum
296 733 391 811 nota,
410 734 475 816 ipsi
498 741 531 800 ct
559 755 624 800 non
647 735 752 800 solum
774 743 927 819 parentes
949 738 1110 804 rationem
1160 736 1333 819 pristinam
1353 733 1451 800 fidem
1472 735 1627 815 redeunt,
1655 756 1756 819 quum
1784 737 1917 804 videant
1942 741 2133 824 omnesqui

137 815 279 883 reddant
299 837 338 884 ac
359 819 408 884 rei
429 827 639 904 peragantur,
666 821 726 886 vix
747 821 975 906 profligabitur
996 843 1109 908 super·
1161 819 1309 886 factionis
1336 820 1426 886 illius
1454 831 1533 886 sunt
1559 821 1698 904 pessime
1729 824 1883 906 torqueri.
1938 823 2046 891 &mora
2077 827 2134 893 ille

139 903 234 968 stilio.
267 903 411 970 Videtur
430 904 513 969 mibi
531 905 685 990 expedire
707 915 744 971 ut
761 909 896 992 gravius
918 909 1111 994 iniungatur
1161 905 1359 989 Bellugardo
1385 907 1448 971 fuit
1474 906 1659 972 admonitus
1680 928 1699 972 a
1721 906 1890 974 domicello
1912 911 2053 994 quadam
2073 933 2136 996 per

138 989 310 1068 officiariis,
332 999 372 1055 nt
393 991 492 1073 probe
510 1013 568 1058 sno
585 993 769 1076 iungantur
786 1014 932 1071 munere,
956 1003 1108 1060 caveant·
1161 991 1329 1070 visionem,
1352 991 1459 1058 locum
1482 991 1542 1057 sibi
1565 1001 1718 1078 paratum
1740 993 1826 1078 apud
1847 995 1969 1061 inferos
1986 997 2133 1064 ricinum

137 1095 200 1158 qne
231 1095 274 1140 ne
308 1075 416 1160 pelam
450 1076 503 1142 vel
534 1077 617 1144 olam
650 1077 774 1160 aliquid
805 1080 863 1144 liat
894 1081 1107 1164 pontificium.
1161 1076 1268 1143 abbati
1278 1079 1307 1161 ²)
1335 1079 1390 1160 qui
1419 1079 1485 1142 ianr
1514 1079 1677 1162 migravit.
1730 1079 1822 1145 Hace
1849 1080 1951 1146 fertur
1973 1081 2078 1148 edisse
2099 1091 2133 1148 et

138 1159 277 1226 Ourabis
298 1161 489 1226 mandatum
513 1161 690 1244 Frumento,
713 1173 747 1229 et
766 1165 794 1228 si
811 1164 950 1243 videtur,
973 1167 1028 1232 ubi
1049 1187 1108 1230 no·
1161 1161 1278 1228 bibisse
1300 1183 1376 1228 cum
1396 1162 1461 1242 illo,
1489 1163 1586 1246 idque
1612 1163 1772 1230 famulum
1795 1173 1851 1230 aut
1879 1166 1979 1232 alium
2001 1167 2136 1240 vidisse.

137 1246 225 1311 mine
252 1247 397 1312 ministri
423 1249 558 1314 nonsit
586 1259 789 1334 assumptum
809 1259 846 1314 ut
872 1251 976 1334 possit
1008 1252 1108 1316 etiam
1159 1248 1252 1314 Haeo
1280 1249 1361 1323 rasi,
1388 1250 1444 1332 qui
1473 1269 1587 1314 omnes
1614 1251 1650 1314 in
1677 1250 1739 1316 hoe
1768 1261 1910 1316 suntet
1937 1254 2132 1336 gravissima

137 1331 220 1396 alins
241 1333 357 1410 emitti,
386 1345 423 1397 ut
445 1353 483 1399 eo
503 1335 673 1400 convocari
695 1336 797 1420 possit
817 1335 924 1418 plebs,
952 1357 1019 1402 non
1046 1337 1109 1416 erit
1159 1335 1328 1398 minentur
1349 1332 1500 1399 omnibus
1528 1335 1584 1418 qui
1612 1338 1743 1418 sequuti
1771 1337 1894 1401 fuerint
1913 1339 2131 1423 evangelium,

135 1417 260 1483 inutile.
304 1415 461 1484 Pluribus
490 1427 598 1486 tecum
627 1421 689 1505 egi.
741 1420 826 1486 Vale
854 1421 945 1487 bene.
990 1422 1109 1488 Saluta
1159 1419 1196 1482 in
1217 1439 1392 1502 menseque
1406 1420 1494 1485 Maio
1516 1421 1665 1485 futurum
1685 1429 1723 1486 ut
1745 1423 1855 1488 omnia
1876 1430 2040 1505 corruant,
2063 1433 2131 1492 tam

136 1518 264 1583 omnes,
297 1505 471 1588 praecipue
498 1507 712 1588 praefectum,
746 1528 843 1590 quem
869 1507 1012 1574 salutare
1039 1530 1106 1574 non
1159 1503 1277 1569 misere
1299 1503 1501 1570 afflictundos
1522 1507 1578 1590 qni
1596 1505 1648 1572 vel
1666 1506 1840 1572 minimum
1857 1508 2009 1574 faverint.
2047 1511 2135 1594 Ber-¹

134 1589 225 1674 potui
257 1611 316 1673 per
348 1591 533 1656 cerealem
570 1591 772 1658 laborantem
805 1594 943 1678 aegrius.
1001 1595 1107 1660 Taceo
1158 1599 1260 1669 nates,
1284 1591 1346 1654 soli
1367 1611 1469 1673 quum
1491 1592 1567 1670 sint,
1590 1612 1723 1674 prorsus
1743 1595 1914 1675 perituros.
1958 1595 2135 1682 Interroga·

154 1673 221 1740 uod
250 1684 344 1742 torve
370 1675 444 1760 plue
471 1678 551 1744 satis
578 1699 638 1744 nos
665 1677 880 1744 intuebantur
908 1680 942 1743 in
972 1680 1108 1747 aedibus
1159 1673 1348 1759 diligentius
1369 1676 1492 1741 bonum
1513 1676 1602 1741 huno
1624 1677 1742 1757 virum,
1765 1677 1877 1744 audies
1893 1680 1978 1746 mira
1996 1691 2030 1746 et
2046 1684 2137 1766 qnae

202 1759 258 1826 uli,
310 1759 526 1828 'resalutant
557 1784 680 1830 omnes,
724 1761 881 1832 (renovas
904 1771 932 1830 6,
967 1767 1106 1834 Deoem.
1157 1759 1293 1827 ferenda
1324 1782 1391 1826 non
1423 1771 1509 1827 sunt
1563 1763 1645 1828 ilasi
1670 1784 1772 1846 quum
1800 1763 1841 1828 ad
1869 1764 2083 1833 defectionem
2110 1787 2131 1832 a

135 1847 202 1913 bris
227 1851 317 1911 1536.
1157 1846 1359 1931 principibus
1375 1847 1534 1930 populum
1552 1847 1696 1932 adigant,
1714 1847 1882 1933 modisque
1893 1853 2044 1918 omnibus
2060 1853 2136 1937 pia*

747 1937 838 2002 Tuus
860 1936 1018 2004 Far-ellus.
1158 1933 1218 1997 tati
1238 1933 1449 2012 reluctentur,
1479 1954 1545 2000 non
1566 1933 1700 1999 videtur
1725 1935 1807 2000 mibi
1829 1936 1991 2020 principes
2013 1936 2131 2005 debere

1158 2017 1298 2101 amplius
1319 2019 1404 2084 ierre
1427 2019 1518 2098 tales,
1541 2020 1604 2085 nisi
1626 2019 1711 2085 bella
1733 2029 1766 2085 et
1782 2029 1890 2088 motus
1908 2022 1995 2087 alere
2012 2023 2128 2090 velint.

1158 2101 1197 2170 Si
1219 2103 1394 2188 diligenter
1414 2103 1624 2188 pervideatur
1652 2107 1707 2189 qui
1734 2107 1802 2170 sint
1828 2107 1926 2190 primi
1953 2109 2001 2172 ita
2021 2110 2130 2176 omnia

1158 2189 1243 2254 clam
1263 2191 1503 2272 perturbantes,
1524 2211 1563 2256 ac
1580 2212 1690 2256 coram
1707 2192 1859 2258 omnibus
1876 2205 2034 2278 rogentur
2051 2194 2129 2278 quid

1157 2274 1281 2340 lactum
1302 2276 1354 2355 sit,
1380 2285 1419 2340 nt
1439 2277 1674 2360 Irausannae⁸)
1696 2297 1763 2342 non
1784 2277 1977 2361 prodierint,
2006 2301 2130 2364 suaque

595 2377 647 2448 44,
1157 2360 1231 2424 tuiti
1252 2359 1414 2437 nausiet,
1437 2368 1496 2427 aut
1516 2361 1625 2446 palam
1646 2383 1713 2427 non
1734 2370 1843 2446 agant,
1866 2370 1900 2430 et
1921 2365 1948 2428 si
1970 2365 2048 2448 quid
2070 2366 2129 2432 ha·

1156 2444 1255 2511 beant
1275 2446 1310 2510 in
1332 2447 1476 2512 medium
1493 2448 1669 2529 proferant,
1693 2454 1730 2512 ut
1747 2469 1843 2514 nemo
1861 2449 1948 2516 dicat
1964 2449 2130 2518 inauditos

348 2515 596 2584 FAREIrIrUss
619 2517 891 2586 LIBERTE'PO.
1156 2530 1312 2598 multatos
1332 2553 1417 2598 esse:
1450 2553 1503 2598 res
1523 2534 1591 2612 fiet,
1613 2542 1650 2598 ut
1672 2531 1778 2600 decet:
1807 2555 1904 2600 nemo
1922 2557 1988 2601 non
2010 2557 2128 2620 appro-

1155 2616 1247 2682 babit
1267 2616 1432 2684 iudicium.
1484 2619 1535 2683 'Pu
1563 2639 1641 2704 ages
1670 2615 1756 2702 apud
1784 2622 2000 2702 praelautum,
2031 2643 2129 2706 quem

222 2684 443 2752 Mmssdmm
464 2693 550 2754 '1⁰2⁰‘
569 2690 668 2754 illm
694 2695 724 2754 0⁶
741 2689 881 2755 insidi&
895 2687 1017 2770 plebem
1037 2708 1105 2755 Μ·
1155 2702 1334 2786 plurimum
1366 2703 1448 2768 mihi
1480 2703 1612 2770 salutes.
1668 2705 1783 2770 Placet
1815 2707 1900 2789 quod
1933 2705 1974 2772 de
2000 2707 2128 2774 misello

134 2777 183 2836 Μ
204 2770 362 2837 Bm&
382 2777 411 2837 ⁶2
431 2775 680 2856 mmmm
701 2777 909 2854 mitandum,
932 2775 970 2841 ἅθ
990 2775 1105 2858 ΨΜ
1156 2787 1312 2870 Dionysio
1334 2788 1463 2866 scribis,
1492 2791 1564 2854 viro
1591 2809 1695 2874 paene
1722 2789 1898 2874 deplorato.
1942 2793 2051 2858 Rasus
2071 2793 2128 2862 ille

134 2875 215 2958 W
234 2855 285 2922 '⁸50
305 2864 480 2924 mlius
504 2861 592 2959 cotis
618 2861 758 2943 “limiti
780 2863 886 2927 ’illm
913 2863 1018 2962 θιζῑιῑξῦ
1039 2881 1104 2961 ,θθφ
1156 2871 1196 2938 de
1217 2893 1282 2957 quo
1304 2873 1475 2954 scribebas,
1498 2875 1638 2959 insignis
1659 2875 1805 2960 proditor
1826 2875 1879 2943 bic
1897 2877 1974 2962 agit.
2019 2875 2057 2946 Si
2075 2879 2127 2944 'ia-

134 2948 200 3008 ttla
221 2947 303 3008 Μ·
350 2942 458 3011 Caroli
477 2945 641 3011 ”wiltuim
664 2946 865 3013 lausannae·
900 2947 1048 3012 thtlss
1068 2967 1104 3012 ιιι
1156 2979 1218 3025 vor
1239 2977 1307 3023 uon
1324 2967 1454 3024 tantum
1471 2973 1588 3043 posset,
1611 2969 1838 3046 retegerentur
1854 2963 1960 3029 multa
1978 2971 2050 3028 tum
2067 2963 2128 3030 du-

133 3028 190 3094 ·ἳῖα
212 3029 337 3114 leym
357 3032 566 3096 malimali·
618 3032 744 3100 Μαι
761 3038 925 3118 aegrotat-⁴
1155 3045 1321 3128 eis⁴)tum
1333 3052 1545 3112 cornutorum
1562 3047 1704 3126 consiliu,
1727 3049 1899 3132 praecipue
1909 3049 2129 3133 Irausannen·⁸¹

421 3203 427 3214 Ι
815 3204 822 3218 .
1095 3205 1102 3220 ι
1155 3130 1209 3195 sia
1255 3129 1323 3196 Sed
1344 3139 1460 3197 curent
1482 3131 1541 3198 illa
1562 3133 1618 3216 qui
1646 3133 1775 3200 debent.
1818 3133 1886 3200 Nos
1908 3135 2036 3200 utinam
2056 3135 2127 3220 ple·

133 3200 224 3264 (⁸¹⁸
316 3200 376 3324 &⁰
399 3201 465 3256 brol.
487 3207 627 3272 putenm
644 3203 876 3258 Nmoomennun.
904 3203 980 3286 ,Ele
1004 3203 1103 3258 ΜΨ
1155 3216 1230 3282 bem
1240 3213 1383 3282 Domino
1399 3235 1553 3301 paremus
1570 3218 1758 3302 perfectam,
1780 3221 1932 3302 quamvis
1953 3221 2127 3288 connivere

131 3267 235 3408 {51⁸2ss
253 3309 294 3392 75·
307 3345 335 3392 et
352 3271 936 3412 ,pffffissmffztffglnhpfffioffi
954 3273 1102 3412 ffffiffssg
1155 3301 1196 3366 ed
1218 3309 1286 3366 tam
1307 3303 1419 3385 iniqua
1446 3323 1514 3368 non
1535 3325 1709 3388 possumus
1737 3324 1798 3371 neo
1819 3302 1982 3372 debemus.
2026 3306 2127 3372 E'axit

426 3409 538 3464 exhibet
555 3409 660 3464 Ructat
676 3409 722 3464 Π,
741 3407 815 3478 pua)
1154 3386 1310 3454 Ohristus
1331 3389 1425 3452 utin
1447 3389 1548 3454 tantis
1570 3410 1608 3456 ac
1629 3398 1699 3456 tam
1721 3389 1907 3458 difficilibus
1925 3397 1996 3457 tum
2018 3391 2125 3472 rebus,

1153 3481 1226 3538 tum
1242 3474 1442 3556 temporibus
1452 3475 1611 3540 omniaut
1622 3474 1757 3542 addecet
1773 3497 1978 3560 peragamus.
2010 3477 2126 3562 Longe

348 3577 416 3646 ⁸¹¹⁰
438 3579 674 3666 ⁰¹¹¹³⁵t⁰¹³h⁰r⁰
696 3581 842 3648 a...
856 3583 880 3660 ¹>
1153 3558 1958 3731 uerierunt’turtulaea
1974 3561 2126 3717 llas

217 3711 254 3781 S·
277 3715 428 3782 Gfflfissm
456 3725 489 3782 el
514 3736 628 3802 pacem
655 3737 675 3781 θ
701 3718 773 3785 D0⁰
800 3725 893 3801 patre
920 3738 1017 3802 quam
1043 3739 1101 3804 ⁰1)-
1152 3731 1248 3796 verit
1292 3730 1469 3797 Praeterea
1495 3733 1604 3798 nescio
1632 3753 1697 3816 qrra
1724 3733 1850 3798 rationo
1877 3733 2000 3800 iactum
2022 3734 2067 3798 sit
2088 3741 2126 3808 ut

132 3801 221 3880 timo,
245 3801 302 3884 qui
324 3803 452 3886 paterni
474 3804 509 3868 in
532 3825 592 3869 nos
613 3803 750 3870 affectus
767 3825 834 3869 non
854 3805 960 3868 solum
976 3805 1013 3868 in
1034 3803 1101 3870 filio
1154 3815 1354 3891 Molauuml)
1376 3817 1588 3884 Viviaeenscs
1615 3819 1785 3901 petierint,
1814 3819 2040 3901 Bernatesque
2066 3831 2125 3886 voi

129 3907 189 3970 pro
211 3887 306 3954 nobis
326 3887 446 3953 tradito
473 3889 557 3972 quod
582 3890 763 3954 maximnm
790 3897 840 3956 est
866 3890 998 3974 signnm
1025 3889 1101 3955 reli-
1151 3900 1276 3968 luerint
1296 3908 1335 3964 ut
1355 3900 1506 3968 Momm
1527 3903 1702 3970 Viviaoum
1724 3903 1923 3983 oonoedffl-flt,
1954 3905 2127 3976 Tm

130 3974 210 4058 quit,
232 3993 346 4040 verum
368 3975 468 4040 etiam
485 3975 520 4039 in
537 3975 728 4058 parentibus
745 3997 813 4041 non
831 3996 966 4058 prorsus
984 3975 1100 4060 depra·
1152 3987 1549 4070 353²)v010Aqui105m
1583 3989 1773 4057 Pmefeotus
1795 3989 1877 4056 mis
1898 3990 2000 4068 novit,
2022 4011 2127 4074 qum„

129 4059 233 4126 vatim
261 4067 300 4124 ut
326 4059 468 4126 vidimus
495 4060 531 4125 in
555 4059 717 4127 Senecione
764 4060 841 4127 robo
864 4059 970 4126 laeti
996 4073 1099 4145 patre,
1152 4086 1224 4138 mm
1241 4073 1342 4138 miser
1360 4071 1512 4140 Momm
1532 4074 1705 4158 Aquileiae
1726 4073 1914 4153 aedifiwjt,
1938 4075 1990 4140 vir
2011 4076 2068 4158 qui
2088 4095 2127 4148 ,ο

128 4146 185 4228 qni
212 4165 279 4210 non
307 4146 415 4229 potuit
442 4167 513 4211 sese
541 4147 707 4212 continere
736 4083 839 4212 donec
867 4148 977 4232 gravis
1003 4148 1100 4214 annis
1151 4179 1254 4224 unum
1276 4157 1458 4224 admiretur
1479 4167 1513 4224 ot
1533 4169 1706 4244 sequatur,
1730 4160 1810 4225 alios
1838 4181 1913 4225 non
1934 4159 2051 4232 audiat,
2065 4160 2124 4231 god

127 4252 196 4295 non
218 4231 336 4314 exiguo
358 4252 489 4296 emenso
510 4231 628 4297 itinere
654 4233 738 4298 vidit
760 4253 803 4298 an
831 4234 878 4298 ita
906 4233 1042 4299 haberet
1063 4241 1100 4299 ut
1151 4242 1265 4310 rideat,
1302 4244 1492 4310 Praefmtus
1512 4245 1568 4328 qui
1590 4245 1670 4310 satis
1691 4246 1784 4312 novit
1805 4245 1981 4324 hominem,
2003 4247 2127 4330 potoria

127 4315 222 4400 impii
244 4317 381 4399 cupiunt
402 4325 436 4381 et
455 4315 677 4384 disseminant
721 4317 882 4386 Habenda
909 4327 996 4384 esset
1016 4320 1099 4386 ratio
1151 4339 1301 4398 senatum
1322 4330 1375 4394 vol
1398 4330 1469 4412 pios
1487 4329 1612 4412 aliquot
1628 4331 1724 4398 huius
1742 4330 1927 4410 admonere,
1949 4353 1992 4396 nc
2013 4331 2048 4398 id
2063 4349 2125 4416 pas

126 4401 238 4484 alique
263 4409 333 4468 um
359 4402 535 4485 impiorum
563 4424 719 4469 rasorum·
772 4403 940 4470 Vocantur
970 4411 1009 4468 uc
1040 4425 1100 4470 sue
1150 4415 1287 4494 riantur,
1313 4415 1376 4480 nisi
1398 4415 1502 4481 velint
1522 4413 1699 4482 viviacum
1724 4415 1869 4498 pardem.
1917 4417 2125 4486 Temenum

125 4495 298 4556 tueamur:
324 4488 410 4554 muti
431 4491 536 4574 magis
557 4497 634 4556 suut
660 4511 758 4572 quam
778 4491 893 4576 pisces
937 4489 1100 4556 labentur
1151 4512 1186 4566 st
1212 4499 1280 4566 illie
1307 4508 1341 4566 et
1367 4501 1402 4566 in
1436 4501 1557 4568 vicinia
1582 4499 1754 4569 aedficme
1780 4502 1918 4586 poterit,
1955 4503 2012 4569 ubi
2038 4503 2123 4570 alter

125 4594 241 4639 omnes
262 4573 314 4658 pie
334 4571 459 4653 vivere,
486 4573 695 4658 evangelium
717 4575 823 4658 sequi,
850 4595 976 4642 cessare
996 4596 1099 4658 quum

124 4659 239 4724 verbis
266 4670 336 4724 turn
363 4659 459 4724 factis
487 4659 528 4726 ab
554 4661 730 4743 impietate.
785 4657 851 4726 Hic
885 4682 920 4725 se
948 4667 1098 4727 strenuos

122 4753 299 4829 praestant
319 4745 497 4828 impietatis
514 4745 642 4824 milites,
665 4745 721 4811 sed
743 4745 836 4812 clam.
881 4747 962 4812 Mox
984 4745 1098 4812 dissol·
1251 4737 1282 4804 2ι
1301 4737 1402 4793 Mel
1425 4737 1458 4792 ὼ
1481 4737 1593 4810 Blmr
1615 4739 1701 4795 “⁶⁶⁶⁸
1728 4737 1896 4794 Tovem
1956 4739 2121 4804 infm-

123 4837 227 4897 vctur
249 4829 310 4896 boc
332 4829 488 4912 quidquid
515 4839 566 4896 est
587 4831 720 4916 negotii.
765 4831 839 4897 Lex
860 4832 924 4897 ista
944 4841 1099 4898 vanescet
1149 4807 1919 4943 'mfflss'fffifffflmes'bmewl
1949 4805 2033 4860 ’Μ’

123 4938 215 4996 mox,
238 4937 314 4981 nam
335 4915 481 4982 insanire
502 4916 650 4983 videmus
671 4923 847 4984 sectatores
868 4917 979 5000 ipsius.
1014 4917 1097 4982 Ber·
1250 4943 1282 5012 4)
1302 4943 1466 5000 gabaam,

122 5023 189 5068 nae
206 5021 275 5066 nou
285 5001 380 5086 pauci
397 5001 505 5068 insani
516 5009 594 5068 sunt
611 5002 720 5068 effecti
737 5023 775 5068 ae
792 5003 976 5069 carceribus
992 5001 1098 5070 vincti
1250 5013 1282 5147 ἐξ
1302 5012 1531 5137 &agundam
1567 5087 1650 5136 ama
1674 5079 1798 5136 om
1850 5079 1992 5136 mm
2018 5077 2118 5135 ΘΜ

1329 5121 1336 5134 .
1537 5120 1545 5148 ,
1797 5119 1804 5135 .

163 5221 247 5282 rur
284 5219 353 5275 rae
373 5238 443 5292 quae
461 5223 654 5277 nemaeum
675 5223 714 5277 aa
733 5223 787 5294 rep.
808 5223 1019 5293 paemen..
1056 5219 1097 5288 cs.
1144 5165 1175 5300 Ρ]
1193 5148 1577 5285 ⁸³⁹‘ri‘ifl‘ltiftiiie
1596 5217 1712 5274 cauco
1737 5216 1771 5272 a
1792 5215 1921 5272 roem
1944 5213 2025 5272 eruo
2044 5217 2118 5287 mc

119 5292 207 5346 uim
255 5289 402 5360 icbboscr,
421 5289 513 5356 Forat,
532 5291 556 5344 I.
574 5289 632 5345 221.
1151 5292 1214 5355 ιιιιο,
1232 5287 1268 5354 cs·
1288 5285 1399 5342 Ructat
1422 5287 1450 5343 V.
1468 5284 1521 5341 208
1539 5288 1588 5353 (l).

1193 4655 1353 4665 ..η’-ι*-
