4804 6012
697 1626 772 1706 DE
795 1625 1034 1708 MUTATA
1056 1625 1172 1708 AUT
1188 1619 1470 1706 MUTANDA
1491 1619 1808 1702 RELIGIONE.

250 1929 430 1988 urrsrona
448 1929 632 1986 cerasum
650 1929 795 1986 norma
815 1931 973 1999 sennar,
992 1929 1053 1998 qur
1071 1930 1114 1985 sn
1132 1929 1157 1984 t
1174 1931 1232 1986 ra-
1283 1877 1979 2030 {Jffgnfflssfflffifflsfflifflffiffi
1987 1929 1994 1956 '
2012 1877 2132 2044 ἓξὲξ
2147 1897 2260 2028 ,m

363 2015 436 2071 TRE
454 2015 667 2072 RELIGIONIS
688 2017 831 2072 NOMINE
850 2016 1129 2084 SUBDUXERAT.¹)
1284 2047 1436 2114 subtilius
1457 2068 1523 2111 non
1540 2045 1752 2129 expendatur,
1775 2049 1854 2114 satis
1875 2057 2011 2128 constat,
2034 2050 2135 2114 aDeo
2154 2049 2258 2128 reiici,

341 2134 438 2217 Quod
460 2137 536 2202 facti
557 2138 624 2202 mei
646 2139 810 2202 rationem
833 2137 953 2219 scripto
981 2144 1015 2200 et
1036 2138 1154 2204 absens
1175 2159 1231 2220 po·
1284 2133 1441 2217 quidquid
1463 2133 1566 2215 ipsius
1590 2133 1751 2198 voluntati
1770 2155 1837 2199 non
1859 2134 2040 2216 respondet.
2093 2135 2259 2201 Testimo-

252 2224 318 2290 tias
341 2243 438 2306 quam
461 2243 615 2304 praesens
639 2222 795 2300 exhibeo,
823 2233 897 2306 peto
919 2244 939 2287 a
960 2229 1003 2301 te,
1032 2223 1232 2290 observande
1283 2220 1378 2284 nium
1400 2227 1508 2286 autom
1532 2217 1709 2284 voluntatis
1720 2219 1856 2284 Domini
1877 2241 1919 2285 ex
1938 2241 2005 2286 aaa
2027 2222 2201 2374 scriptura,
2224 2221 2259 2286 in

251 2316 354 2392 pater,
375 2315 412 2374 ut
429 2329 481 2372 me
501 2317 694 2374 excusatum
717 2307 846 2375 habeas.
879 2309 955 2374 Duo
972 2309 1007 2373 in
1025 2328 1123 2376 causa
1139 2317 1230 2374 sunt:
1283 2326 1348 2389 qua
1369 2304 1595 2388 consignatum
1617 2314 1740 2384 exstat,
1771 2305 1945 2388 petendum
1973 2315 2031 2372 est.
2114 2306 2180 2372 nde
2210 2307 2258 2386 fit,

250 2393 365 2472 ιιιιιιιιι,
388 2393 474 2474 quod
497 2395 620 2460 veritus
643 2394 718 2471 sim,
741 2404 779 2458 ut
800 2395 835 2458 in
858 2416 894 2460 re
917 2393 1027 2460 odiosa
1049 2404 1082 2458 et
1103 2395 1138 2460 ia
1159 2415 1231 2478 spe·
1284 2398 1322 2457 ut
1331 2389 1487 2473 quidquid
1505 2411 1574 2456 sese
1591 2390 1707 2454 offeret
1723 2391 1809 2473 quod
1821 2400 1985 2476 repugnet
2000 2395 2194 2476 scripturae,
2219 2392 2261 2460 ab

251 2481 335 2546 aiem
357 2478 473 2556 aliona,
505 2479 585 2546 satis
608 2479 740 2546 facilem
764 2479 805 2544 ad
826 2501 879 2547 mc
900 2479 1099 2546 audiendum
1121 2487 1154 2545 te
1172 2480 1232 2546 ha·
1284 2497 1321 2542 eo
1342 2475 1423 2542 mihi
1444 2473 1626 2542 cavendum
1647 2477 1699 2554 sit,
1722 2477 1787 2542 nisi
1808 2477 1913 2544 sciens
1934 2479 1970 2542 in
1991 2477 2100 2544 Deum
2122 2497 2263 2561 peccare

251 2565 379 2631 berem:
408 2563 564 2641 alterum,
594 2564 680 2646 quod
712 2585 842 2630 summa
870 2565 927 2629 illa
956 2566 1233 2648 reverentiaque
1284 2561 1394 2630 velim.
1437 2562 1511 2628 Hoc
1534 2571 1644 2628 autem
1665 2561 1735 2627 loco
1758 2563 1878 2628 habore
1907 2585 1960 2628 me
1985 2586 2068 2647 quae
2089 2563 2260 2630 communi

252 2659 287 2716 te
308 2670 500 2733 prosequor,
529 2650 613 2716 mihi
634 2650 721 2733 apud
744 2659 778 2716 te
799 2651 976 2733 quidquam
998 2653 1137 2718 istorum
1157 2673 1232 2736 pro·
1284 2669 1444 2715 consensu
1465 2655 1533 2714 tam
1556 2656 1670 2713 saneta
1691 2669 1761 2714 esse
1783 2647 1967 2728 credantur,
1995 2649 2176 2716 absurdum
2200 2649 2265 2716 tibi

252 2737 340 2802 ferre
362 2735 521 2802 hactenus
544 2758 612 2802 non
634 2737 831 2819 permiserit.
882 2737 980 2804 Nune
1008 2757 1087 2804 vero
1115 2739 1232 2804 ineun-
1283 2733 1389 2800 videri
1400 2741 1514 2817 potest.
1546 2735 1673 2798 Verum
1691 2733 1868 2802 hoounum
1886 2757 1905 2800 a
1926 2743 1968 2814 te,
1991 2737 2037 2801 mi
2058 2743 2163 2820 pater,
2182 2756 2263 2818 pos-

253 2820 332 2890 dam
352 2821 435 2886 mihi
458 2820 544 2886 hano
565 2823 728 2887 rationem
753 2843 824 2888 esse
846 2822 935 2901 duxi,
959 2844 1021 2905 qua
1038 2823 1092 2888 vel
1111 2831 1144 2890 te
1161 2823 1232 2907 pla·
1285 2820 1361 2897 tulo,
1384 2828 1422 2886 ut
1443 2841 1543 2901 quum
1575 2839 1615 2884 ee
1642 2819 1704 2886 sim
1733 2827 1840 2886 aetate
1867 2841 1951 2904 quae
1978 2820 2019 2886 ed
2045 2821 2177 2905 quidvis
2202 2821 2262 2887 ad-

253 2929 372 2986 carem,
396 2919 557 2989 quatenus
580 2908 793 2974 offensionem
816 2907 857 2974 da
873 2930 927 2974 mc
944 2921 1135 2993 conceptam
1153 2910 1232 2974 reti-
1283 2905 1481 2972 mittendum
1509 2905 1615 2988 magis
1642 2925 1746 2987 prone
1773 2905 1909 2974 iudieari
1938 2907 2033 2984 solet,
2068 2929 2111 2972 ne
2142 2913 2263 2974 tamea

253 3013 359 3070 neres,
382 2991 436 3058 vel
453 2993 570 3058 saltem
588 2991 745 3076 quidquid
763 2994 853 3060 istud
871 3003 922 3060 ast
939 2995 1129 3074 emollitam,
1153 2994 1232 3062 dum
1284 2992 1345 3058 hoo
1366 3012 1476 3060 meum
1498 2991 1601 3056 tantis
1622 2988 1662 3054 de
1683 2993 1780 3059 rebus
1799 2990 1953 3060 iudicium
1971 2994 2110 3060 iuvenili
2126 2993 2261 3060 levitati

254 3077 363 3146 ablata
379 3077 506 3144 meliori
525 3080 692 3146 occasione
710 3079 770 3146 tibi
788 3080 828 3144 ad
849 3079 983 3163 plenum
1002 3082 1231 3148 satisfacerem.
1285 3076 1463 3144 adscribes:
1494 3097 1596 3160 quum
1623 3077 1729 3159 potins
1756 3078 1872 3144 idoneo
1899 3089 1933 3144 ct
1953 3080 2042 3146 omni
2065 3080 2262 3162 exceptione

253 3163 357 3234 Dolet
384 3163 459 3242 tibi,
487 3163 575 3247 quod
603 3164 640 3228 in
669 3164 777 3232 cultus
803 3167 867 3232 Dei
894 3168 1022 3232 ratione
1048 3189 1144 3250 quem
1173 3189 1232 3250 pro
1283 3165 1405 3229 maiore
1427 3165 1575 3228 veritatis
1596 3163 1781 3228 testimonio
1799 3185 1931 3246 pressus
1950 3187 1987 3231 ao
2009 3167 2189 3247 pervictus,
2215 3166 2264 3230 ita

254 3270 336 3317 vera
355 3248 456 3314 habes
478 3257 511 3316 te
532 3271 599 3316 non
621 3271 748 3333 sequar.
783 3251 857 3318 Hco
878 3253 907 3318 si
936 3260 1124 3336 contemptu
1146 3255 1232 3320 face·
1284 3251 1404 3315 sentire
1427 3250 1597 3332 coeperim.
1647 3245 1744 3328 Quod
1770 3251 1858 3316 enim
1882 3272 1941 3334 per
1962 3250 2028 3316 Dei
2054 3252 2198 3335 gratiam
2228 3257 2263 3316 et

254 3355 336 3415 rora,
358 3342 396 3400 ut
418 3335 508 3400 leves
530 3335 628 3402 multi
649 3337 813 3416 homines,
842 3339 959 3421 quibus
987 3359 1105 3422 susque
1128 3339 1232 3422 deque
1283 3335 1420 3419 legenda
1442 3343 1476 3399 at
1498 3333 1658 3400 audiendo
1680 3337 1809 3418 assequi
1839 3336 1953 3402 datum
1982 3347 2046 3414 est,
2075 3337 2134 3402 illi
2152 3338 2260 3404 retra

254 3422 434 3488 actamnis
456 3421 581 3506 religio,
604 3421 722 3504 quiquo
745 3424 1233 3492 omniaffeetuineultusDei
1283 3423 1352 3506 gari
1373 3420 1505 3486 tandem
1528 3441 1596 3484 non
1617 3422 1720 3504 potui.
1753 3419 1981 3502 Quamobrem,
2004 3425 2050 3488 mi
2071 3429 2176 3506 pater,
2202 3422 2261 3488 ubi

254 3505 483 3576 observatione
505 3509 599 3574 vacui
622 3515 708 3586 sunt,
732 3509 825 3574 nulla
847 3511 944 3576 venia
965 3531 1031 3576 non
1054 3532 1159 3577 essem
1180 3513 1232 3576 in·
1284 3529 1326 3574 cx
1347 3508 1404 3572 illa
1425 3515 1513 3572 certa
1534 3507 1686 3584 scientia,
1714 3528 1798 3588 qaae
1820 3509 2051 3574 conscientiam
2072 3529 2182 3574 meam
2207 3529 2261 3574 re·

256 3593 477 3677 dignissimas.
529 3591 593 3658 Sin
619 3615 697 3660 vero
724 3595 789 3660 Dei
816 3595 931 3672 timor,
960 3605 993 3661 et
1017 3599 1232 3663 conscientiae
1283 3613 1360 3676 gero
1389 3593 1499 3670 debet,
1528 3592 1652 3675 aliquid
1674 3593 1797 3658 malum
1824 3615 1894 3660 esse
1922 3595 2004 3660 mihi
2032 3603 2176 3672 coastat,
2208 3593 2261 3660 illi

257 3679 482 3746 testimonium
506 3699 544 3743 co
567 3699 620 3744 me
638 3680 851 3762 impulerunt,
874 3683 921 3748 sic
938 3682 1021 3747 mihi
1044 3683 1233 3765 persuadeo,
1283 3681 1443 3746 interesse
1465 3679 1556 3744 nefas
1584 3677 1665 3744 mihi
1689 3679 1811 3757 iudico,
1841 3680 1903 3746 etsi
1931 3681 2015 3746 mihi
2039 3701 2108 3748 non
2136 3701 2261 3762 parum

256 3772 395 3847 utroque
416 3764 474 3830 illo
496 3765 628 3830 nomine
650 3786 802 3832 mcuma
828 3775 861 3830 te
887 3768 1010 3832 factum
1032 3769 1233 3834 tolerabilius
1284 3765 1387 3842 dolet,
1415 3763 1500 3847 quod
1526 3763 1566 3828 ab
1595 3764 1660 3832 illis
1683 3765 1780 3831 rebus
1803 3765 1966 3832 abstinere
1987 3769 2058 3834 sine
2079 3766 2128 3832 tui
2151 3769 2258 3831 offen-

257 3849 435 3916 iudicatum
458 3851 509 3914 iri.
554 3850 627 3917 Iam
649 3872 692 3916 ae
713 3860 747 3916 te
769 3853 883 3920 multis
906 3851 1094 3934 obtundam,
1116 3855 1232 3938 negari
1284 3852 1376 3918 sioao
1396 3871 1461 3916 non
1483 3870 1625 3932 possum.
1677 3849 1771 3916 Nihil
1799 3853 1886 3916 enim
1914 3852 1997 3918 mihi
2024 3863 2059 3918 et
2078 3852 2261 3934 optabilius

258 3933 319 4000 hoc
341 3955 408 4000 ncn
430 3942 545 4018 potest,
568 3937 648 4019 quin
670 3937 766 4001 multi
788 3945 821 4002 et
842 3940 941 4004 crassi
964 3940 1085 4006 abusus
1108 3949 1141 4005 et
1162 3961 1232 4006 cor·
1283 3945 1348 4014 est,
1378 3943 1412 4001 et
1439 3955 1512 4000 meo
1539 3945 1614 4002 voto
1641 3937 1928 4016 accommodatius,
1957 3959 2055 4021 quam
2083 3947 2122 4004 ιιι
2143 3958 2259 4004 meum

258 4020 407 4102 ruptelae
428 4023 463 4085 in
485 4022 620 4087 ecclesia
644 4021 753 4088 locum
770 4022 923 4103 habeant,
946 4026 1000 4107 qui
1013 4023 1076 4090 Dei
1099 4025 1233 4090 nomino
1283 4023 1341 4086 tibi
1363 4021 1552 4104 obsequium
1574 4029 1752 4104 praestem,
1783 4031 1881 4106 atque
1909 4025 2095 4107 approbem.
2139 4024 2258 4090 Unum

258 4113 432 4188 teguntur:
462 4113 495 4171 et
515 4108 601 4173 bona
622 4108 760 4173 intentio
782 4109 846 4174 ista
867 4110 976 4174 omnia
998 4111 1106 4176 eluere
1129 4109 1232 4177 credi·
1283 4128 1336 4172 ma
1357 4105 1507 4190 impedit,
1535 4109 1628 4172 cuius
1660 4127 1680 4172 a
1708 4117 1740 4172 te
1762 4107 2012 4190 imputationem
2035 4109 2178 4193 supplex
2200 4107 2257 4174 de-

258 4196 321 4256 tur.
366 4190 499 4256 Interea
519 4194 576 4275 qui
599 4194 645 4257 sic
667 4195 794 4273 vivunt,
817 4202 855 4259 ut
876 4197 946 4260 sine
968 4196 1033 4261 Dei
1055 4197 1232 4261 voluntatis
1283 4214 1406 4276 precor,
1425 4191 1510 4276 quod
1521 4192 1703 4258 reluctante
1722 4195 1919 4260 conscientia
1936 4194 1964 4259 si
1976 4195 2053 4278 quid
2072 4193 2260 4278 aggrediar,

258 4275 435 4340 autoritate
452 4277 524 4342 Doo
546 4300 617 4343 sese
639 4281 852 4362 approbatum
871 4283 911 4345 iri
932 4289 1088 4358 statuant,
1108 4282 1157 4348 illi
1180 4283 1232 4362 (ut
1283 4299 1336 4344 me
1357 4281 1464 4361 ipsam
1486 4282 1520 4342 in
1542 4299 1594 4341 mo
1622 4278 1763 4345 iudicem
1789 4283 1875 4345 serre
1902 4302 2007 4364 cogar.
2057 4281 2156 4346 Absit
2178 4301 2260 4345 vero

258 4361 358 4445 vulgo
383 4361 516 4436 dieitur)
548 4364 707 4429 rationem
734 4387 826 4431 suam
858 4367 929 4432 sinc
956 4367 1083 4449 hospite
1110 4367 1231 4433 subdu·
1285 4366 1471 4430 amoribus
1492 4363 1574 4428 meis
1597 4365 1704 4429 amnis
1726 4367 1939 4450 arrogantiae,
1963 4373 1997 4432 ot
2018 4365 2058 4432 de
2079 4388 2132 4430 me
2155 4387 2260 4449 supra

260 4457 348 4512 cunt.
393 4445 565 4530 Siquidem
586 4450 689 4512 fixum
711 4472 782 4516 esse
803 4453 885 4518 illud
908 4453 1013 4530 debet,
1035 4451 1145 4519 Deum
1166 4475 1232 4518 non
1284 4450 1386 4515 alium
1409 4469 1601 4534 quemquam
1625 4451 1876 4516 existimationis
1898 4453 1996 4518 lebes.
2030 4453 2177 4518 'fantum
2197 4453 2260 4517 hoo

260 4553 302 4598 ex
324 4539 436 4597 nostro
458 4531 515 4596 sed
536 4555 578 4598 ex
599 4536 701 4616 ipsius
719 4538 852 4602 arbitrio
870 4538 1045 4602 colendum
1063 4561 1142 4604 esse.
1176 4539 1233 4604 Me
1284 4537 1366 4616 volo,
1389 4535 1473 4619 quod
1495 4535 1551 4618 qui
1573 4559 1593 4602 a
1613 4537 1685 4601 Deo
1707 4537 1838 4603 edoctus
1860 4538 1937 4618 sim,
1965 4539 2042 4621 quid
2063 4547 2193 4606 rectum
2216 4539 2261 4603 sit

259 4639 338 4684 vcro
360 4617 532 4683 ferendum
553 4641 619 4683 non
641 4641 710 4684 esse
731 4623 849 4702 fatcor,
879 4625 906 4690 si
930 4624 981 4688 his
1011 4623 1170 4691 derebus
1192 4646 1233 4690 ex
1285 4622 1336 4686 vel
1365 4643 1474 4701 secus,
1506 4620 1588 4686 illud
1621 4623 1755 4705 insuper
1783 4623 1904 4689 habere
1931 4625 1996 4688 iam
2028 4644 2095 4688 non
2123 4623 2260 4706 possim.

259 4725 333 4769 meo
355 4725 454 4769 sensu
476 4705 695 4786 pronunciare
717 4707 870 4786 audeam,
901 4710 992 4793 quasi
1021 4711 1093 4776 aliis
1114 4711 1233 4777 iudicio
1285 4705 1460 4791 Quumque
1481 4709 1619 4793 singulis
1641 4707 1680 4773 de
1702 4729 1737 4773 se
1759 4709 1845 4791 apud
1867 4709 1959 4774 illum
1978 4710 2061 4774 ratio
2082 4707 2261 4792 aliquando

261 4789 337 4873 plus
360 4789 499 4854 valeam.
544 4789 611 4854 Sed
634 4811 701 4854 non
729 4792 782 4858 hie
811 4795 921 4876 agitur
951 4796 1024 4878 quis
1046 4796 1163 4861 melius
1182 4818 1234 4862 sa·
1285 4794 1450 4860 reddenda
1473 4795 1525 4872 sit,
1555 4805 1593 4858 ut
1612 4795 1684 4860 aliie
1705 4815 1765 4860 sua
1786 4795 1973 4880 ignorantia
1993 4797 2028 4859 in
2049 4793 2114 4859 Dei
2136 4795 2260 4859 iudicio

261 4875 332 4958 piat
353 4876 442 4940 inter
464 4875 625 4941 homines:
648 4875 705 4942 illa
727 4879 814 4942 enim
832 4881 947 4964 regula
968 4891 1001 4946 at
1021 4891 1101 4946 nota
1121 4890 1181 4963 est,
1202 4890 1236 4948 et
1286 4879 1391 4945 fraudi
1414 4881 1513 4946 etiam
1535 4880 1682 4958 nonsit,
1715 4899 1782 4944 non
1812 4881 1907 4946 video
1929 4889 2038 4948 tamea
2060 4879 2140 4964 quid
2162 4900 2183 4944 a
2205 4901 2260 4946 me

1287 4966 1418 5032 obtendi
1439 4967 1550 5050 possit,
1573 4966 1601 5030 si
1621 4987 1641 5032 a
1661 4965 1727 5030 Dei
1747 4967 1866 5031 notitia
1887 4974 2019 5032 atvero
2040 4967 2144 5050 ipsius
2166 4966 2262 5031 cultu

333 5093 362 5159 1]
382 5095 457 5149 Bere
479 5097 586 5151 eatae
602 5100 673 5151 ιιιιεν
692 5099 830 5166 operatas,
854 5117 869 5155 ι
891 5103 991 5171 palliet
1014 5120 1121 5158 „mam
1144 5104 1236 5160 dm
1287 5053 1370 5152 naihi
1387 5052 1556 5134 explorato
1578 5053 1678 5118 semel
1699 5049 1879 5118 deflectam.
1923 5051 2012 5134 Quid
2030 5071 2126 5136 porro
2148 5052 2185 5116 ia
2207 5051 2261 5134 ip-

266 5160 334 5218 oen.
351 5179 378 5230 ρ,
397 5161 457 5231 143,
475 5165 561 5220 Lam,
576 5165 676 5238 pall,
693 5167 770 5224 aaa
780 5185 808 5238 p.
826 5168 886 5241 354,
909 5170 1010 5227 om„
1024 5189 1054 5243 p.
1072 5171 1131 5241 194,
1149 5175 1235 5228 Am
1259 5169 1265 5291 Ι
1288 5159 1333 5238 ιιι
1351 5159 1462 5205 rerum
1479 5137 1623 5238 obtineat
1640 5141 1851 5222 argumentis,
1869 5159 1975 5222 neque
1993 5160 2051 5240 prq
2069 5159 2141 5203 meo
2159 5149 2262 5238 captu

261 5246 292 5300 p.
309 5229 353 5284 88.
1288 5225 1343 5291 luc
1364 5224 1450 5308 apud
1472 5233 1505 5292 to
1526 5232 1662 5309 attrngo,
1687 5245 1792 5308 neque
1812 5225 1911 5290 etiarn
1933 5246 1971 5291 ec
1991 5225 2051 5291 trbr
2072 5223 2262 5290 molestam
