4782 6010
919 329 1286 398 PROLEGOMENA.
1968 331 2145 400 XXXVII

154 517 283 583 nomine
304 515 539 601 locupletiores,
561 517 648 583 inter
669 539 751 601 quos
771 537 851 602 prae
873 519 1010 585 cacteris
1032 519 1180 586 eminent
1201 517 1336 586 Simleri
1359 519 1450 584 'Pom
1461 515 1525 584 III.
1551 518 1660 604 (hodie
1670 519 1710 584 F.
1731 516 1796 604 38),
1820 517 1860 583 V.
1884 519 1955 604 (40)
1976 519 2038 585 XI.
2061 517 2142 585 XII.

154 625 284 715 (4117)
306 627 440 694 ΧΧΠΙ.
464 627 535 716 (⁵8)
557 625 707 695 XXVII.
730 627 802 714 (62)
818 629 926 696 XLV.
945 629 1072 696 XLVI.
1092 631 1159 713 (80,
1172 629 1237 714 81).
1272 627 1389 696 Obiter
1411 635 1540 695 tantum
1563 649 1855 697 commemoramus
1877 629 1966 696 aliud
1988 629 2145 696 volumen

152 738 189 804 B.
213 743 274 802 217
298 737 383 823 quod
404 739 591 824 apographa
612 739 805 807 schedarum
827 739 1099 807 Neocomensium
1121 741 1272 808 continet

302 851 411 918 Multo
431 851 564 918 maioris
586 851 745 917 momenti
767 859 800 916 et
820 853 1013 936 operosioris
1030 851 1130 918 studii
1152 861 1246 918 erant
1267 852 1324 936 qui
1352 873 1440 918 nunc
1466 852 1503 916 in
1526 852 1680 918 Archivis
1708 851 1906 936 reipublicae
1929 860 2144 919 asservantur

152 961 275 1029 codices
298 961 565 1028 documentorum
585 981 686 1028 manu
708 963 904 1046 scriptorum
925 963 1046 1030 saeculi
1068 965 1186 1030 docimi
1214 963 1315 1043 sexti,
1339 985 1380 1029 ex
1402 963 1521 1048 quibus
1542 963 1566 1027 ii
1586 964 1731 1029 maxime
1753 963 1912 1058 curiosius
1934 961 2145 1030 examinandi

152 1079 243 1139 arant
265 1075 320 1157 qui
332 1071 466 1140 Simleri
488 1079 593 1140 aetate
614 1074 651 1138 in
671 1073 828 1158 peculiari
845 1073 999 1141 ecclesiae
1021 1074 1288 1160 chartophylacio
1305 1073 1464 1140 reconditi
1482 1082 1586 1154 erant,
1609 1075 1705 1140 hodie
1723 1075 1818 1142 novis
1836 1077 1981 1141 numeris
1998 1073 2145 1142 distincti

150 1186 183 1250 in
203 1183 335 1269 publico
357 1185 517 1252 tabulario
539 1185 611 1251 aliis
632 1185 716 1250 varii
745 1185 875 1270 generis
905 1193 938 1251 ct
966 1190 1149 1272 argumenti
1179 1186 1282 1252 iuncti
1311 1193 1466 1270 prostant
1513 1185 1617 1252 Gaius
1646 1193 1755 1253 custos
1782 1187 1958 1270 primarius
1989 1187 2033 1251 H.
2055 1186 2143 1251 Hctu

150 1295 329 1362 liberaliter
349 1298 441 1363 nobis
463 1295 590 1362 aditum
611 1296 652 1363 ad
681 1295 811 1363 divitias
833 1317 912 1363 suae
933 1316 1030 1362 curae
1053 1295 1193 1363 creditae
1214 1297 1382 1378 concessit,
1404 1303 1438 1363 et
1460 1298 1513 1364 vir
1534 1298 1676 1381 optimus
1695 1297 1739 1362 Η.
1762 1296 1970 1378 Ilriederich,
1999 1297 2145 1362 instituti

147 1409 350 1488 secretarius,
377 1409 413 1472 in
435 1407 527 1474 cuius
554 1405 662 1473 diaeta
683 1409 850 1492 integrum
871 1408 940 1474 fere
961 1427 1109 1474 mensem
1131 1406 1359 1491 Septembrem
1381 1429 1409 1472 a.
1436 1409 1517 1474 1868
1539 1411 1777 1494 transegimus,
1806 1407 1970 1488 doctrina,
1997 1407 2142 1488 consilio,
2182 1435 2185 1440 ·

148 1519 332 1586 commercii
353 1517 526 1598 suavitate,
548 1519 668 1585 laboris
691 1518 836 1584 taedium
858 1525 1017 1603 quantum
1038 1521 1073 1584 in
1094 1519 1165 1602 ipso
1187 1527 1258 1585 erat
1275 1519 1369 1586 nobis
1389 1519 1565 1586 minuebat.
1598 1520 1696 1586 Ultra
1716 1527 1847 1586 centum
1867 1519 2037 1586 volumina
2054 1519 2145 1586 evol-

149 1631 302 1697 ventibus
324 1629 459 1696 dimidia
480 1631 547 1696 lere
568 1651 644 1714 pars
672 1629 847 1715 optabilem
869 1630 1065 1714 plenamque
1087 1631 1275 1697 chartarum
1295 1651 1437 1697 messem
1465 1631 1686 1714 suppeditavit
1714 1632 1835 1698 nostris
1856 1632 1957 1716 copiis
1979 1630 2144 1697 addenda-

147 1763 234 1821 rum,
263 1741 300 1806 in
328 1741 446 1825 quibus
472 1763 552 1826 prae
580 1743 718 1808 caeteris
749 1763 847 1825 saepe
875 1743 1044 1808 nominate
1070 1744 1213 1826 reperies
1239 1763 1278 1808 ea
1305 1762 1390 1826 quae
1417 1741 1504 1825 apud
1531 1739 1710 1808 Simlerum
1737 1743 1777 1808 B.
1808 1751 1885 1808 tom.
1915 1743 2021 1808 I—·X
2043 1741 2142 1808 XIX

146 1851 516 1920 XXIV—XXXVIII.
539 1851 814 1919 XLI—XLVII.
847 1852 884 1920 O.
907 1851 1030 1920 I—IV.
1052 1853 1168 1919 XXII.
1201 1851 1244 1918 D.
1267 1853 1312 1919 II.
1336 1852 1498 1932 dicuntur,
1521 1873 1609 1918 nunc
1630 1853 1810 1920 secuudum
1830 1854 1958 1939 pluteos
1980 1853 2142 1938 (decue)

143 1964 319 2049 inquibus
341 1965 521 2031 secundum
543 1983 666 2030 novum
695 1964 844 2029 ordinem
871 1964 1029 2048 disposita
1050 1977 1142 2032 sunt:
1172 1965 1232 2032 VI.
1257 1965 1319 2030 vol.
1348 1968 1523 2043 101-117,
1556 1968 1731 2044 129-132,
1763 1969 1940 2045 153-171,
1973 1968 2042 2044 176,
2075 1967 2144 2029 177.

146 2075 240 2141 VIII.
266 2075 329 2142 vol.
354 2081 404 2156 40,
426 2080 564 2140 43-45.
608 2075 770 2142 Nonnulli
792 2084 871 2141 sunt
891 2075 978 2142 inter
1000 2075 1060 2142 hos
1082 2075 1223 2155 codices,
1249 2076 1337 2160 iique
1366 2075 1560 2159 plerumque
1582 2077 1716 2142 maioris
1737 2076 1841 2156 molis,
1865 2097 1947 2160 quos
1969 2077 2037 2141 t'ere
2059 2083 2144 2141 totos

146 2185 328 2253 describere
350 2187 561 2272 oportuisset,
589 2188 636 2253 ita
657 2195 696 2252 ut
716 2195 802 2252 esset
823 2185 909 2270 quod
930 2187 1025 2252 nobis
1054 2187 1094 2253 de
1120 2189 1279 2252 anteactis
1306 2185 1484 2266 laboribus,
1511 2207 1628 2270 nempe
1655 2187 1695 2252 de
1724 2187 1921 2272 apographis
1949 2187 2077 2270 pridem
2102 2209 2145 2254 ex

146 2297 356 2364 Simlerianis
376 2297 482 2378 factis,
504 2319 572 2364 non
594 2319 712 2382 parum
732 2297 982 2383 gratularemur.
1027 2297 1210 2364 Rarissime
1232 2297 1349 2364 accidit
1376 2307 1413 2363 ut
1439 2319 1522 2383 quae
1544 2296 1687 2364 Simlero
1715 2307 1830 2365 autore
1851 2301 1887 2364 in
1909 2321 1976 2365 uno
1999 2298 2144 2364 alterove

147 2409 314 2476 volumine
335 2411 572 2494 quaerebamus
593 2431 668 2477 cum
690 2409 813 2475 nostris
835 2409 1031 2494 apographis
1052 2409 1258 2489 conterenda,
1279 2410 1316 2474 in
1337 2410 1492 2476 Archivis
1514 2429 1581 2475 non
1602 2411 1835 2476 inveniremus.

1089 2703 1112 2785 c.
1135 2699 1199 2766 111.

948 2835 1096 2890 comeus
1114 2835 1333 2890 BERNENSES.

300 2965 367 3031 Hic
388 2983 515 3048 quoque
537 2963 602 3030 dno
624 2961 754 3032 diversa
775 2963 937 3031 tabularia
953 2967 989 3031 in
1006 2987 1141 3033 censum
1159 2967 1306 3046 veniunt,
1329 2964 1535 3031 Bibliotheca
1552 2964 1656 3030 civica
1672 2965 1765 3030 cuius
1782 2963 1908 3030 codices
1925 2961 2017 3028 nobis
2035 2959 2141 3026 denuo

147 3077 358 3142 excutiendos
384 3075 601 3142 commodavit
629 3075 666 3142 (l.
696 3077 737 3142 L.
767 3077 795 3142 J.
825 3076 865 3142 de
894 3076 1040 3162 Steiger,
1069 3087 1103 3143 et
1129 3078 1275 3144 Archiva
1304 3075 1502 3160 reipublicae
1529 3075 1646 3160 quibus
1674 3073 1859 3159 praelectus
1888 3081 1939 3140 cst
1963 3074 2070 3139 Maur.
2100 3072 2141 3139 de

147 3185 286 3254 Starler.
320 3186 388 3269 Qui
409 3187 576 3254 duumviri
598 3187 769 3254 clarissimi
779 3189 869 3253 omni
880 3208 944 3272 qua
964 3197 1144 3274 potnerunt
1164 3189 1395 3255 benevolentia
1416 3199 1450 3253 et
1470 3187 1658 3254 urbanitate
1680 3186 1789 3252 studia
1810 3185 2008 3253 adiuverunt
2028 3191 2142 3250 nostra

146 3301 299 3383 operique
320 3306 568 3384 prospexerunt,
590 3309 787 3382 quapropter
807 3300 907 3366 etiam
928 3321 1041 3366 eorum
1062 3321 1121 3368 nec
1143 3322 1211 3366 non
1232 3299 1454 3366 honestissimi
1464 3299 1581 3366 Lennii
1598 3299 1763 3364 secretarii
1781 3297 1965 3364 comitatem
1984 3304 2018 3362 et
2034 3297 2141 3362 officia

146 3409 212 3476 alta
232 3417 347 3476 mente
366 3410 510 3493 reposita
528 3409 659 3493 'publice
681 3411 795 3477 testari
815 3411 909 3476 nobis
931 3420 965 3476 ct
984 3433 1114 3478 sacrum
1136 3421 1170 3477 01
1189 3411 1369 3477 iucundum
1392 3419 1450 3476 est.

299 3522 341 3587 In
362 3521 569 3588 recensendis
590 3519 755 3588 codicibus
776 3519 1180 3589 bibliothecaeBernensis
1202 3523 1368 3588 breviores
1389 3541 1460 3588 esse
1484 3541 1665 3604 possumus,
1688 3541 1789 3604 quum
1808 3520 1875 3584 iam
1898 3519 2027 3585 saeculo
2044 3537 2140 3601 supe-

145 3632 406 3700 rioreSinncrns
424 3632 661 3716 amplissimum
684 3635 1028 3718 accuratissimamque
1050 3655 1163 3700 eorum
1185 3633 1371 3718 catalogum
1393 3632 1544 3710 ediderit,
1573 3653 1674 3716 supra
1702 3633 1767 3696 iam
1796 3627 1974 3696 laudatum.
2019 3629 2141 3695 Paucis

145 3745 248 3829 igitur
272 3765 327 3811 ecs
348 3729 564 3810 indicabimus
586 3745 766 3827 exquibus
788 3753 916 3811 nostras
938 3746 1047 3829 copias
1069 3765 1189 3831 augere
1211 3745 1390 3811 debuimus.

301 3857 328 3923 L
361 3857 510 3922 Primum
533 3856 619 3922 inter
639 3877 752 3922 omnes
774 3859 901 3922 curiose
921 3857 1120 3942 perlegimus
1140 3857 1235 3921 illum
1256 3855 1312 3939 qui
1333 3876 1470 3922 numero
1492 3859 1555 3920 450
1577 3855 1725 3938 signatus
1747 3860 1798 3919 est
1818 3861 1852 3918 et
1873 3872 1968 3936 quem
1979 3851 2141 3920 Sinneros

144 3969 180 4034 Τ.
192 3969 260 4036 ΠΙ.
279 3991 309 4052 p.
323 3972 386 4033 220
403 3969 507 4034 fusius
528 3966 690 4034 describit.
722 3967 891 4033 Foliorum
913 3975 963 4033 cst
984 3969 1112 4034 circiter
1134 3975 1354 4034 trecentorum
1375 3967 1486 4034 variae
1506 3966 1630 4030 formae
1651 3965 1841 4050 plerumque
1861 3971 1971 4030 tamen
1993 3964 2139 4044 minoris,

144 4083 356 4164 continetque
376 4079 576 4163 farraginem
597 4077 742 4144 indicum
763 4089 917 4145 notarum
938 4088 972 4145 et
992 4079 1202 4164 epistolarum
1223 4077 1431 4146 collectarum
1454 4099 1474 4144 0
1494 4077 1673 4144 Francisco
1695 4085 1729 4142 et
1747 4075 1848 4140 Petro
1865 4075 2001 4155 Daniel,
2033 4075 2139 4140 Dran-

142 4193 219 4260 oisci
241 4191 333 4257 illius
355 4191 432 4256 filiis
454 4191 509 4275 qui
531 4189 694 4275 quondam
715 4191 870 4257 Aureliae
893 4189 1031 4258 Calvino
1053 4199 1166 4256 nostro
1189 4189 1350 4256 amicitiae
1379 4188 1511 4256 vinculo
1541 4188 1718 4253 obstrictus
1738 4187 1809 4252 luit.
1853 4185 1946 4252 Inest
1967 4187 2054 4251 inter
2075 4185 2141 4250 0110

141 4305 195 4370 101.
223 4307 392 4368 111-151
424 4303 596 4368 fasciculus
627 4301 800 4384 peculiaris
824 4301 1034 4384 epistolarum
1056 4321 1194 4367 numero
1222 4303 1403 4385 nonagInto
1424 4309 1548 4383 septem
1570 4319 1650 4382 quas
1671 4297 1802 4381 propria
1824 4318 1925 4362 manu
1947 4318 1988 4362 ex
2011 4297 2140 4364 schedis

141 4417 247 4499 patris
276 4421 334 4480 aut
356 4413 498 4480 familiae
526 4412 725 4480 chartulario
753 4411 925 4495 descripsit
947 4415 1067 4480 Petrus
1093 4413 1149 4478 ille
1177 4413 1233 4495 qui
1259 4411 1360 4478 etiam
1386 4410 1473 4477 edito
1501 4409 1611 4476 Servii
1636 4409 1674 4474 in
1700 4407 1878 4494 Virgilium
1906 4409 2139 4474 commentario

141 4525 231 4592 inter
254 4525 400 4592 eruditos
420 4525 545 4591 clarum
566 4544 686 4590 nomen
709 4521 848 4608 adeptus
869 4534 927 4590 cst
972 4525 1147 4590 Habentur
1168 4524 1221 4589 hio
1243 4522 1419 4589 nonnullae
1446 4523 1532 4587 inter
1557 4519 1757 4588 calvinianae
1785 4521 1931 4586 omnium
1952 4519 2139 4604 antiquissi-

141 4659 226 4719 mae,
249 4657 453 4721 0001001000
475 4635 664 4702 authentica
686 4635 886 4718 exemplaria
906 4657 973 4703 non
995 4643 1142 4716 exstant,
1171 4635 1212 4700 ad
1234 4634 1409 4700 Danielem
1436 4639 1562 4717 patrem
1589 4639 1623 4697 et
1650 4629 1693 4696 ad
1713 4629 1886 4697 Nicolaum
1906 4631 1963 4696 Du
1986 4630 2138 4710 Ohemin,

141 4751 223 4816 item
246 4749 397 4815 Danielis
418 4747 459 4812 ad
480 4755 664 4830 utrumque.
707 4745 796 4812 Sunt
815 4747 892 4813 illae
913 4748 950 4812 in
972 4748 1055 4814 serie
1082 4757 1285 4814 caeterarum
1308 4751 1422 4824 7-14,
1456 4747 1502 4824 17,
1533 4745 1669 4824 60-63,
1694 4745 1829 4823 65-69,
1852 4743 1888 4808 in
1908 4761 2038 4808 summa
2059 4739 2138 4807 duo·

142 4861 314 4947 devigint'u
364 4857 501 4927 Accedit
525 4859 566 4924 N.
595 4862 635 4924 83
663 4857 801 4942 epistola
828 4858 946 4924 ultima
975 4857 1104 4925 Calvini
1132 4858 1174 4924 ad
1200 4857 1370 4924 Farellum
1399 4856 1528 4940 saepius
1556 4877 1576 4920 a
1602 4853 1749 4939 pluribus
1776 4854 1938 4938 descripta
1965 4863 1999 4918 et
2025 4854 2092 4918 iam
2119 4873 2139 4916 a

370 4978 414 5037 10.

140 4975 233 5040 Bm
253 4972 371 5148 mIllgn
390 5081 502 5150 (lodex
528 5085 583 5145 141
608 5081 731 5147 formae
751 5079 924 5146 maximae.
969 5079 1125 5148 Oollcotio
1155 5079 1383 5164 epistolarum,
1410 5100 1532 5164 magna
1559 5100 1600 5144 ex
1628 5085 1721 5162 parto
1750 5074 2026 5162 autographamm
2055 5095 2138 5159 quae

142 5196 223 5261 olim
242 5193 308 5260 Iac.
327 5192 502 5278 Bongersii
524 5191 595 5274 1011,
618 5201 652 5259 01
673 5213 813 5278 quarum
834 5192 952 5260 seriem
974 5189 1137 5259 Sinncrus
1158 5191 1195 5257 Τ.
1207 5189 1271 5256 ΠΙ.
1290 5212 1320 5274 p.
1334 5195 1376 5255 80
1398 5191 1551 5256 omnibus
1572 5190 1717 5256 numeris
1739 5187 1919 5255 absolutam
1941 5185 2137 5271 suppeditat
