4782 6010
250 354 373 422 XXIV
1074 359 1076 364 “
1110 349 1383 418 nrtsuontn.

402 541 519 625 Neque
542 539 691 622 Corporis
712 539 964 623 11111ηαί11111
989 561 1067 626 pars
1093 541 1203 624 prima
1228 538 1291 604 hoc
1315 538 1386 605 loco
1406 537 1648 622 praetereunda
1669 543 1734 616 est,
1760 534 2007 602 Meicaeitltonis
2028 555 2123 617 opera
2141 535 2242 602 conti·

247 673 346 733 nens,
377 673 480 736 quum
507 653 594 718 inter
622 651 711 718 hunc
740 661 773 717 et
794 653 954 718 Nostrum
982 653 1062 718 satis
1088 651 1275 735 trequentes
1303 649 1419 716 literae
1448 649 1535 714 ultro
1563 650 1707 732 citroque
1733 648 1852 714 missae
1873 647 2005 712 fuerint
2048 647 2114 712 Hic
2136 654 2242 712 temen

248 764 408 830 nonnulla
429 780 508 829 sunt
529 763 570 829 de
591 763 710 846 quibus
738 770 772 829 te
798 764 962 829 monitum
983 763 1132 830 velimus.
1177 763 1224 828 Et
1244 763 1387 845 primum
1410 760 1539 844 quidem
1562 761 1646 826 ecies
1666 768 1803 845 oportet,
1826 759 1905 826 cler.
1927 755 2243 836 Bretschneiderum,

248 877 398 960 quamvis
420 895 548 942 summa
570 896 648 941 cura
669 895 776 954 usum,
794 895 861 940 non
881 873 916 939 id
938 876 1085 959 attigisse
1106 882 1145 940 ut
1165 874 1277 940 omnia
1294 894 1377 956 quae
1395 871 1555 956 hodieque
1573 879 1749 956 supersunt
1759 870 2073 937 Melanchthoniana
2094 869 2130 934 in
2151 891 2245 934 suum

249 986 443 1054 thesaurum
466 993 672 1070 congereret:
694 985 781 1070 quod
803 1007 841 1052 eo
862 989 971 1052 minus
994 989 1023 1052 ei
1045 986 1125 1053 vitio
1147 995 1315 1052 vertemus
1338 1005 1403 1068 quo
1423 984 1529 1069 magis
1550 983 1718 1067 probabile
1739 991 1790 1048 cst
1812 981 1852 1048 de
1873 983 1994 1048 nostris
2015 1001 2143 1065 quoque
2164 981 2246 1063 ipso·

249 1118 325 1162 rum
337 1095 453 1164 studiis
473 1097 509 1162 in
528 1097 724 1164 Calviniana
743 1097 870 1164 collatis
887 1085 1064 1164 olimidem
1086 1097 1211 1165 dictum
1232 1099 1282 1163 iri.
1316 1097 1510 1180 Ubicunque
1527 1097 1630 1181 igitur
1641 1095 1793 1182 lacunam
1805 1095 1949 1177 aliquem
1960 1092 2114 1176 explendi
2126 1092 2246 1158 occasio

249 1209 478 1290 moderabat,
507 1209 668 1292 siquidem
691 1209 821 1276 Oalvini
849 1231 902 1276 res
924 1210 1097 1295 agebatur,
1125 1209 1380 1293 haudquaquam
1408 1214 1479 1275 erat
1498 1206 1705 1292 negligenda
1748 1207 1876 1272 Verum
1897 1207 1932 1272 in
1954 1206 2017 1272 hac
2038 1205 2138 1271 officii
2159 1211 2248 1288 perte

249 1321 425 1386 subsistere
447 1321 622 1386 noluimus.
666 1321 759 1387 Haec
781 1321 884 1386 altera
905 1321 1060 1404 Oorporis
1081 1318 1347 1387 Reformatorum
1369 1341 1447 1404 pars
1464 1341 1530 1385 non
1553 1329 1621 1384 tam
1643 1327 1732 1386 arcto
1754 1317 1885 1386 vinculo
1907 1339 1983 1384 cum
2004 1317 2113 1402 priore
2135 1315 2247 1382 cohae-

249 1451 323 1496 rere
345 1431 532 1511 videbatur,
561 1441 599 1498 ut
627 1432 657 1497 si
684 1432 762 1515 quid
785 1431 1018 1498 Gabinianum
1045 1432 1091 1499 ibi
1117 1434 1184 1498 iam
1213 1433 1339 1498 editum
1364 1433 1464 1498 fuerit
1490 1431 1564 1497 ideo
1590 1440 1749 1497 anostra
1778 1429 1891 1496 abesse
1920 1429 2068 1508 deberet,
2096 1437 2132 1494 et
2157 1427 2248 1493 facile

249 1543 435 1622 excusabis,
463 1544 542 1610 huic
563 1545 694 1636 iterum
709 1544 850 1610 insertas
877 1566 948 1610 esse
970 1546 1099 1610 circiter
1116 1544 1199 1610 duas
1221 1542 1357 1610 decades
1379 1543 1603 1627 epistolarum,
1630 1543 1844 1627 paucissimas
1866 1541 2010 1626 pagellas
2030 1539 2247 1623 implentium,

249 1674 331 1737 quas
352 1653 412 1719 illa
432 1655 499 1720 iam
521 1655 723 1721 exhibuerat
767 1656 960 1722 Memineris
987 1658 1076 1722 enim
1103 1657 1224 1722 multos
1250 1658 1388 1739 passim,
1415 1656 1558 1720 maxime
1580 1661 1674 1720 extra
1695 1653 1927 1732 Germaniam,
1956 1653 2017 1719 sibi
2038 1652 2101 1718 hoc
2124 1650 2248 1732 Ocrpus

249 1764 484 1831 Gabinianum
513 1787 717 1850 comparasse
744 1768 801 1851 qui
823 1767 1177 1835 Melanchthonianum
1203 1788 1271 1833 non
1300 1768 1456 1834 curarint.
1502 1765 1631 1848 Quibus
1659 1775 1697 1831 ut
1723 1767 1889 1850 integrum
1917 1761 2248 1840 subministraremus,

251 1887 412 1962 quantum
433 1879 469 1943 in
491 1878 586 1943 nobis
604 1887 698 1958 esset,
720 1889 872 1945 nostrum
894 1901 966 1946 esse
988 1879 1144 1946 duximus
1165 1887 1199 1945 et
1220 1886 1253 1944 te
1275 1879 1508 1945 assentientem
1529 1877 1700 1944 habituros
1721 1899 1901 1962 speramus.

408 1989 547 2056 Simonis
566 1989 707 2074 Gryncei
727 1991 899 2056 clarissimi
928 1993 1083 2074 quondam
1106 1991 1283 2057 academice
1304 1990 1503 2056 Basiliensie
1531 1990 1662 2073 theologi
1683 2010 1720 2056 ce
1741 1989 1893 2073 pdiiotopi
1914 1987 2084 2069 Epictclcc.
2126 1984 2250 2051 Accedit

249 2101 343 2168 iodea
365 2107 509 2168 11161611
530 2102 667 2168 eiusdem
687 2101 829 2186 Graecei
848 2123 941 2185 opera
962 2107 992 2169 et
1012 2104 1115 2170 audie
1136 2104 1298 2169 adderam.
1345 2100 1473 2186 Collegit
1496 2105 1525 2168 et
1545 2102 1644 2167 edidit
1657 2099 1745 2166 Gaii.
1761 2099 1876 2166 Theoti.
1890 2099 2036 2165 Strecdcr
2046 2096 2250 2164 Basilicas-ie.

248 2211 843 2306 Βαεὸῑία1111111111119.1111111111.
875 2213 1187 2281 MDOCOXLVII.
1221 2213 1319 2279 vm.
1340 2218 1425 2280 etta
1438 2219 1532 2297 ppt.
1565 2213 1687 2279 Insunt
1700 2211 1918 2297 quadraginta
1936 2222 1970 2276 et
1987 2209 2071 2275 duae
2086 2207 2250 2292 epistolae,

249 2325 428 2409 intorques
442 2323 562 2408 viginti
579 2325 665 2408 ipius
682 2323 841 2409 Grynaei,
860 2332 1007 2392 caeterae
1023 2326 1165 2404 Erasmi,
1178 2325 1285 2399 Vivis.
1308 2323 1445 2409 Sinapii,
1469 2324 1619 2404 Sturmii,
1640 2323 1917 2404 Melanchthonis,
1941 2321 2133 2400 Camerarii,
2152 2319 2251 2387 Oeco-

249 2435 417 2520 lampadii,
438 2436 585 2520 Myconii
608 2445 667 2502 etc.
712 2437 767 2502 Ad
784 2443 900 2502 nostra
922 2439 1090 2520 pertinent
1111 2459 1170 2504 sex
1193 2437 1340 2517 ultimae,
1363 2438 1488 2504 scilicet
1508 2439 1653 2522 quinque
1676 2436 1826 2522 Grynaei
1856 2436 1898 2502 ad
1920 2434 2100 2500 Oalvinum
2127 2441 2162 2499 et
2188 2451 2252 2496 una

252 2545 383 2613 Oalvini
405 2545 446 2612 ed
465 2546 667 2632 Grynaeum,
689 2569 773 2632 quae
795 2559 906 2614 tamen
928 2570 1042 2616 omnes
1063 2549 1131 2614 iam
1152 2550 1188 2614 in
1210 2549 1399 2616 collectione
1410 2549 1544 2614 Beaana
1564 2549 1722 2634 leguntur
1742 2547 1830 2614 unde
1852 2547 2008 2631 repetitae
2030 2553 2110 2612 sunt
2131 2566 2152 2611 a
2173 2562 2252 2609 novo

251 2657 378 2724 editore
399 2679 503 2741 quum
525 2658 602 2725 alibi
623 2681 691 2725 non
713 2667 852 2726 exstent
898 2659 966 2743 Qui
986 2661 1015 2726 si
1043 2659 1256 2728 bibliothecas
1277 2659 1452 2727 Helvetiae
1477 2661 1680 2744 explorasset
1707 2659 1802 2726 facile
1823 2659 1974 2742 pluribus
1996 2678 2091 2723 suam
2113 2655 2253 2740 locuple·
2376 2687 2377 2694 .

251 2774 356 2836 resset
377 2769 611 2836 collectionem.

406 2880 541 2946 Ioannis
562 2903 583 2946 c
605 2881 705 2948 Loeec
727 2903 823 2966 opera
843 2883 1013 2949 1111111116
1034 2904 1130 2967 qaam
1151 2883 1270 2948 irteditc
1292 2883 1443 2950 resciscit
1463 2883 1718 2950 6111161111111
1739 2882 1902 2949 enerravit
1918 2881 1997 2946 Atr.
2019 2879 2157 2964 Kapper
2174 2877 2254 2943 theol.
2376 2875 2377 2962 ᾗ

250 2991 295 3058 D.
319 2991 421 3057 Acar.
444 2997 472 3057 et
493 2991 606 3076 Hopoe
630 2991 783 3060 0611111111
808 2997 898 3061 1866.
944 2999 962 3058 2
986 3002 1009 3061 t.
1033 2997 1062 3060 8.
1107 2995 1209 3061 Temo
1231 2995 1372 3063 secundo
1394 2995 1537 3062 insertae
1554 3001 1634 3060 sunt
1658 2997 1717 3059 135
1740 2995 1840 3061 Irasci
1861 2992 2025 3077 epistolae,
2047 2991 2198 3058 maxime
2216 3011 2256 3056 ex
2376 2977 2377 2988 ἶ

252 3111 348 3188 parte
371 3109 469 3169 antea
490 3103 557 3168 iem
586 3103 709 3185 editae,
738 3107 947 3190 potissimum
969 3128 990 3172 a
1012 3106 1186 3188 Gerdesio;
1218 3106 1276 3174 sed
1297 3106 1430 3174 Calvini
1450 3129 1504 3172 res
1525 3108 1632 3173 rarius
1653 3105 1841 3190 respiciunt
1884 3105 1938 3170 Ex
1959 3103 2169 3171 bibliothecis
2190 3101 2255 3168 hel-
2376 3147 2377 3190 3

126 3301 129 3308 .
253 3216 379 3295 voticis,
401 3236 482 3299 quas
504 3213 610 3280 editor
631 3235 697 3281 non
719 3218 911 3302 exploravit,
934 3219 1046 3302 copiae
1067 3219 1139 3285 eius
1160 3218 1250 3284 haud
1271 3239 1388 3302 parum
1409 3218 1602 3301 amplificari
1623 3219 1812 3302 potuissent

410 3325 527 3393 Obiter
548 3333 681 3392 tantum
702 3329 956 3399 memorabimus
979 3330 1040 3396 boc
1061 3331 1132 3397 loce
1156 3329 1321 3397 Frcaeieci
1341 3329 1514 3397 1116111111
1531 3329 1777 3396 Hotcmaacram
1792 3329 1900 3411 patrie
1923 3327 2032 3410 etlitii
2052 3333 2081 3394 et
2101 3327 2256 3393 durorum

253 3438 394 3504 11161111
422 3439 465 3505 cd
494 3459 545 3504 coe
571 3439 720 3521 1111116161
748 3461 788 3507 ec
813 3441 992 3508 bibliotheca
1014 3441 1093 3508 Iani
1116 3441 1270 3508 Gadeimi
1297 3440 1457 3509 11111111.
1483 3440 1515 3508 0.
1544 3441 1649 3507 editas
1670 3442 1777 3507 Amet.
1808 3445 1951 3506 11664.
2003 3441 2105 3506 Pater
2127 3437 2256 3526 Oalvini

250 3550 476 3616 familiaritate
499 3571 578 3618 usus
599 3552 709 3616 iuerat
729 3561 764 3619 et
785 3554 866 3620 satis
883 3555 1036 3639 frequens
1059 3555 1291 3622 commercium
1313 3553 1495 3620 literarium
1517 3553 1604 3618 inter
1625 3559 1801 3637 utrumque
1822 3553 2061 3618 intercesserat
2095 3551 2162 3618 Hic
2185 3569 2258 3616 vero

248 3663 336 3729 inter
357 3662 517 3746 plurimas
539 3661 598 3728 vix
628 3664 664 3729 in
693 3685 794 3730 unam
816 3673 914 3749 etque
938 3666 1076 3733 alteram
1102 3665 1278 3734 incidimus
1306 3687 1389 3750 quae
1417 3665 1511 3732 nobie
1539 3687 1604 3731 non
1632 3663 1889 3748 praetereundae
1916 3665 2006 3730 visae
2028 3664 2110 3742 11111,
2141 3681 2255 3747 nempe

249 3775 464 3860 paucissimas
487 3774 697 3840 Hotomanni
724 3775 766 3841 ed
787 3776 1036 3864 Bullingerum‚
1064 3799 1166 3843 unam
1188 3777 1320 3845 Oalvini
1348 3777 1390 3842 ed
1412 3777 1676 3854 Hotomannum,
1704 3786 1739 3841 et
1760 3775 1822 3841 hae
1844 3797 1972 3860 quoque
1993 3776 2061 3841 fere
2083 3795 2196 3840 omnes
2217 3795 2255 3838 ex

251 3885 390 3952 diversis
412 3885 575 3953 codicibus
596 3888 704 3970 repeti
728 3896 915 3978 potueruut.
960 3891 1104 3955 Exstant
1125 3891 1213 3956 enim
1235 3890 1407 3974 pleraeque
1429 3887 1610 3971 descriptae
1631 3889 1668 3992 in
1690 3885 1811 3954 (lodice
1833 3887 1968 3954 Archiv.
1988 3887 2097 3952 Turio.
2116 3887 2177 3952 Vl.
2199 3887 2253 3949 117
2376 3943 2377 3946 ,

253 3995 350 4075 (alias
371 3997 412 4063 B.
435 3998 502 4082 47).
546 3997 666 4064 Plures
688 4000 748 4066 tibi
769 4000 910 4066 ineditas
932 4001 1116 4068 afferemus.

407 4109 459 4175 De
484 4108 652 4175 1111161161
679 4111 841 4178 Baidcirti
867 4113 1013 4198 epistolis
1046 4113 1089 4179 ad
1118 4113 1294 4180 Calvinum
1325 4113 1365 4180 ab
1395 4113 1456 4179 hoc
1490 4115 1561 4198 ipso
1586 4111 1666 4178 olim
1693 4109 1789 4177 editis
1817 4131 1917 4196 snpra
1948 4110 1984 4175 in
2012 4107 2257 4194 Prolegcmenie

253 4220 345 4287 'Pom
368 4219 431 4286 IX.
454 4242 484 4304 p.
509 4225 550 4284 46
574 4221 718 4290 diximus
739 4245 822 4308 quae
843 4246 903 4309 pro
924 4233 1071 4308 tempore
1093 4225 1268 4292 sufficiant.

409 4332 575 4416 Epistolas
597 4335 731 4401 Ioannis
752 4336 902 4416 111661νά,
932 4337 1078 4402 ministri
1107 4337 1304 4403 Parisieneis
1332 4338 1467 4401 11558
1495 4334 1537 4400 ad
1566 4335 1744 4401 Calvinum
1774 4334 1927 4418 scriptas,
1956 4333 1998 4398 ad
2026 4333 2153 4401 calcem
2181 4349 2256 4398 suae

253 4441 417 4510 historiae
434 4444 506 4509 eius
528 4444 684 4512 ecclesiae
706 4447 808 4514 edidit
831 4449 953 4514 Athen.
977 4447 1152 4532 Ooquerel,
1181 4449 1216 4514 in
1242 4469 1340 4532 opere
1368 4443 1531 4532 periodico
1555 4445 1662 4512 116111
1683 4448 1722 4513 de
1746 4445 1918 4530 Thiolopir,
1947 4467 2009 4512 ser.
2032 4445 2078 4511 11.
2103 4447 2193 4512 Tem.
2217 4442 2256 4506 V.

257 4559 339 4620 1860
361 4577 436 4640 pag.
462 4559 521 4619 135
544 4576 631 4641 seqq.

410 4665 580 4733 1111161161
601 4668 771 4753 Drparrdri
792 4669 967 4756 (Enzinas)
988 4672 1142 4755 epistolas
1164 4671 1267 4738 edidit
1287 4692 1393 4756 nuper
1414 4668 1458 4733 V.
1477 4668 1751 4736 Olealdduerdus
1773 4669 1938 4736 Boehmer
1957 4669 1993 4734 in
2006 4669 2184 4751 Zeitecbriit
2202 4668 2256 4750 fiir

253 4779 306 4846 die
326 4777 507 4844 biemriecite
531 4779 695 4864 Theoiopie
727 4785 816 4846 1870.
844 4784 919 4850 fasc
942 4783 1007 4849 ΠΙ.
1030 4805 1061 4866 p.
1085 4787 1146 4848 381
1170 4805 1258 4868 seqq.
1309 4783 1376 4850 Sed
1405 4801 1460 4848 ees
1487 4803 1568 4866 quas
1597 4782 1655 4848 ille
1682 4780 1801 4848 nobilis
1822 4781 1993 4865 Hispanus
2021 4781 2064 4846 ad
2084 4779 2255 4848 Calvinum

255 4891 388 4973 scripsit
410 4890 619 4958 doctissimus
641 4891 754 4972 editor,
777 4896 928 4976 quamvis
950 4917 970 4960 a
990 4895 1085 4962 nobis
1107 4916 1181 4962 oum
1204 4917 1242 4962 eo
1264 4895 1518 4962 communicatas
1540 4915 1579 4960 ea
1599 4895 1672 4978 lege
1694 4899 1732 4958 nt
1751 4893 1793 4959 iis
1814 4891 1916 4959 libere
1937 4901 2094 4972 uteretur,
2124 4889 2255 4960 caeteris

255 5021 322 5067 non
344 5001 478 5082 eddidit,
500 5024 543 5068 ne
565 5002 645 5086 quid
666 5001 761 5068 nobis
783 5002 824 5068 de
845 5005 971 5088 primae
994 5007 1147 5074 editionis
1168 5005 1264 5074 laude
1285 5005 1464 5074 decederet.
1509 5005 1618 5089 Quam
1647 5005 1782 5070 nimiam
1808 5003 2002 5071 modestiam
2032 5015 2065 5070 et
2092 5003 2255 5090 praedica·

254 5133 332 5178 mne
351 5121 386 5177 et
408 5112 570 5195 dolemus,
601 5135 703 5198 quum
732 5116 778 5181 sic
799 5115 857 5182 illa
878 5117 1015 5202 sylloge,
1046 5119 1191 5204 ahoquin
1214 5139 1342 5185 summa
1368 5139 1447 5186 oure
1474 5126 1508 5186 et
1530 5117 1702 5202 diligentia
1723 5117 1867 5202 undique
1889 5125 2057 5202 congesta,
2085 5113 2256 5183 lectoribus

255 5225 392 5290 tortasse
413 5225 537 5309 aliquid
559 5225 814 5293 desiderandum
835 5227 1009 5312 relinquat.
