4852 6022
174 349 235 414 431
1025 350 1119 414 Ι1533
1140 345 1301 416 oowss.
2105 359 2173 426 433

174 539 370 614 mitteretur,
382 547 416 602 et
424 535 726 622 quibusmendaeiis
736 536 1144 614 fratrmoiroumvenirent,
1196 537 1242 601 sit
1268 536 1417 602 absoluta
1444 537 1634 622 priusquam
1661 539 1824 622 aaoipiant
1850 541 1990 628 aliquid,
2021 550 2056 608 et
2084 546 2174 628 quod

175 625 296 708 poterit
326 623 503 706 explicare,
537 643 579 688 ne
615 623 704 688 eolus
741 623 853 688 omnia
890 623 1002 687 feram.
1056 623 1145 686 Nuus
1196 622 1360 704 ascipiunt
1391 623 1541 706 precibus
1577 624 1759 689 redimunt:
1791 637 1830 691 ιιι
1860 635 1988 696 taoesm
2019 639 2173 712 sumptus

174 709 287 776 literas
316 710 578 788 Leusonnam⁸⁰)
608 708 698 786 misi,
735 708 809 773 ideo
840 706 883 772 ad
915 706 1046 791 singula
1079 728 1144 772 non
1196 729 1261 772 non
1297 709 1434 792 exiguos
1468 707 1632 776 faciendos
1667 710 1701 774 in
1739 710 1898 780 adeundis
1930 723 1965 780 et
1994 712 2170 784 adorandis

175 816 309 879 possum
337 794 539 876 respondere.
591 795 664 860 Ηοο
692 804 800 858 tamen
823 793 921 858 habe:
953 802 1028 876 post
1047 791 1144 857 eollo·
1195 794 1375 874 praefectis.
1409 796 1490 859 Nam
1504 795 1642 877 populus
1661 817 1758 876 quam
1781 801 1994 882 magistratus
2015 799 2171 867 videntur

176 883 290 966 quium
323 879 407 964 quod
440 880 614 946 habuimus
645 901 719 945 eum
755 877 879 954 Geraia,
911 880 945 942 in
974 899 1037 960 quo
1059 875 1144 942 nihil
1194 879 1231 942 in
1268 878 1443 962 perdendis
1482 901 1519 946 aa
1558 880 1765 948 oonfioiendis
1809 885 1970 950 ministris
2011 885 2167 952 laborare.

175 988 308 1051 prorsus
341 966 530 1032 oonolusum
563 966 625 1030 fuit
654 986 728 1032 eum
760 986 812 1040 oo,
848 965 932 1029 siout
963 983 1142 1046 nunquam,
1194 965 1296 1028 Pauoi
1325 975 1419 1042 sunt,
1446 987 1506 1031 nee
1533 967 1700 1032 sufficiunt
1726 969 1884 1034 eoelesiis:
1917 971 1975 1036 vix
2004 992 2088 1036 unus
2118 981 2169 1038 est

174 1053 240 1120 nisi
268 1051 354 1134 quod
382 1052 446 1134 ipsi
474 1072 516 1115 ex
536 1053 645 1116 animo
667 1051 825 1116 vellemus
847 1049 969 1126 adesse,
993 1071 1058 1114 non
1082 1049 1143 1112 im·
1195 1048 1250 1114 ubi
1284 1059 1351 1116 tros
1384 1060 1441 1115 aut
1472 1065 1612 1132 quatuor
1637 1073 1708 1117 esse
1736 1053 1870 1132 debent,
1902 1076 1940 1121 ae
1967 1076 2032 1137 quo
2061 1058 2168 1140 magis

174 1137 271 1222 pulsu
295 1137 402 1220 aliquo
424 1136 481 1202 sed
504 1157 632 1220 sempor
653 1145 768 1218 sponte
790 1136 935 1212 ouourri,
965 1155 1003 1200 aa
1031 1133 1085 1198 alii
1108 1143 1145 1198 ut
1195 1145 1389 1218 premuntur
1409 1157 1507 1200 onere
1525 1135 1681 1214 laborum,
1704 1158 1742 1201 eo
1753 1140 1861 1204 minor
1871 1141 2018 1223 ipsorum
2029 1140 2168 1206 habetur

175 1233 312 1308 agerent
337 1223 424 1287 idom
452 1223 618 1288 contendi:
641 1220 1020 1303 atnunenihilpossum.
1057 1221 1143 1284 Nam
1196 1223 1286 1286 ratio.
1339 1220 1527 1287 Benedictus
1559 1245 1625 1286 non
1647 1223 1807 1301 induetus,
1836 1225 1891 1307 qui
1919 1225 1974 1291 diu
2000 1228 2069 1307 egit
2090 1247 2166 1292 oum

174 1319 209 1375 et
229 1307 407 1375 mendaoiis
429 1318 461 1372 et
482 1308 554 1374 aliis
576 1329 678 1390 paone
693 1307 875 1372 innumeris
891 1305 1143 1372 omnesdelusos
1197 1306 1350 1384 Οονάειιο,
1373 1309 1563 1374 mittebatur
1583 1330 1657 1374 oum
1679 1308 1783 1374 literis
1804 1311 1918 1376 elassis
1929 1311 2165 1390 Narniaoensis,

174 1395 257 1460 mire
279 1393 423 1468 offendit,
446 1400 483 1458 ut
504 1393 558 1458 vel
580 1393 693 1458 audire
722 1391 761 1458 de
786 1413 824 1458 eo
853 1413 920 1456 non
951 1392 1142 1458 sustineant.
1195 1393 1313 1476 quibus
1334 1399 1367 1456 et
1387 1393 1568 1475 praessetus
1591 1415 1626 1458 se
1643 1394 1859 1478 subsignant.
1893 1397 2019 1461 Verum
2030 1398 2167 1462 seorsim

174 1479 214 1548 Si
246 1482 319 1562 quis
350 1479 441 1561 eupit
469 1499 581 1562 paoem
609 1478 728 1544 habere
756 1499 794 1542 ao
826 1487 933 1542 motus
965 1478 1070 1542 vitare
1102 1477 1143 1542 ob
1195 1477 1292 1542 dabat
1312 1478 1422 1543 literas
1445 1479 1507 1561 ipsi
1520 1479 1685 1546 Benedicta
1706 1479 1923 1563 perferendas,
1945 1482 2064 1564 quibus
2085 1481 2166 1548 sori·

175 1566 345 1632 Christum
364 1565 483 1643 Iesum,
502 1564 646 1630 eeclesiis
657 1586 722 1628 non
734 1563 888 1629 obtrudat
898 1562 999 1629 donee
1012 1585 1143 1644 prorsus
1194 1563 1291 1628 bebat
1318 1585 1385 1629 non
1411 1585 1492 1646 opus
1519 1585 1591 1630 esse
1619 1565 1777 1630 ministro.
1827 1565 1884 1632 sio
1910 1567 2023 1632 eodem
2046 1568 2167 1633 nuuoio

174 1652 259 1718 alius
285 1652 396 1726 faerit,
425 1673 463 1716 ae
490 1651 518 1714 si
540 1651 586 1715 sio
608 1650 759 1715 omnibus
785 1650 831 1714 sit
849 1649 1142 1732 persuasissimum.
1195 1650 1357 1714 eontraria
1388 1649 1545 1714 mittebat
1596 1651 1720 1715 Nolunt
1746 1652 1833 1715 euim
1865 1652 1929 1717 nisi
1962 1653 2017 1718 vel
2048 1673 2168 1734 pauoos

174 1737 250 1804 Non
276 1737 347 1802 eine
380 1755 479 1800 eausa
510 1736 606 1818 oupio
638 1756 709 1800 esse
735 1757 848 1800 omnes
880 1733 1079 1812 admonitos,
1111 1743 1144 1798 et
1195 1736 1361 1800 ministros
1390 1757 1427 1801 ao
1456 1735 1601 1819 maligne
1629 1747 1781 1818 exeeptos
1809 1737 1944 1816 habere,
1975 1747 2013 1801 ut
2042 1740 2169 1822 possint

176 1831 334 1890 aoourate.
366 1821 490 1886 Namsi
508 1843 571 1886 non
590 1821 813 1904 prospieiatun
835 1821 921 1884 siout
941 1822 977 1884 in
998 1831 1144 1902 tempore
1195 1841 1255 1886 sua
1287 1820 1404 1885 melius
1436 1842 1559 1886 aurare.
1607 1819 1736 1886 'Videat
1769 1823 1951 1898 Iaeobas³⁶)
1986 1843 2027 1888 ne
2052 1843 2168 1890 rursus

176 1906 305 1974 deserta
327 1908 389 1972 fuit
409 1907 553 1983 eoelesia,
572 1908 626 1972 ubi
649 1904 819 1971 ostendum
839 1915 873 1970 οι
889 1906 1144 1972 suoourrendum
1195 1907 1315 1971 audeat
1341 1907 1393 1971 vel
1422 1907 1562 1984 hissera,
1589 1907 1652 1972 nisi
1676 1908 1771 1984 torte,
1800 1906 1878 1972 dnm
1900 1909 2069 1985 absumus,
2098 1928 2168 1973 non

177 2003 257 2072 erat,
275 1991 812 2074 sieintempestivepraeeipitando
831 1993 934 2075 magis
954 2013 1049 2073 quam
1069 2011 1144 2074 pro·
1195 2001 1262 2056 tam
1290 2013 1446 2057 sensurus
1468 1994 1510 2057 sit
1532 1993 1657 2071 hostes,
1686 2013 1768 2074 quos
1796 1993 1841 2075 pii
1870 2014 1983 2058 omnes
2012 1993 2169 2058 deberent

176 2077 338 2144 movendo
368 2078 516 2145 Gorolam
540 2079 649 2160 ipsum
676 2099 713 2142 ae
742 2077 908 2142 ecelesiam
931 2076 1068 2159 perdent
1089 2077 1145 2159 qui
1196 2078 1338 2162 experiri
1370 2079 1553 2144 carissimos
1585 2079 1710 2143 fratres.
1765 2077 1875 2144 Ooaoti
1909 2089 1987 2144 sunt
2017 2077 2170 2144 nonnulli

103 2169 105 2176 ’
176 2165 240 2231 hoo
260 2165 389 2230 lanient.
434 2165 558 2230 Missus
580 2187 600 2226 u
622 2163 817 2246 Royaoeeusi
844 2163 1013 2228 Genavam
1043 2164 1143 2244 petiit.
1197 2163 1289 2228 sedes
1318 2185 1394 2230 suas
1420 2163 1582 2240 deserere,
1613 2172 1652 2227 ut
1677 2165 1706 2229 is
1735 2165 1790 2245 qui
1819 2163 1957 2246 Goppeti
1979 2165 2054 2248 egit
2100 2161 2169 2228 Sed

177 2251 263 2316 Nam
291 2247 344 2314 hie
368 2249 459 2314 nulla
487 2249 630 2314 inveniri
656 2249 762 2331 potuit
788 2248 938 2314 conditio.
988 2249 1146 2312 Antonias
1197 2257 1277 2314 sunt
1304 2251 1359 2330 qui
1388 2249 1505 2313 malint
1532 2248 1641 2314 decem
1673 2250 1762 2314 abire
1788 2269 1886 2331 quam
1919 2271 2021 2314 unum
2044 2250 2167 2315 venire.

176 2335 230 2402 hio
252 2335 313 2400 luit
333 2337 387 2417 qui
411 2357 476 2400 non
498 2334 690 2412 dissimulat,
712 2343 752 2398 ut
773 2334 863 2415 prius
880 2333 989 2398 omnia
1008 2335 1146 2417 pessime
1198 2334 1286 2414 Quid
1309 2337 1428 2399 faeient
1450 2335 1591 2412 Domini,
1614 2334 1758 2399 audeant
1777 2344 1837 2399 ote.
1882 2335 1974 2412 Vale,
1997 2355 2035 2398 ae
2055 2353 2170 2400 omnes

176 2421 297 2486 habere
320 2420 484 2499 Genavae,
507 2419 586 2484 adeo
608 2432 647 2484 ut
667 2441 745 2484 suae
762 2422 876 2483 timeat
890 2421 989 2496 vitae,
1011 2439 1146 2500 seraque
1197 2420 1304 2485 saluta
1321 2421 1563 2498 offitiosissime‚
1586 2419 1773 2500 Capitonem,
1792 2419 1960 2498 Baeeram,
1985 2419 2168 2500 Stamiam,

176 2515 308 2572 tenetur·
331 2507 538 2586 poenitentia.
584 2505 652 2585 (lui
673 2504 765 2570 nobis
787 2526 902 2588 perum
932 2505 1022 2570 fuere
1051 2505 1145 2570 amisi
1200 2505 1381 2584 Perimam,
1421 2507 1537 2588 quibus
1570 2504 1694 2571 Ohristi
1729 2505 1895 2571 ecelesiam
1936 2507 2031 2588 oupio
2071 2525 2170 2587 quam

175 2593 316 2674 pessime
338 2591 424 2672 apud
446 2611 500 2656 eos
521 2590 669 2668 audiunt,
692 2612 772 2673 quos
793 2591 996 2672 impulerunt
1016 2593 1049 2655 in
1071 2611 1145 2672 pro·
1197 2593 1341 2656 maxime
1362 2590 1635 2666 commendatam,
1666 2598 1699 2654 et
1724 2591 1828 2654 multa
1850 2611 1924 2655 eum
1946 2591 2170 2656 aedificatione

176 2677 317 2744 mutiam
347 2691 413 2742 tam
448 2677 629 2750 duram.⁸¹)
684 2677 877 2742 Versiouom
910 2685 985 2742 tuae
1012 2696 1146 2758 respon·
1197 2678 1426 2760 perfeetamffi)
1448 2677 1498 2740 iri.
1549 2674 1665 2742 Saluta
1693 2674 1893 2762 G[attos]³⁸)
1915 2696 2038 2753 omnes,
2071 2675 2170 2742 Olea·

175 2763 331 2845 sionisa)
354 2762 505 2827 dederam
529 2763 693 2828 Genavati
716 2763 772 2844 qui
794 2761 834 2826 ad
858 2771 890 2826 te
912 2764 1080 2844 perferret,
1107 2781 1145 2827 ao
1197 2763 1299 2840 diam,
1330 2764 1514 2844 desperem,
1545 2762 1692 2827 latebam
1714 2783 1787 2827 oum
1818 2763 1942 2828 oomite.
1988 2760 2114 2827 Omnes
2136 2769 2170 2826 te

175 2870 211 2916 se
232 2851 279 2913 ait
299 2849 472 2932 pertulisse
490 2867 528 2912 ae
549 2848 608 2912 tibi
629 2847 818 2925 reddidisse,
841 2849 898 2912 eod
916 2848 1065 2912 basileae
1087 2869 1143 2912 ox·
1196 2849 1348 2913 salutent.
1394 2849 1558 2926 Noooomi,
1582 2853 1632 2911 21.
1656 2846 1770 2914 Ootob.
1798 2852 1888 2911 1539.

175 2943 302 3017 oeptam
330 2935 388 2999 ebs
421 2946 453 2998 te
485 2933 663 3015 reliquisse.
718 2932 836 2998 Olavos
868 2919 945 2998 buin
985 2931 1075 2998 dedit
1106 2940 1144 2997 ut

176 3020 327 3102 aeoipiat‚
357 3018 444 3102 quod
471 3039 564 3100 spero
595 3020 699 3085 faoiet
751 3020 840 3099 Quid
872 3021 956 3084 laeto
988 3022 1031 3084 sit
1063 3039 1143 3101 opus

174 3105 341 3172 indioabis.
386 3101 423 3168 Si
444 3105 540 3169 fratri
561 3126 657 3188 quem
679 3105 783 3170 Metin
805 3105 993 3170 volebamus
1013 3107 1143 3170 mittere

173 3190 243 3257 illio
279 3191 382 3272 possit
418 3211 488 3256 osse
526 3190 631 3270 loeus,
668 3191 761 3256 nobis
795 3189 1026 3256 subiudieabis:
1066 3209 1142 3255 nam
1280 3191 1367 3257 Usus
1388 3211 1460 3256 sum
1483 3188 1738 3254 amanuensibus
1758 3195 1890 3273 praeter
1910 3209 2051 3266 morsm,
2079 3186 2168 3272 quod

173 3276 362 3342 enitendum
385 3285 436 3341 est
457 3283 495 3340 ut
516 3298 610 3358 quam
633 3275 1141 3360 latissimefloreatevangelium.
1217 3298 1277 3342 uae
1301 3323 1552 3342 ..........
1565 3276 1611 3359 ⁸⁸)
1633 3275 1750 3340 eornito
1770 3274 1893 3358 aliquid
1915 3283 2002 3340 esset
2022 3275 2168 3340 olfioien·

172 3362 246 3428 Iam
287 3359 482 3427 Salodurum
520 3383 623 3446 usque
656 3361 806 3444 pervenit
842 3361 928 3425 lama
966 3360 1005 3426 de
1037 3361 1143 3428 edioto
1194 3299 1282 3428 dum.
1328 3361 1393 3429 Sed
1417 3362 1497 3428 alias
1514 3359 1595 3427 vale.

172 3449 313 3531 ragis⁸⁸)
341 3449 374 3512 in
404 3447 489 3530 pios,
517 3469 556 3512 ae
588 3447 787 3530 principibus
819 3454 982 3529 permoto,
1017 3448 1072 3529 qui
1107 3447 1142 3510 in

172 3533 314 3684 eratiam
342 3534 470 3615 piorum
497 3532 694 3616 legationem
730 3531 771 3598 ad
805 3553 914 3616 regem
953 3531 1141 3598 decernunt.

207 3618 310 3684 tinam
330 3621 518 3701 priusquam
543 3619 714 3684 solvissent
734 3618 814 3683 haee
841 3620 948 3683 hostes
976 3629 1142 3700 parantum

1806 2983 1957 3050 Farellus
1979 2985 2127 3060 tu'us.³⁹).

173 3704 290 3770 fuisset
312 3707 485 3788 negotium.
536 3704 788 3788 Rotomagensis
820 3703 911 3782 obiit,
945 3705 1143 3786 hotoringus

173 3788 400 3872 superaddidit
433 3791 500 3854 suis
533 3791 605 3854 aliis
638 3792 949 3872 arehiepisoopatum
988 3790 1143 3854 Rotoma-

174 3896 325 3959 gensem‚
360 3875 530 3940 Parisinus
561 3876 815 3942 Narbonensem.
867 3874 1143 3959 Oanoellarius⁸⁴)

173 3960 255 4026 obiit
275 3982 415 4042 quoquo:
440 3961 546 4026 neseio
568 3983 608 4026 an
632 3962 772 4026 deterior
786 3962 972 4027 suffioiotur.
1006 3962 1143 4026 Taurini
1641 3971 1712 4042 194,

175 4044 399 4126 Maniliana)
423 4067 487 4110 non
511 4057 639 4128 praeest
660 4047 816 4129 amplius,
843 4067 917 4111 euru
940 4047 1011 4112 vita
1036 4059 1143 4130 potes·
1661 4113 1667 4136 ⁸

174 4139 276 4196 tatem
310 4132 408 4196 exuit.
458 4133 623 4198 Annebout
653 4133 809 4198 snooessit
843 4153 880 4198 ao
905 4154 942 4197 oo
975 4133 1141 4199 ooneossit.
1436 4110 1670 4180 OALVINUb
1691 4110 1921 4178 FARELLO·

174 4215 313 4282 Iaoobue
338 4218 451 4284 Gallus
472 4219 608 4300 Morgiia
636 4219 753 4282 misere
782 4217 907 4282 laborat
933 4219 1044 4283 morbo
1068 4239 1142 4284 eum
1576 4285 1581 4297 ,
1880 4283 1885 4294 ,
1990 4282 1995 4294 ,
2142 4283 2149 4298 ,

174 4323 294 4378 uxore,
324 4324 424 4384 puero
451 4315 485 4368 et
513 4304 641 4369 aneilla.
686 4305 758 4369 Non
786 4305 879 4385 pauei
909 4303 1017 4367 inedia
1044 4307 1143 4368 eonti-
1282 4285 1400 4350 Imm
1438 4285 1475 4349 ἀΰ
1508 4285 1598 4350 Mis
1630 4282 1944 4366 A'UWWWSW
1983 4303 2018 4347 ”¹
2050 4287 2165 4364 '²⁰9⁰lw

175 4388 318 4454 eiuntur.
363 4390 484 4454 Parum
508 4401 699 4454 numeratur
720 4389 893 4464 nonnullis,
917 4397 956 4452 ut
978 4389 1145 4455 Fraaeisce
1198 4370 1337 4469 093033,
1368 4370 1481 4451 ΝΜ
1519 4390 1581 4436 ”⁰²¹
1617 4370 1696 4434 salli
1709 4457 1714 4467 ¹
1733 4369 1794 4434 Sili
1825 4373 2009 4449 lssmpffffle
2029 4368 2165 4466 samyt,

175 4473 390 4552 siromaste,
414 4496 472 4555 pro
502 4476 637 4551 seruilia,
672 4485 705 4538 et
731 4487 841 4539 taiuen
875 4475 985 4539 multis
1017 4477 1144 4559 eogitur
1195 4457 1400 4522 mmmm
1425 4456 1525 4522 <lem
1553 4475 1621 4520 ‘mm
1649 4475 1748 4519 amm>
1781 4453 1953 4534 ⁶2P⁰⁸l¹ll⁰l
1984 4472 2075 4518 WWS
2106 4471 2166 4516 *Μ’

151 4560 321 4644 ,eeclesiis
342 4563 473 4625 servire.
518 4561 603 4626 Aliis
620 4575 687 4624 tani
710 4561 867 4645 maligue,
897 4569 934 4624 ut
962 4581 1037 4642 pars
1066 4561 1143 4626 anni
1191 4547 1329 4642 imunt*
1349 4541 1507 4640 measa
1526 4541 1584 4606 '²0⁶⁹
1605 4541 1713 4637 314Υρ03
1734 4539 1943 4637 3335363033·
1988 4535 2166 4602 Alf-²⁰⁹¹&

1196 4628 1398 4710 impudentia.
1454 4625 1519 4691 Res
1557 4632 1622 4690 tam
1658 4630 1741 4702 auter
1767 4643 1929 4706 menapos
1959 4625 2166 4704 protestantes

1193 4719 1311 4798 pastae,
1344 4719 1409 4777 tum
1440 4714 1519 4776 inter
1547 4713 1634 4791 ipsos
1667 4715 1695 4775 et
1728 4715 1852 4776 eeteros.
1902 4709 2029 4792 Daplee
2062 4705 2169 4772 vesto

263 4781 309 4902 {th
336 4783 432 4864 Vtreto.
474 4781 502 4834 V.
521 4783 558 4836 N.
577 4783 798 4848 wambanem.
1196 4799 1258 4880 Ep·
1281 4799 1324 4864 ad
1348 4797 1531 4864 padomum

299 4852 310 4915 )
329 4851 434 4906 Abinna
451 4853 509 4905 otto
526 4869 625 4908 mana..

262 4917 309 4978 33)
328 4919 366 4972 ad
385 4919 505 4974 Sodotets'
518 4923 665 4985 epistotam.
701 4921 755 4985 (N.
774 4918 833 4984 186,
851 4918 922 4985 194.)

263 4985 310 5053 33)
330 4987 367 5042 Ν.
386 4988 444 5056 133,
462 4994 518 5044 not.
532 4988 559 5042 a.

263 5055 310 5122 34)
330 5059 392 5112 Aut.
411 5059 460 5111 Da
478 5057 555 5112 Prot.
1280 5051 1328 5118 36)
1348 5055 1393 5106 Aa
1411 5049 1595 5108 Bernartius?

180 4697 380 4708 ——n—-a—-d-

262 5124 309 5192 35)
329 5125 388 5180 lmo
409 5127 552 5182 Monte’an'
589 5125 725 5182 stertebat
746 5125 778 5178 de
802 5125 919 5190 Fratres,
943 5125 1088 5178 tteuteuaat
1106 5123 1144 5176 du
1280 5119 1327 5180 37)
1346 5123 1401 5175 siet

179 5195 238 5252 1302·
253 5213 287 5251 ea
305 5193 435 5250 Ps'e'mom.
472 5145 643 5264 (drantoma
661 5195 776 5250 twmmes
793 5195 912 5248 illustres
930 5187 1033 5256 Nat).
1071 5191 1145 5244 Eius
1280 5188 1327 5256 33)
1344 5191 1440 5245 oberto
1455 5189 1584 5243 ιιιεοϊιιιι.

175 5279 315 5322 amer
332 5264 479 5321 Antieboat
495 5267 645 5322 admiratis.
1279 5257 1327 5324 39)
1348 5259 1439 5314 um
1453 5260 1577 5327 ''im‘’
1595 5263 1626 5314 “l
1643 5259 1791 5328 'qm'
1907 5333 1958 5390 27.
