4804 6012
272 351 336 414 207
1158 340 1388 410 OONSIIrIA.
2208 345 2264 410 208

272 567 305 624 ιι
322 566 435 624 cuuis
462 566 692 623 nrsonnmsn
715 564 853 622 srsros
876 563 1120 620 ronnssernrs
1137 563 1248 620 unos-
1299 551 1376 596 vero
1398 551 1576 630 paucorum
1597 530 1769 632 hominurn
1792 529 1925 631 arbitrio
1946 530 2143 632 acquiescet,
2170 528 2265 600 dona

684 651 802 708 131qu
812 651 832 718 ι)
1298 616 1456 700 populum
1466 637 1575 700 rpsum
1592 623 1784 702 cognoverit
1794 637 1870 700 rugo
1882 615 1970 682 nolle
1984 616 2113 683 subnot:
2132 624 2209 682 tunc
2219 637 2265 683 sc-

1299 711 1417 785 quetur
1428 701 1626 780 deliberatio,
1644 723 1709 786 quo
1720 703 1792 768 iure
1802 702 1994 768 obstrictum
2004 699 2267 768 teneantOhristi

358 790 499 856 Etiamsi
521 789 679 856 hactenus
696 787 874 854 tolerabilis
892 788 1009 854 fuisset
1024 785 1143 867 ἀταξία,
1165 807 1248 870 quoe
1299 809 1446 868 servum,
1475 788 1532 871 qui
1556 786 1705 854 ordinem
1727 786 1883 854 divinitus
1904 789 2144 871 praescriptum
2164 787 2266 870 palam

273 875 335 942 tibi
356 876 461 943 movit
481 876 544 941 hcc
565 883 746 942 certamen:
769 875 835 940 ium
853 881 966 940 tamen
984 895 1021 939 eo
1040 871 1179 939 deducta
1195 893 1248 938 res
1300 881 1461 940 recusant
1494 874 1594 940 (berte
1615 872 1672 939 ubi
1693 873 1839 959 rogando
1855 880 1889 939 et
1910 873 2071 939 hortando
2092 873 2179 939 nihil
2199 894 2267 972 prc-

273 971 340 1042 est,
369 970 408 1027 ιιι
432 961 574 1027 liberum
601 961 661 1026 tibi
690 981 757 1026 non
785 961 844 1039 sit,
874 980 947 1025 mec
969 958 1097 1036 iudicio,
1119 980 1159 1024 ea
1175 958 1248 1043 lege
1299 959 1423 1039 ficitur,
1453 979 1491 1026 ac
1518 960 1642 1026 frustra
1662 959 1762 1026 otiam
1790 961 1957 1043 conquesti
1979 980 2092 1026 sumus
2114 979 2176 1025 nos
2196 958 2266 1024 reh-
2387 1015 2388 1032 ,

272 1069 424 1126 manere,
453 1055 580 1112 uttam
608 1047 764 1131 gravibus
785 1045 881 1112 malis
903 1045 1031 1111 nullum
1053 1043 1248 1112 adhibeatur
1299 1047 1397 1130 gione
1418 1046 1599 1130 constringi
1626 1065 1668 1110 ne
1697 1065 1873 1130 pergamus
1902 1046 2040 1112 seientes
2069 1052 2103 1112 et
2124 1044 2266 1112 volentes

272 1132 463 1200 remedium.
498 1131 567 1198 Sed
588 1131 666 1216 quia
686 1132 723 1196 in
744 1151 781 1196 re
801 1131 959 1215 perplexa
979 1130 1088 1197 adhuc
1109 1130 1248 1215 ambigis
1300 1151 1393 1197 sacra
1409 1129 1475 1196 Dei
1496 1131 1655 1216 mysteria
1674 1131 1862 1214 profanare:
1885 1131 1920 1196 in
1943 1139 2012 1197 tem
2033 1131 2169 1198 confusa
2188 1129 2267 1195 ordi-

273 1240 434 1304 qnaenam
455 1217 635 1284 moderatio
664 1217 806 1282 tenenda
828 1218 887 1296 sit,
916 1237 1087 1300 meamque
1114 1223 1247 1282 senten·
1300 1217 1352 1282 nis
1373 1216 1616 1300 perturbatione
1637 1217 1798 1300 quomodo
1815 1224 1903 1283 stare
1924 1217 2018 1284 nobis
2039 1217 2138 1284 liceat
2154 1217 2267 1284 nescio.

272 1306 354 1371 tiam
382 1302 496 1370 audire
525 1304 634 1388 cupis,
664 1303 710 1369 sic
738 1303 856 1386 accipe.
908 1301 947 1368 Si
976 1323 1070 1369 sacra
1088 1303 1248 1386 mysteria
1299 1303 1373 1368 Etsi
1395 1312 1506 1368 autem
1528 1303 1694 1370 cunctatio
1716 1303 1971 1386 reprehensione
1997 1324 2064 1368 non
2091 1309 2195 1381 carot,
2223 1302 2269 1366 in·

273 1391 448 1476 profanare
469 1390 561 1456 nefas
583 1398 642 1469 est,
664 1395 752 1454 certe
774 1407 986 1472 quaecunque
1006 1396 1179 1454 occurrant
1200 1387 1247 1453 of·
1300 1409 1471 1473 genusque
1491 1387 1670 1468 fatendum,
1693 1389 1798 1455 serius
1820 1409 1918 1472 quam
1936 1387 2070 1454 decebat
2091 1387 2178 1454 hanc
2199 1408 2269 1454 cau·

272 1475 437 1543 tendicula
458 1474 500 1541 ad
517 1474 742 1542 excusandum
763 1475 973 1558 sacrilegium
989 1494 1057 1538 non
1074 1473 1247 1539 sufficient
1300 1493 1372 1540 sam
1391 1481 1576 1558 susceptam
1598 1495 1685 1554 esse,
1715 1473 1769 1540 vel
1789 1495 1856 1540 non
1882 1474 1962 1540 satis
1984 1481 2119 1540 suenus
2140 1481 2175 1540 et
2195 1473 2269 1538 viri-

274 1561 473 1645 Quaerenda
493 1561 595 1647 igitur
614 1559 760 1626 definitio
778 1567 836 1638 est,
859 1581 902 1625 cx
918 1581 983 1642 qua
1000 1567 1088 1626 certo
1105 1567 1249 1625 statuere
1299 1559 1376 1624 liter
1396 1560 1496 1626 fuisse
1517 1559 1699 1639 defensam:
1726 1580 1794 1626 non
1815 1560 1881 1626 alia
1901 1568 2013 1626 temen
2034 1581 2134 1644 quam
2155 1558 2271 1626 nimiae

273 1648 373 1715 liceat
393 1667 563 1731 quousque
584 1653 694 1730 pateat
714 1647 779 1712 ista
795 1646 986 1730 profanatio.
1030 1647 1134 1710 Porro
1156 1646 1191 1710 in
1213 1666 1249 1711 re
1300 1646 1446 1712 leuitatis
1467 1645 1564 1728 culpa
1585 1645 1680 1711 obiici
1701 1647 1829 1731 poterit,
1851 1665 1936 1730 quae
1957 1645 2104 1712 omnium
2125 1647 2183 1728 qui
2199 1665 2271 1712 con·

275 1733 366 1802 alara
387 1740 421 1798 et
442 1733 540 1799 obvia
561 1753 627 1797 non
649 1740 699 1798 est
715 1739 888 1815 tantopere
906 1729 1129 1796 laborandum.
1162 1730 1250 1796 Nam
1301 1733 1475 1798 tumacitcr
1496 1732 1673 1807 obsistunt,
1702 1732 1828 1798 crimen
1852 1731 1998 1816 duplicat
2023 1731 2148 1816 potius,
2200 1751 2273 1796 uam

275 1820 334 1904 qui
350 1819 471 1902 passim
489 1817 643 1901 nulloque
661 1817 789 1883 delectu
810 1816 864 1883 vel
881 1815 1069 1884 discrimine
1087 1816 1250 1901 quoslibet
1301 1817 1427 1882 invidia
1460 1826 1574 1883 oneret
1602 1817 1730 1884 Christi
1764 1838 1912 1897 servum,
1948 1818 2003 1902 qui
2032 1839 2093 1884 sua
2121 1827 2156 1882 ta
2200 1818 2273 1882 'tate

277 1905 422 1972 admittit
443 1903 484 1968 ad
507 1911 727 1983 sacramenta,
757 1903 837 1986 quin
864 1924 903 1968 ca
929 1903 1080 1987 profanet
1101 1924 1168 1968 non
1190 1901 1250 1967 du·
1302 1903 1455 1984 ostendit,
1477 1910 1516 1969 ut
1536 1903 1647 1987 populi
1669 1903 1767 1969 saluti
1787 1903 1981 1982 consuleret,
2003 1925 2038 1970 se
2055 1903 2154 1968 nimis
2177 1902 2273 1968 fuisse

279 1991 354 2058 bito.
383 1991 505 2056 Fateor
526 1989 657 2073 quidem
676 1989 910 2073 nunquamita
927 2010 1046 2072 purum
1064 2009 1251 2054 assensum
1301 1988 1463 2054 timidum.
1507 1990 1577 2056 Nec
1603 2011 1681 2056 vero
1709 1989 1847 2056 sorvoris
1874 1997 1908 2056 et
1934 1989 2203 2073 praecipitantiae
2224 2008 2273 2053 oa·

277 2077 314 2143 in
336 2075 482 2155 ecclesia,
505 2075 562 2158 qui
584 2095 698 2140 eorum
720 2074 885 2142 sanctitati
907 2076 999 2139 omni
1021 2083 1177 2157 exparte
1198 2094 1251 2138 re-
1301 2075 1462 2140 lumniam
1483 2075 1550 2141 ullo
1572 2083 1766 2159 argumento
1793 2075 1911 2142 melius
1933 2075 2058 2141 diluere
2079 2083 2226 2158 optarem
2248 2073 2275 2138 si

277 2161 450 2248 spondeat:
474 2171 507 2227 et
531 2182 592 2226 nos
613 2160 688 2244 plus
710 2162 789 2226 satis
811 2161 1001 2244 experimur
1022 2181 1121 2244 quam
1137 2159 1251 2244 prooul
1302 2169 1361 2226 tuo
1381 2182 1486 2227 essem
1507 2161 1587 2240 loco,
1609 2183 1708 2244 quam
1729 2161 1876 2246 ingenua
1896 2163 1960 2228 ista
1981 2161 2200 2227 confessione:
2228 2159 2274 2224 vi·

276 2249 363 2315 absit
391 2257 504 2314 nostra
530 2246 615 2312 ratio
645 2268 665 2311 ι
693 2245 853 2311 munditie
881 2265 963 2330 quae
983 2245 1126 2331 optanda
1147 2253 1249 2312 esset:
1303 2246 1389 2313 disse
1410 2247 1541 2330 quidem
1563 2247 1603 2313 ab
1625 2247 1718 2313 initio
1741 2269 1838 2331 quam
1866 2247 1974 2330 turpis
1995 2254 2029 2313 ct
2049 2246 2207 2330 pudenda
2228 2266 2275 2311 cs·

277 2333 335 2402 sed
354 2333 443 2399 aliud
460 2339 511 2399 est
528 2352 637 2399 sacros
654 2332 825 2398 thesauros
843 2331 1051 2398 alienissimis
1069 2330 1251 2416 quibusque
1302 2340 1354 2399 set
1384 2333 1449 2399 ista
1476 2333 1657 2418 profanatio
1688 2353 1854 2400 sacrorum
1861 2357 1870 2414 ;
1903 2331 1961 2398 sed
1992 2353 2140 2418 sperasse
2197 2351 2275 2396 unm

277 2421 483 2505 prostituere,
506 2439 606 2502 quam
622 2417 768 2502 indignis
785 2418 984 2502 permittere,
1007 2418 1064 2502 qui
1080 2419 1182 2483 arceri
1204 2417 1251 2482 le·
1304 2418 1540 2498 adolevissent,
1581 2419 1814 2486 correctionem
1852 2419 2012 2503 aliquam:
2053 2426 2151 2503 atque
2216 2437 2275 2483 ano

277 2506 393 2591 gitimo
421 2505 540 2571 iudicio
567 2511 741 2588 nequeunt
791 2503 903 2569 Nimia
930 2503 992 2569 fuit
1020 2504 1195 2569 austeritas
1215 2503 1252 2567 in
1303 2504 1404 2570 fuisse
1438 2502 1629 2570 tolerantiae
1664 2525 1810 2584 causam,
1843 2505 1920 2588 quia
1954 2504 2099 2570 malebas
2130 2503 2276 2588 profectu

278 2591 452 2659 veteribus.
504 2590 608 2672 Atqui
636 2589 747 2654 minus
776 2590 981 2654 reverentiae
1010 2588 1129 2654 deferri
1151 2589 1251 2656 sacris
1302 2590 1427 2656 sensim
1454 2590 1496 2655 ad
1522 2588 1720 2656 docilitatem
1752 2591 1902 2670 formari,
1930 2611 2030 2674 quam
2058 2610 2115 2656 eos
2142 2597 2277 2672 repente
2387 2651 2388 2666 ,

277 2677 413 2757 nostris,
441 2698 541 2760 quam
562 2675 682 2742 scimus
704 2674 782 2740 clim
804 2673 954 2740 habitum
981 2675 1081 2741 fuisse
1112 2675 1252 2758 impuris
1303 2697 1418 2760 cogere
1438 2676 1475 2742 in
1496 2675 1660 2742 ordinem:
1689 2677 1817 2742 interea
1843 2698 1910 2742 non
1938 2677 2079 2744 tacuisse
2107 2675 2223 2758 quales
2244 2683 2276 2740 tc
2387 2671 2388 2688 ¹

278 2761 581 2864 superstitionibus,
613 2760 687 2844 plus
721 2780 819 2843 quam
850 2760 1022 2844 indignum
1052 2769 1111 2827 est
1160 2761 1251 2844 Ergo
1303 2762 1476 2846 angustiae
1502 2769 1703 2845 premerent,
1738 2761 1840 2830 donec
1869 2761 1997 2828 videres
2024 2760 2193 2828 meliorem
2227 2781 2276 2826 re·

277 2850 343 2916 msi
364 2849 532 2914 internos
559 2847 668 2930 vigeat
694 2845 870 2912 discrimen
897 2845 1044 2930 aliquod,
1074 2855 1113 2912 ut
1140 2846 1251 2930 prohi-
1303 2869 1379 2913 rum
1407 2854 1546 2914 statum:
1579 2869 1667 2914 nunc
1695 2847 1799 2914 serius
1828 2855 1862 2914 et
1890 2847 2119 2915 vehementius
2147 2867 2275 2930 urgere,
2387 2897 2388 2904 ι

278 2934 419 3002 beantur
436 2933 575 3018 quisine
590 2933 774 2998 crassaDoi
790 2932 911 2997 iniuria
927 2931 1058 2998 admitti
1074 2940 1252 3016 nequeunt,
1304 2933 1459 3018 quiahoc
1481 2933 1541 3000 tibi
1562 2933 1738 3000 necessitas
1760 2940 1940 3018 extorquet
1982 2933 2056 3000 Hoc
2078 2932 2107 2998 si
2128 2954 2220 2998 nunc
2239 2931 2277 2995 li·
2387 2931 2388 2974 ³

278 3043 338 3106 pro
366 3021 514 3087 confesso
543 3039 636 3084 sumo
664 3025 734 3082 tam
763 3018 963 3102 baptismum
991 3039 1089 3102 quam
1117 3038 1253 3084 coenam
1303 3017 1381 3084 bore
1392 3020 1533 3098 testeris,
1551 3026 1804 3103 constanterque
1815 3028 1928 3102 postea
1936 3019 2080 3098 insistes,
2099 3038 2159 3084 nee
2179 3019 2279 3084 finem
2387 3029 2388 3090 Τ

278 3107 455 3190 profanari.
505 3103 698 3169 Fideiussor
724 3103 814 3169 enim
836 3104 892 3188 qui
920 3101 1128 3188 recipiendus
1147 3105 1191 3168 sit
1211 3105 1252 3170 ab
1304 3104 1445 3189 urgendi
1466 3105 1575 3182 facias,
1598 3104 1653 3172 vol
1674 3105 1856 3171 remedium
1876 3104 1971 3170 malis
1992 3105 2066 3171 istis
2087 3101 2279 3170 insanabili·

279 3191 415 3259 ecclesia
448 3191 591 3266 alienus,
633 3210 699 3254 non
729 3189 833 3255 video.
889 3188 958 3256 Sed
989 3190 1059 3273 pios
1091 3189 1253 3255 malorum
1304 3191 1365 3256 bus
1390 3191 1539 3256 inveniet
1559 3189 1668 3272 Dcus,
1702 3191 1756 3258 vel
1784 3199 1817 3257 te
1844 3190 2010 3274 expediet,
2037 3199 2076 3256 ut
2102 3197 2194 3258 certo
2222 3187 2280 3255 tibi
2387 3215 2388 3240 ι

278 3278 375 3362 culpa
396 3276 519 3360 privari
540 3275 700 3340 iniustum
722 3289 781 3341 est.
832 3273 909 3342 Scio
937 3281 976 3340 ut
1002 3274 1173 3360 apublioa
1195 3296 1252 3341 ex·
1304 3279 1350 3343 sis
1371 3278 1534 3355 conscius,
1564 3275 1720 3360 quidquid
1742 3277 1798 3342 alii
1819 3275 2024 3361 obstrepant,
2046 3275 2131 3342 nihil
2152 3285 2279 3340 temere

278 3362 573 3432 communicatione
587 3359 794 3426 abhorruerit
803 3361 1017 3445 Augustinus.
1047 3360 1133 3426 Nam
1151 3383 1252 3444 quum
1305 3363 1363 3430 abs
1385 3371 1417 3428 tc
1436 3363 1536 3429 fuisse
1558 3369 1729 3428 tentatum.
1780 3361 1878 3444 Quod
1907 3364 1936 3428 si
1965 3362 2025 3428 tibi
2043 3362 2158 3446 ¹elapsa
2180 3360 2281 3427 fucrit
2387 3365 2388 3412 i

279 3450 379 3536 vulgo
401 3454 555 3532 regnaret
576 3455 655 3512 tunc
676 3447 713 3510 in
736 3447 849 3511 Africa
870 3446 1019 3526 ebrietas,
1048 3446 1189 3530 quadam
1210 3447 1252 3513 ad
1305 3449 1387 3516 haec
1409 3448 1542 3526 occasio,
1571 3447 1756 3514 timendum
1777 3455 1827 3514 est
1848 3469 1890 3514 ne
1912 3447 2048 3532 posthac
2069 3448 2195 3514 sentias
2217 3446 2280 3512 alio
2387 3495 2388 3532 2

277 3535 449 3602 Valerium
470 3532 608 3617 epistola
628 3531 778 3597 morbum
799 3531 887 3598 hunc
906 3532 1004 3598 lentis
1026 3532 1179 3600 remediis
1200 3555 1252 3600 sa·
1304 3543 1447 3619 tequam
1458 3541 1590 3600 sancus
1600 3534 1781 3602 vocationis
1791 3533 1920 3601 vinculo
1931 3534 2037 3600 teneri
2054 3535 2281 3600 constrictum.

279 3619 429 3688 nandum
450 3619 560 3704 potius
582 3639 654 3684 esse
672 3619 848 3700 existimat,
871 3638 969 3701 quam
990 3619 1252 3685 excommunica-

279 3710 383 3787 tione,
414 3726 498 3790 quae
526 3710 631 3769 totam
658 3704 828 3769 eeclesiam
856 3703 1019 3769 convellat
1048 3723 1085 3769 ao
1107 3703 1251 3791 dissipet.

280 3791 421 3876 Semper
442 3801 554 3856 tamen
576 3787 755 3855 Videndum
782 3798 846 3870 est,
876 3811 918 3854 no
939 3790 1052 3856 fraeno
1073 3790 1183 3856 laxabo
1204 3791 1252 3856 fo·
1339 3825 1409 3881 SUB
1424 3823 1494 3879 [ΕΒ
1511 3822 1743 3880 OEREMONOES
1759 3821 1809 3876 ΕΤ
1827 3823 1876 3878 Μ
1894 3822 2078 3880 VOGfflON
2095 3823 2164 3878 ΜΒ
2182 3823 2240 3878 ffl,

279 3886 398 3946 veatur
418 3875 576 3960 peccandi
596 3875 736 3941 lieentia.
769 3876 842 3960 Ego
863 3883 902 3940 ut
919 3873 1093 3941 concedam
1114 3877 1253 3942 nimium
1270 3933 1273 3948 ,
1694 3907 1888 3976 pyqpffisy)

280 3964 424 4050 rigorem
445 3983 518 4028 esse
538 3961 806 4044 temperandum:
829 3962 1008 4046 impunitas
1029 3969 1140 4028 tamen
1161 3962 1253 4028 nullo
1461 3977 1463 3982 ·

279 4049 377 4115 modc
397 4047 533 4114 ferenda
553 4055 613 4112 est
664 4046 800 4112 Nullam
822 4068 899 4132 ergo
928 4069 998 4113 esse
1020 4046 1142 4131 legem,
1170 4069 1253 4132 quae
1391 4045 1460 4114 Sur
1488 4047 1521 4112 le
1555 4047 1667 4130 pcinct
1693 4045 1750 4112 des
1783 4046 1981 4113 ceremonias
2013 4053 2047 4112 et
2076 4053 2210 4114 surtout
2244 4045 2285 4112 dc
2387 4091 2388 4096 κ

281 4155 400 4202 coenae
422 4141 456 4199 et
474 4133 627 4217 baptismi
644 4133 851 4198 sanctitatem
874 4131 1103 4212 custodiaque
1125 4141 1253 4198 utrum·
1305 4131 1425 4218 garder
1445 4133 1494 4198 las
1515 4133 1604 4199 icurs
1626 4131 1684 4198 des
1705 4133 1818 4198 festas:

284 4241 350 4306 que
385 4219 581 4303 mysterium
611 4219 811 4302 contemptui
839 4226 873 4283 et
899 4217 1041 4284 ludibrio
1069 4220 1255 4303 expositum
1391 4219 1550 4286 Oombien
1577 4238 1639 4302 que
1666 4239 1749 4284 ceux
1775 4219 1830 4303 qui
1856 4218 2092 4302 pourchasscnt
2113 4239 2179 4283 une
2204 4239 2287 4285 con·

283 4309 335 4385 sit,
358 4305 506 4370 remissio
528 4310 579 4368 est
598 4304 733 4369 minime
755 4303 959 4370 excusabilis.
1010 4301 1109 4385 Quod
1130 4305 1254 4389 excipis
1305 4305 1436 4372 formite
1452 4305 1484 4370 ie
1501 4326 1543 4370 ne
1560 4325 1639 4389 scay
1656 4304 1762 4388 quelle
1774 4325 1850 4371 sans
1868 4305 1961 4370 avoir
1977 4302 2095 4388 esgard
2112 4324 2133 4368 a
2151 4303 2288 4369 l'ediffi-

282 4391 367 4458 nihil
393 4390 549 4474 privatim
579 4389 775 4455 tonandum
803 4411 888 4456 esse:
921 4410 1028 4474 neque
1060 4391 1160 4456 etiam
1193 4391 1254 4457 hoc
1306 4393 1412 4459 cation
1433 4390 1474 4457 dc
1495 4390 1635 4476 l’eglisc,
1663 4396 1782 4456 auront
1809 4389 1969 4455 arendre
1998 4397 2127 4473 compte
2148 4411 2168 4454 ι
2191 4389 2288 4456 Dieu

282 4478 365 4543 mihi
378 4475 544 4560 probatur,
562 4481 600 4540 ut
615 4484 737 4560 pastor,
755 4495 791 4540 re
808 4475 956 4542 nondum
970 4476 1111 4562 cognita,
1130 4498 1165 4542 se
1183 4477 1254 4542 offi-
1306 4477 1433 4544 d'avoir
1461 4497 1586 4561 nourry
1613 4476 1644 4542 le
1670 4475 1738 4542 mal
1766 4483 1799 4541 et
1827 4475 2000 4560 empeechb
2027 4475 2059 4541 le
2087 4475 2225 4542 remede
2254 4481 2289 4541 et

283 4565 332 4630 cio
353 4561 490 4640 abdicet,
512 4567 690 4644 sponteque
711 4560 841 4627 deserat
861 4562 1037 4628 stationem
1057 4584 1166 4628 suam:
1197 4583 1254 4628 ve·
1306 4565 1395 4630 aussi
1416 4583 1479 4647 que
1501 4583 1538 4628 cc
1560 4561 1624 4628 soit
1645 4583 1709 4628 une
1730 4561 1828 4628 chose
1849 4560 1930 4627 dure
1952 4569 1986 4628 et
2007 4560 2132 4646 griefvc
2161 4583 2184 4627 a
2208 4569 2288 4628 tous

282 4671 360 4716 rum
392 4648 447 4732 qui
479 4645 605 4712 sincero
632 4643 825 4712 aedificandi
851 4645 959 4714 studio
987 4645 1154 4730 praeditus
1181 4649 1254 4728 erit,

282 4737 346 4802 hcc
367 4733 483 4802 saltem
507 4733 681 4798 testabitur
702 4733 762 4798 sibi
784 4733 834 4798 fas
859 4753 926 4800 non
946 4753 1033 4814 esee,
1062 4731 1105 4798 ad
1128 4753 1255 4800 sacram
1376 4783 1403 4852 1)
1421 4784 1494 4840 Μ·
1518 4784 1552 4838 de
1576 4783 1682 4839 ΜΝ
1706 4782 1771 4839 0⁰5·
1795 4781 1859 4852 107,
1882 4783 1929 4850 m
1948 4781 1990 4836 68
2031 4783 2171 4838 mm
2198 4785 2289 4851 ⁰⁰1²&

284 4821 411 4888 Ohl'iflii
440 4839 574 4886 menam
599 4818 784 4902 Pfflmiflfflffi
811 4818 984 4884 “dmiiim
1012 4819 1069 4903 qui
1089 4818 1198 4919 palan}
1220 4841 1255 4886 ⁸⁰
1312 4851 1371 4908 Usa
1388 4853 1544 4908 tredecies
1561 4855 1629 4908 libre
1646 4853 1728 4907 d'aae
1748 4854 1839 4920 portic
1860 4851 1894 4904 de
1916 4867 1945 4908 re
1961 4857 2031 4906 ιιιιι
2051 4867 2080 4905 sc
2096 4857 2193 4906 boare
2212 4851 2291 4908 done

284 4929 381 4974 canos
402 4927 474 4972 esse
496 4903 688 4984 ostendunt,
714 4911 749 4968 et
769 4925 905 4971 excusso
927 4903 1068 4988 pudore,
1098 4927 1193 4988 quast
1213 4925 1256 4970 ex
1308 4923 1346 4977 les
1364 4921 1438 5046 Egp.
1455 4927 1481 4977 er
1499 4921 1645 4988 Responsa
1661 4921 1702 4975 ed.
1723 4920 1789 4976 Gen.
1806 4937 1833 4987 p.
1851 4917 1912 4989 348,
1931 4919 2018 4976 Laus.
2032 4937 2060 4988 p.
2078 4919 2138 4982 658,
2155 4919 2292 5056 Hm

283 4995 428 5077 professo
450 4991 684 5057 contumeliam
708 4989 856 5074 irrogant
876 4991 942 5055 Dei
969 4991 1143 5076 mysteriis.
1186 4991 1256 5058 Noc
1309 4989 1368 5072 740.
1409 4991 1530 5060 bouap.
1548 4989 1609 5058 478,
1627 4987 1832 5070 Amet-1²21&
1862 4989 1921 5044 Por
1937 4989 2183 5071 accelerares
2258 5057 2277 5072 Ι,

1309 5077 1357 5183 Ξιι
1373 5075 1490 5130 morsque
1506 5059 1577 5113 dces
1593 5059 1618 5113 le
1634 5059 1717 5125 loten,
1739 5073 1768 5112 se
1790 5063 1883 5113 bouus
1905 5073 1958 5112 une
1980 5057 2094 5112 seconde
2113 5057 2172 5124 sors
2192 5074 2293 5128 copres

1330 5143 1382 5182 ιιι
1399 5127 1424 5210 le
1442 5125 1506 5183 Coo.
1527 5127 1625 5182 Gener.
1645 5125 1704 5189 108,
1724 5127 1771 5194 sol.
1789 5125 1824 5180 61
1841 5143 1866 5181 o.
1907 5124 2004 5209 simler·
2026 5143 2045 5180 ι
2068 5122 2190 5208 ιορϊέῐς
2216 5135 2294 5184 terta

355 5195 384 5258 1)
404 5195 550 5290 1032thss
648 5193 716 5248 aad.
731 5191 798 5249 Gora
801 5192 911 5317 ⁶30319,
929 5194 1018 5250 Lora.
1025 5211 1056 5264 p.
1066 5193 1125 5264 660,
1145 5195 1257 5252 Heroo-
1304 5199 1437 5268 francons
1454 5197 1527 5252 dors
1543 5211 1599 5292 ιιιΙ
1611 5196 1661 5250 cof.
1679 5195 1712 5250 91
1731 5195 1839 5266 d'cprbs
1855 5209 1910 5248 ιιι
1926 5209 2000 5265 copae
2021 5209 2079 5250 ιιι
2097 5193 2238 5251 Arabessa
2257 5198 2293 5253 de

284 5282 315 5336 p.
335 5263 395 5332 742,
414 5263 514 5318 tbouet
529 5281 557 5332 p.
626 5301 634 5330 ‚
652 5262 741 5318 Aac
754 5279 784 5330 p.
854 5302 861 5316 .
1311 5265 1403 5321 Beroe
1417 5281 1469 5337 qus
1485 5281 1556 5322 nour
1571 5280 1686 5320 ιιυοιιι
1698 5281 1754 5335 pus
1770 5263 1915 5322 retroacte
