4804 6012
157 390 222 454 lat
1044 387 1274 458 OONSILIA.
2099 397 2161 462 158

158 597 293 644 crucem
312 579 463 645 sublatus
484 601 542 646 suo
559 579 662 663 ipsine
679 579 814 644 interitu
832 599 937 664 genus
954 580 1135 644 humanum
1186 577 1261 644 illas
1282 579 1533 664 imaginationes
1554 581 1671 663 quibus
1699 580 1842 646 mundus
1864 580 2028 647 detinetur
2049 582 2090 649 de
2111 581 2159 649 lo-

158 683 182 728 a
201 671 309 730 morte
331 666 531 748 sempiterna
551 665 740 732 vindicavit.
783 665 874 730 Hinc
895 666 1001 748 prima
1022 664 1062 729 ad
1084 667 1136 730 vi-
1188 664 1250 730 cali
1282 665 1479 749 praesentia,
1511 665 1564 732 vel
1598 665 1769 732 diffusione
1802 667 1945 750 corporis
1977 668 2158 752 gloritimti.

157 757 232 814 tam
253 751 456 816 resurrectio.
489 750 590 817 Ouios
611 752 786 834 participes
808 751 918 817 beatos
940 751 1047 816 dicere
1068 771 1136 815 non
1186 749 1301 833 Neque
1335 753 1422 816 enim
1456 751 1554 816 telem
1582 749 1707 818 Christi
1739 754 1959 836 praesentiam
1990 755 2026 819 in
2059 774 2159 821 coena

160 834 328 900 dubitavit
351 836 493 902 Ioannes
515 838 549 900 in
571 836 771 921 Apocalypsi
793 836 858 921 (20,
882 837 920 921 6)
942 835 1135 919 eosdemque
1187 836 1398 920 concipimus,
1426 857 1510 920 quae
1532 837 1584 902 vel
1607 838 1702 921 panis
1723 837 1884 903 elemento
1905 839 2013 923 ipsum
2035 840 2157 939 affigat,

159 942 183 986 a
210 929 315 986 morte
343 921 384 986 ed
411 923 513 986 vitam
542 923 711 987 transiisse
740 922 787 986 ait
814 943 881 1005 cap.
915 927 932 986 5
961 921 1135 1006 Evangelii
1187 921 1240 988 vel
1261 923 1296 986 in
1318 942 1435 1004 panem
1457 921 1613 1002 includat,
1636 923 1690 988 vel
1712 923 1776 988 alio
1799 923 1896 989 modo
1913 925 2159 992 circumscribat

159 1007 211 1086 (ι.
234 1007 298 1088 24).
333 1005 399 1088 Qui
421 1007 525 1092 igitur
545 1008 582 1072 in
598 1006 722 1074 Christi
746 1027 876 1074 crucem
892 1029 983 1093 spem
1006 1027 1135 1072 omnem
1187 1005 1284 1092 (quac
1311 1009 1422 1073 omnia
1451 1008 1582 1076 coelesti
1611 1009 1682 1074 cias
1708 1009 1831 1094 gloriae
1863 1008 2020 1095 derogare
2033 1010 2158 1110 'palam

160 1092 280 1157 salaba
301 1113 379 1158 suae
390 1095 543 1176 posuerit,
566 1094 680 1159 mortis
697 1093 859 1160 secundae
876 1113 993 1177 expers
1004 1093 1075 1172 erit,
1097 1101 1136 1157 ut
1187 1092 1250 1242 estp
1273 1093 1378 1158 nihilo
1400 1094 1499 1160 stiam
1520 1094 1641 1178 magis,
1674 1115 1756 1178 quae
1783 1116 1971 1160 mensuram
1993 1096 2043 1160 ilh
2065 1117 2158 1162 snam

159 1178 289 1260 primae
310 1179 558 1244 resurrectionis
575 1179 746 1263 particeps.
780 1178 848 1259 Qui
870 1188 982 1244 contra
1003 1185 1135 1244 tantum
1187 1199 1228 1244 aa
1243 1187 1322 1258 erat,
1346 1179 1398 1245 vel
1420 1179 1568 1263 pluribus
1589 1179 1688 1245 simul
1709 1181 1790 1246 locis
1812 1181 1991 1260 distrahat,
2019 1181 2073 1247 vel
2094 1183 2157 1248 im-

159 1263 230 1328 Dei
255 1261 449 1330 beneficium
472 1266 711 1348 contempserit,
738 1265 767 1330 is
794 1263 964 1330 Obristum
993 1264 1135 1330 iudicem
1186 1285 1334 1329 mensam
1356 1265 1406 1329 illi
1427 1265 1689 1349 magnitudinem
1710 1267 1859 1351 affingat,
1890 1287 1973 1351 quae
1994 1268 2157 1334 humanae

161 1357 234 1413 tam
254 1349 346 1432 impii
367 1371 405 1416 ac
426 1351 653 1417 contumeliosi
675 1359 884 1435 contemptus
905 1349 1046 1429 habebit,
1067 1370 1135 1414 non
1186 1357 1324 1415 naturae
1347 1352 1478 1416 veritati
1500 1373 1564 1416 non
1587 1352 1724 1417 obscura
1747 1361 1941 1438 repugnant

160 1443 275 1498 eutem
286 1435 523 1520 redemptorem
536 1436 692 1518 apublioo
709 1436 853 1502 interitu.
887 1435 983 1518 Quod
1004 1435 1135 1520 quidem
1272 1436 1343 1502 Has
1364 1437 1571 1520 exceptiones
1598 1436 1773 1520 diligenter
1797 1438 1838 1504 ad
1867 1437 2023 1522 populum
2052 1437 2156 1522 expli-

160 1518 289 1586 Christi
310 1519 464 1588 iudicium
487 1543 555 1586 non
574 1522 695 1605 publici
711 1523 863 1590 facinoris
884 1521 972 1587 illius
989 1519 1046 1588 sed
1067 1519 1135 1604 pri·
1186 1521 1254 1586 cari
1276 1542 1407 1588 necesse
1436 1531 1493 1588 est
1541 1521 1703 1587 Videmus
1730 1525 1818 1589 enim
1846 1531 1884 1588 ut
1911 1523 2061 1590 homines
2088 1525 2156 1589 fere

159 1605 235 1672 vati
255 1607 411 1690 cuiusque
432 1607 501 1672 vim
522 1607 636 1672 mortis
658 1606 819 1674 secundae
840 1606 980 1673 habebit.
1025 1605 1134 1688 Quam
1187 1606 1227 1671 de
1249 1627 1328 1672 vera
1348 1607 1411 1674 lide
1433 1629 1549 1692 parum
1571 1607 1717 1688 solliciti,
1740 1629 1804 1694 qua
1825 1609 1895 1675 sola
1916 1619 1950 1675 ct
1971 1611 2008 1674 in
2031 1608 2155 1675 Ohristi

159 1692 204 1758 ob
228 1711 298 1756 rem
320 1691 400 1760 hacc
421 1695 484 1760 erit
501 1693 661 1760 secundae
683 1695 798 1760 mortis
819 1695 918 1778 origo.
1187 1693 1373 1758 societatem
1407 1694 1632 1776 pervenimus,
1666 1701 1799 1760 etcum
1830 1696 1901 1780 ipso
1934 1696 2157 1775 cohaeremus,

717 1813 859 1880 Ioannes
882 1811 1039 1882 Calvinus
1185 1778 1282 1844 modo
1304 1779 1470 1845 carnalem
1493 1777 1618 1844 (lhristi
1639 1782 1857 1862 praesentiam
1882 1783 2034 1860 habeant,
2057 1801 2157 1864 qnam

1041 1863 1047 1878 '
1185 1863 1273 1930 ultre
1295 1865 1431 1931 verbum
1453 1885 1495 1930 ex
1516 1885 1607 1930 mera
1629 1866 1861 1948 superstitione
1878 1867 2053 1946 somniant,
2075 1867 2156 1932 satis

1185 1949 1280 2014 illum
1298 1957 1502 2034 praesentem
1524 1949 1645 2016 habere
1663 1971 1697 2016 se
1719 1959 1844 2035 putent
1878 1951 2040 2018 Videmus
2057 1953 2156 2018 etiam

275 2067 326 2124 DE
342 2067 464 2126 com
482 2069 614 2128 pomp
630 2069 761 2126 pppqqg
779 2069 1025 2140 abacelam)
1185 2035 1221 2099 in
1242 2057 1340 2120 quam
1362 2035 1581 2101 idololatriam
1603 2037 1775 2122 prolapsus
1797 2036 1846 2103 sit'
1860 2036 2011 2104 mundus.

250 2203 341 2271 Satis
374 2207 542 2285 convenit,
576 2207 813 2292 repraesentari
842 2209 877 2272 in
911 2229 1003 2274 sacra
1035 2225 1135 2272 coena

161 2289 316 2357 fidelibus
337 2293 598 2358 dommunlondm
621 2315 718 2378 quam
745 2293 868 2360 habent
894 2315 968 2360 dum
990 2292 1133 2360 (llll'lssio.
1184 2323 1235 2380 AD
1253 2323 1430 2396 QUAEDAM
1447 2324 1654 2381 DOCTRINAE
1676 2325 1807 2382 cppffl
1829 2325 2085 2396 AUQUATENUS
2102 2325 2155 2381 m,

158 2377 276 2460 Neque
298 2399 337 2442 aa
358 2398 412 2443 res
434 2381 688 2446 controversiam
711 2380 818 2445 habet.
1526 2411 1787 2468 pfflqfflpp,
1797 2411 1821 2480 ι)

248 2463 344 2529 Nunc
362 2465 531 2547 quaeritur
542 2465 747 2550 significatus
764 2463 925 2531 duntaxat
941 2465 1008 2530 illic
1020 2463 1133 2530 Ohris·

159 2557 227 2625 tue,
250 2569 288 2614 ac
310 2549 403 2632 signo
423 2558 559 2616 externo
580 2553 717 2636 figuret,
746 2573 806 2617 nos
831 2552 974 2636 corporis
996 2572 1033 2617 ac
1057 2571 1133 2615 san·
1269 2547 1485 2621 Dilectissimi
1505 2550 1632 2631 batres,
1653 2551 1732 2634 qnia
1748 2548 1894 2615 redditae
1911 2549 2005 2615 nobis
2020 2549 2156 2616 bierunt

159 2633 273 2720 guinis
294 2635 345 2700 sni
367 2656 437 2701 csse
458 2636 648 2720 participes:
679 2657 721 2701 an
744 2657 780 2704 re
808 2637 879 2722 ipsa
906 2637 1005 2703 etiem
1033 2635 1134 2700 adim·
1184 2635 1566 2718 literaevestraeqnarto
1582 2657 1694 2702 mense
1710 2644 1883 2720 postquam
1901 2634 1996 2700 datae
2016 2635 2154 2716 luerent,

158 2719 252 2804 pleat
278 2739 315 2785 ac
342 2728 486 2804 praestet
517 2721 603 2806 quod
631 2723 807 2808 promittit:
839 2743 898 2789 nos
932 2721 1056 2789 scilicet
1087 2721 1135 2788 sic
1183 2725 1304 2786 mirum
1321 2719 1415 2786 vobis
1433 2719 1538 2786 videri
1554 2741 1621 2786 non
1643 2719 1748 2802 debet,
1771 2719 1858 2806 quod
1875 2719 2002 2787 tardius
2021 2741 2156 2804 exspec-

158 2806 233 2872 lieri
254 2807 429 2890 participes
451 2808 594 2891 corporis
622 2829 660 2874 ac
689 2809 859 2893 sanguinis
888 2808 953 2886 sui,
981 2815 1019 2874 ut
1045 2814 1133 2872 totus
1184 2807 1307 2874 tatione
1328 2813 1440 2872 vestra
1462 2806 1503 2871 ad
1525 2806 1599 2873 illas
1620 2827 1813 2890 responsum
1836 2829 1856 2873 a
1877 2805 1972 2872 nobis
1992 2807 2155 2890 acceperi-

158 2901 275 2956 noster
293 2894 364 2970 fiat;
386 2913 449 2976 quo
470 2895 579 2960 omnia
600 2895 670 2960 cius
687 2893 772 2960 bona
788 2896 859 2960 iure
876 2895 971 2960 istius
988 2914 1132 2961 commu·
1183 2894 1237 2958 tis.
1281 2892 1328 2958 Ut
1350 2891 1392 2958 ad
1413 2912 1484 2957 rem
1506 2893 1691 2973 veniamus,
1721 2892 1817 2959 valde
1843 2891 1937 2958 nobis
1959 2891 2047 2958 dolet
2067 2891 2155 2976 quod

158 2978 271 3043 nionis
291 2977 334 3042 ad
355 2998 415 3043 nos
435 2979 628 3062 pertineant
1184 2979 1232 3044 ita
1258 2997 1390 3044 sursum
1416 2985 1451 3043 ct
1477 2979 1628 3044 deorsum
1656 2979 1771 3065 agitari
1799 2979 1891 3048 vobis
1913 2977 2087 3063 contingit:
2122 2985 2156 3044 et

248 3063 316 3129 Nos
338 3084 415 3129 varo
437 3066 596 3131 sentimus
618 3085 655 3132 ac
682 3065 834 3133 docemus
861 3069 1131 3150 repraesentatio-
1184 3065 1370 3148 ubicunque
1386 3062 1503 3148 pedem
1521 3063 1671 3139 tuleritis,
1691 3063 1796 3130 Satan
1813 3064 2078 3130 comminiscetur
2095 3062 2156 3130 ali-

159 3169 238 3214 nem
259 3169 374 3214 veram
396 3168 483 3216 esse:
515 3150 650 3236 ideoque
677 3153 851 3220 alfimciter
879 3151 947 3219 illic
972 3151 1130 3234 exhiberi,
1184 3149 1271 3235 qnid,
1293 3171 1357 3234 qno
1378 3147 1470 3216 vobis
1490 3171 1592 3217 novas
1613 3149 1781 3216 molestias
1801 3150 1931 3216 inierat
1963 3150 2068 3234 Atqui
2088 3170 2155 3216 non

158 3233 249 3318 quod
270 3235 365 3320 signo
387 3235 509 3302 visibili
536 3237 748 3320 promittitur.
798 3237 871 3304 Hoc
898 3245 1007 3304 autam
1036 3238 1132 3305 aliter
1184 3237 1249 3302 alia
1269 3236 1332 3302 fuit
1352 3242 1483 3319 patrum
1504 3235 1655 3314 conditio,
1682 3246 1720 3301 ut
1741 3235 1782 3301 de
1803 3257 1839 3301 se
1861 3241 2000 3302 testatur
2019 3235 2155 3314 Paulus,

155 3319 234 3386 fieri
255 3341 322 3385 non
343 3327 460 3404 potest,
483 3323 562 3406 quin
578 3321 691 3390 fideles
708 3321 786 3389 dum
806 3323 938 3410 signum
959 3325 1130 3408 recipiunt,
1184 3320 1271 3407 qnod
1301 3328 1334 3386 ct
1373 3321 1444 3404 ipse
1476 3327 1510 3386 et
1541 3320 1658 3404 reliqui
1686 3322 1733 3404 pii
1760 3321 1895 3387 incertis
1928 3319 2061 3387 sedibus
2097 3342 2155 3386 va-

157 3406 289 3489 corpori
310 3426 348 3472 ac
369 3407 523 3492 sanguini
543 3409 677 3474 Domini
699 3409 952 3490 communicent,
973 3409 1058 3494 quod
1081 3417 1132 3478 cst
1183 3417 1343 3492 gerentur
1370 3408 1415 3490 (l.
1432 3405 1506 3472 Gor.
1525 3411 1555 3486 4,
1577 3412 1639 3490 lt).
1690 3407 1765 3472 Etsi
1791 3408 1910 3492 igitur·
1926 3406 2033 3472 solum
2058 3427 2155 3490 saepe

157 3490 283 3558 babere
304 3492 477 3560 veritatem
499 3494 594 3578 signi.
1183 3494 1277 3560 vobis
1304 3489 1501 3560 vertendum
1529 3493 1587 3572 sit,
1617 3501 1651 3558 et
1683 3493 1805 3558 mutui
1832 3491 1970 3559 subinde
1997 3491 2083 3576 qood
2112 3491 2155 3556 ad

247 3580 299 3644 Ac
326 3599 368 3644 ne
395 3577 480 3646 ambi
528 3601 584 3646 um
612 3581 655 3645 sit
683 3580 769 3664 quod
796 3579 947 3660 dicimus,
976 3582 1030 3649 hic
1051 3581 1130 3650 deli·
1183 3601 1302 3664 corpus
1336 3578 1520 3662 contingat,
1554 3575 1707 3644 discenda
1739 3587 1790 3644 est
1828 3577 2043 3644 nihilominus
2075 3597 2155 3644 vora

158 3662 320 3728 niendum
345 3673 396 3730 est
422 3666 476 3749 qui
527 3667 572 3732 sit
598 3668 724 3750 corpori
753 3688 790 3734 ac
817 3668 970 3752 sanguini
996 3667 1131 3734 Domini
1183 3665 1286 3732 animi
1307 3665 1405 3729 statio
1426 3671 1460 3728 et
1480 3664 1615 3748 spiritus
1637 3664 1829 3730 constantia
1874 3665 1984 3746 Atque
2000 3663 2058 3728 illa
2079 3660 2154 3728 doo-

157 3749 411 3816 communioere.
447 3751 561 3830 Porro,
582 3772 650 3817 non
668 3753 843 3836 accipimus
863 3773 924 3838 pro
940 3753 1133 3836 simpliciter
1183 3753 1272 3816 trina
1291 3751 1327 3815 in
1349 3771 1445 3816 usum
1468 3748 1656 3816 deducenda
1677 3757 1740 3827 est,
1769 3770 1851 3832 quae
1873 3749 1950 3814 filiis
1968 3747 2034 3812 Dei
2059 3769 2153 3832 pere·

158 3833 305 3916 credere,
327 3835 385 3900 sed
407 3858 466 3920 pro
488 3859 525 3902 eo
543 3837 629 3921 quod
646 3847 696 3904 eet
713 3837 777 3904 fide
794 3839 939 3922 recipere
950 3838 1131 3920 Christum,
1184 3835 1380 3922 grinandum
1402 3855 1473 3900 esse
1499 3835 1535 3900 in
1557 3835 1680 3901 mundo
1703 3833 1820 3900 tradit:
1849 3854 1931 3918 quae
1957 3835 2055 3900 otiam
2083 3854 2154 3898 om·

158 3928 291 3986 utnon
320 3929 447 3988 tentum
477 3923 513 3988 in
539 3923 634 3989 nobis
660 3923 800 4002 habitet,
829 3945 866 3990 ac
894 3933 1042 4002 maneat,
1074 3923 1132 3992 sed
1183 3923 1281 3988 nibus
1291 3923 1354 4006 piis
1371 3921 1553 3987 communis
1564 3930 1623 4000 eat,
1646 3922 1795 4004 quamvis
1813 3920 1901 3986 illius
1918 3919 2154 4004 experientiam

159 4007 262 4072 etiarn
287 4013 327 4071 nt
355 4009 389 4071 in
417 4030 521 4074 unum
550 4030 666 4092 corpus
692 4031 766 4077 cum
793 4010 863 4094 ipso
897 4009 1130 4078 coalescamus:
1183 4009 1260 4074 unis
1281 4027 1359 4092 prae
1386 4006 1460 4072 aliis
1482 4007 1645 4071 Dominus
1672 4015 1822 4071 constare
1850 4003 1945 4082 velit,
1973 4003 2052 4070 dum
2081 4003 2155 4070 illos

160 4093 247 4158 sicut
268 4092 392 4158 Paulus
414 4093 507 4160 docet
528 4117 588 4160 nos
615 4114 686 4162 esse
713 4116 844 4161 carnem
866 4095 907 4162 de
926 4116 1024 4162 carne
1052 4097 1131 4176 eius,
1184 4093 1248 4160 huc
1270 4101 1303 4159 et
1323 4093 1400 4158 illuc
1418 4091 1640 4158 circumducit.
1673 4091 1776 4156 Vobis
1796 4093 1922 4156 interea
1942 4091 2007 4174 ipsi
2028 4099 2062 4156 et
2078 4111 2154 4156 con·

160 4199 198 4244 os
230 4176 271 4243 de
297 4179 424 4244 ossibus
451 4181 529 4246 eius.
580 4181 620 4246 Id
648 4203 749 4265 quum
777 4181 929 4248 volumus
957 4203 1131 4266 exponere,
1184 4179 1345 4256 dolemus,
1375 4185 1408 4244 et
1428 4199 1470 4242 ex
1492 4178 1601 4242 animo
1622 4185 1753 4242 vestrae
1775 4177 1891 4260 quieti,
1924 4177 1953 4242 si
1974 4197 2039 4259 qua
2060 4175 2155 4242 nobis

161 4261 303 4330 dimmus
324 4265 537 4346 spiritualiter
557 4268 637 4332 lieri.
687 4269 733 4332 Et
758 4267 896 4334 verbum
918 4267 1132 4352 spiritualiter
1184 4267 1267 4330 ratio
1290 4263 1331 4330 ad
1352 4283 1487 4328 manum
1510 4272 1604 4343 esset,
1627 4263 1810 4328 consultum
1832 4262 2004 4328 vellemus.
2038 4262 2084 4327 Et
2104 4271 2154 4328 ta·

160 4350 209 4416 sic
224 4349 489 4432 interpretamur,
508 4361 547 4416 ut
564 4351 628 4417 duc
645 4353 914 4436 comprehendat:
935 4375 1052 4438 nempe
1070 4353 1132 4418 hoc
1183 4373 1259 4417 men
1286 4351 1367 4416 haec
1395 4359 1508 4414 nostra
1535 4347 1709 4428 συμπάθεια
1742 4369 1821 4432 erga
1851 4356 1977 4413 vestrm
2005 4348 2155 4413 miserias

161 4455 234 4500 esse
265 4455 348 4518 opus
379 4437 528 4504 mirabile
562 4439 697 4521 spiritus
730 4437 849 4517 sancti,
884 4437 970 4524 qnod
1001 4449 1132 4522 captum
1184 4438 1312 4502 efficere
1333 4455 1400 4500 non
1422 4441 1540 4518 potest,
1563 4441 1601 4498 ut
1621 4453 1681 4498 vos
1699 4432 1878 4498 libaremus
1895 4433 1936 4498 ab
1958 4433 2079 4498 officio:
2103 4441 2153 4498 at-

159 4521 281 4586 mentis
303 4527 435 4587 nostrae
463 4524 599 4604 excedit,
627 4523 901 4608 quemadmodum
922 4524 1047 4590 Pardus
1074 4524 1131 4590 ad·
1183 4543 1247 4606 que
1269 4529 1307 4586 ut
1327 4521 1389 4586 hcc
1410 4520 1502 4585 nobis
1524 4517 1693 4598 accideret,
1715 4519 1800 4584 nihil
1821 4518 1909 4584 ahud
1930 4527 2026 4598 esset,
2054 4539 2153 4602 qnam

160 4607 337 4672 miratione
371 4617 539 4692 correptus
572 4609 748 4686 exclamet,
776 4630 936 4696 magnum
970 4610 1032 4677 hoc
1059 4630 1132 4676 esse
1183 4607 1275 4674 vobis
1303 4607 1471 4690 imponere
1498 4605 1592 4670 vanis
1620 4604 1802 4684 blanditiis,
1834 4625 1939 4688 neque
1965 4604 2028 4671 boc
2059 4603 2154 4670 vobis

161 4693 365 4777 mysterium.
409 4694 537 4762 Deinde
557 4695 840 4762 manducationem
864 4697 949 4762 bano
972 4719 1037 4762 non
1059 4697 1131 4762 fieri
1182 4693 1263 4776 ipsis
1285 4693 1365 4758 utile
1384 4693 1475 4756 soret.
1508 4691 1580 4755 Imo
1602 4698 1636 4756 ct
1656 4691 1718 4774 ipsi
1742 4691 1832 4757 scitis
1855 4712 1892 4756 eo
1913 4689 2019 4774 magis
2041 4711 2082 4754 ιιιι
2124 4689 2152 4754 ri

162 4777 285 4844 carnali
307 4777 414 4856 modo,
437 4791 475 4846 ut
497 4803 614 4866 corpus
636 4782 788 4848 dentibus
809 4789 978 4862 atteratur,
1000 4782 1054 4848 vel
1076 4803 1132 4848 ors
1183 4787 1330 4846 noetrmn
1351 4797 1460 4844 coram
1473 4776 1545 4841 Deo
1568 4775 1885 4857 condemnationem,
1907 4797 2009 4860 quum
2030 4775 2070 4840 ab
2083 4709 2153 4838 ἴο-

163 4862 372 4948 deglutiatur,
395 4865 449 4932 vel
469 4867 505 4930 in
528 4867 640 4934 alvum
662 4865 845 4934 descendat.
1182 4865 1326 4931 minibus
1347 4861 1472 4929 absolvi
1494 4861 1671 4928 studemus.
1709 4863 1783 4928 Non
1805 4861 1894 4926 aliud
1916 4861 2018 4946 igitur
2039 4879 2153 4942 super-

247 4947 289 5014 In
317 4947 406 5015 hunc
432 4950 565 5018 modum
594 4951 797 5020 excludimus
829 4951 986 5020 absurdae
1019 4973 1131 5018 omnes
1184 4961 1242 5030 est,
1266 4969 1364 5034 quam
1386 4955 1425 5013 ut
1450 4967 1533 5031 pure
1560 4957 1594 5014 et
1620 4948 1811 5034 simpliciter
1837 4947 2022 5030 aperiamus
2050 4945 2174 5024 vobis,¹

1184 5087 1387 5098 -.-—.-—-

162 5305 216 5362 ω
233 5239 262 5362 q)
273 5239 402 5364 pm
415 5241 445 5378 q
463 5241 536 5364 ppp.
547 5243 684 5369 ,tm
700 5243 966 5386 ,ffflffiqlff’
987 5239 1086 5296 osona
1103 5258 1128 5310 ρ.
1155 5301 1159 5354 l
1180 5167 1413 5364 ff'dlliael
1421 5167 1915 5309 pll‘lpoi‘limslffll'al'a'ffldll'
1921 5164 2029 5307 {hild
2044 5165 2153 5291 lm
