4820 6016
289 349 352 420 ild
1085 342 1348 414 emerem
1369 347 1497 412 to-te
2219 348 2269 412 111

288 534 352 604 tier
372 532 510 613 evadas,
537 533 718 624 permultos
739 533 839 600 etiam
859 534 973 601 videas
999 552 1138 616 quorum
1160 531 1262 598 animi
1402 530 1470 599 Sed
1498 532 1576 617 quia
1601 552 1756 599 veremur
1783 553 1825 600 ne
1852 552 1919 598 non
1945 531 2025 598 satis
2053 532 2198 616 cognitos
2221 555 2271 600 nes

288 618 467 686 ambitione
487 621 567 686 vieti
593 639 632 684 eo
653 619 803 702 perducti
829 627 910 686 sunt
935 627 973 685 ut
993 639 1052 702 pro
1073 617 1139 684 fide
1160 618 1262 682 simu·
1316 616 1446 694 habeas,
1469 617 1719 684 adscribendum
1741 618 1812 696 fuit,
1834 639 1888 684 me
1911 639 2024 684 eornm
2044 619 2185 684 fratrum
2204 639 2271 702 quos

288 705 445 774 lationem
467 704 630 788 quandam
653 705 901 788 amplectantur.
935 704 1031 770 Adde
1052 705 1151 770 etiam
1173 725 1262 768 sum-
1314 703 1368 770 hie
1391 703 1503 772 vidisti
1524 705 1680 772 maiorem
1702 713 1785 770 natu
1804 725 1876 770 esse
1895 703 1953 787 qui
1978 725 2014 770 se
2034 704 2165 769 Annam
2185 705 2273 770 Aure·

287 812 360 862 mae
381 791 566 874 impietates
587 799 620 855 ct
646 791 793 874 insignes
820 789 1091 868 abominationes,
1117 809 1262 872 quocun·
1314 789 1392 855 liam
1418 791 1455 856 in
1484 789 1606 873 Anglia
1639 790 1761 856 vidisse
1789 790 1954 868 narravit,
1989 797 2023 854 et
2051 790 2108 873 qui
2134 791 2273 857 utebatur

288 897 352 961 que
373 877 482 942 oculos
510 876 657 954 verteris,
681 876 735 942 hie
756 897 843 942 esse:
872 897 937 959 quo
953 876 994 940 fit
1016 884 1055 940 nt
1075 895 1180 958 neque
1205 873 1262 940 bo-
1316 874 1480 960 Geeneotio
1497 876 1711 956 familiariter,
1733 895 1831 960 quem
1849 874 1994 942 habuisti
2014 875 2065 942 tui
2085 875 2211 944 itineris
2229 897 2272 944 so·

288 983 422 1041 nomm,
447 963 555 1045 siqui
581 969 676 1041 sunt,
702 962 955 1040 consuetudine,
982 981 1090 1044 neque
1117 959 1262 1027 solitario
1313 962 1409 1028 cium.
1453 961 1547 1027 Vale.

288 1046 397 1118 sudio
426 1047 586 1113 adversus
612 1047 799 1114 huiusmodi
826 1055 982 1131 portenta
1008 1045 1181 1114 defendere
1209 1065 1262 1112 me

288 1154 414 1218 queam.
458 1133 511 1198 Ea
531 1153 630 1198 eausa
651 1133 776 1198 consilii
803 1135 869 1200 mei
890 1134 1051 1199 rationem
1073 1130 1206 1214 etquid
1228 1139 1261 1196 te

287 1219 434 1286 maxime
453 1217 563 1297 velim,
586 1217 794 1284 scribendum
815 1239 886 1285 esse
907 1218 1030 1302 putavi.
1065 1217 1177 1298 Quum
1195 1217 1261 1282 Ba·

287 1304 369 1372 silea
395 1305 566 1370 Lutetiam
592 1305 794 1386 venisses,²)
830 1303 930 1370 simul
957 1313 1055 1386 amus
1081 1301 1262 1368 adventum

287 1395 383 1455 tuum
401 1391 593 1473 accepimus,
620 1397 654 1454 te
671 1389 851 1456 salutatum
870 1391 992 1456 ivimus
1013 1390 1048 1454 in
1070 1388 1261 1472 hospitium,

287 1475 346 1540 ubi
367 1485 424 1542 tuo
446 1475 604 1558 colloquio
626 1475 675 1540 ita
697 1475 806 1541 affecti
827 1475 959 1554 fuimus,
980 1482 1018 1539 ut
1039 1481 1072 1540 te
1092 1494 1197 1539 unum
1219 1493 1260 1537 cx

286 1561 442 1626 universa
460 1560 580 1638 Gallie,
603 1581 685 1642 quac
707 1560 864 1626 latissime
885 1567 984 1643 patet,
1006 1559 1167 1625 haetenus
1188 1579 1262 1624 sus·

286 1649 444 1746 pexerim,
466 1647 514 1710 ita
534 1655 571 1710 ut
592 1645 652 1710 tibi
673 1645 709 1710 in
731 1645 946 1712 Germaniam
973 1644 1126 1710 redeunti
1147 1652 1181 1709 et
1201 1664 1261 1709 nos

285 1732 414 1798 itineris
431 1733 564 1798 comites
575 1732 702 1796 futuros
721 1732 833 1797 amieis
844 1730 1111 1814 praedixerimue,
1129 1729 1261 1795 etmihi

286 1817 383 1884 erede
405 1818 587 1896 fuissemus,
607 1817 715 1900 siper
735 1816 888 1882 morbum
910 1817 946 1881 in
967 1837 1064 1900 quom
1086 1825 1156 1898 turp
1177 1815 1261 1881 inci·
1775 1847 1826 1916 ιη.

287 1900 395 1968 dimus
416 1902 571 1969 licuisset.
604 1903 634 1967 El
656 1922 720 1985 quo
742 1902 799 1968 ubi
816 1903 959 1985 primum
981 1901 1109 1967 liberati
1128 1901 1259 1978 fuimus,

1508 1985 1843 2053 BULLINGERUS
1865 1983 2092 2052 MYOONIO.

287 1985 438 2052 dedimus
459 2007 591 2070 operam
615 1993 654 2052 ιιι
674 1989 758 2054 istue
779 1989 1072 2071 proficisceremur,
1103 1986 1202 2069 idque
1224 1993 1261 2050 ιιι

286 2091 328 2138 ex
350 2073 521 2138 voluntate
542 2073 647 2156 patris
667 2074 763 2138 lieret
790 2079 823 2138 et
850 2073 1029 2139 amicorum
1056 2070 1260 2138 sermonibus

285 2166 320 2224 et
340 2158 443 2224 literis
462 2159 672 2224 tentavimus.
705 2157 773 2224 Sed
794 2159 938 2242 primum
955 2157 1115 2222 bellorum
1136 2157 1260 2222 tumul·
1399 2155 1575 2239 Respondet
1595 2155 1638 2222 cd
1656 2155 1797 2240 Myconii
1817 2155 1924 2223 literas
1945 2155 2128 2239 quibusoam
2149 2155 2200 2224 lie
2218 2159 2273 2242 ipsi

284 2240 372 2310 tibus
393 2245 481 2310 viem
502 2244 537 2308 in
559 2243 690 2309 Italiam
711 2244 916 2328 praeclusam
938 2242 1098 2309 obiectum
1120 2249 1180 2322 ast,
1204 2242 1259 2307 de·
1315 2241 1544 2326 Confessieoom
1576 2243 1803 2308 Geaeooesiam
1834 2247 1862 2308 et
1891 2243 2054 2324 epistotae
2086 2241 2209 2310 Ooleioi
2236 2241 2273 2308 od

284 2327 364 2394 inde
391 2329 449 2394 ubi
475 2329 593 2394 Italiae
627 2330 761 2395 nemine
786 2349 840 2395 me
868 2329 1039 2396 Genavam
1073 2329 1139 2393 iter
1164 2347 1260 2411 prae·
1315 2329 1495 2412 Gaesarem
1516 2330 1742 2394 ιναιιεηιιιιναι.
1788 2325 1946 2410 messio
1966 2349 2028 2394 noa
2049 2328 2206 2412 displicet,
2232 2347 2273 2393 oe

286 2425 399 2480 taxare
427 2415 530 2480 sensit
557 2421 666 2497 pater,
695 2433 749 2480 res
776 2415 808 2480 ei
834 2414 974 2481 molesta
1000 2414 1066 2479 fuit
1092 2421 1130 2478 ut
1156 2433 1258 2496 quum
1311 2433 1384 2480 nem
1414 2421 1480 2481 tom
1505 2415 1611 2480 ordeo
1644 2414 1794 2497 mysterio
1820 2414 2006 2496 simpliciter
2037 2417 2161 2481 oeteo
2190 2433 2273 2497 poam

286 2501 446 2580 mamma,
474 2500 665 2584 monuitque
691 2508 730 2565 ut
750 2501 779 2566 si
804 2519 840 2566 se
867 2519 1012 2566 amarem
1040 2521 1083 2565 ne
1104 2498 1138 2564 id
1159 2499 1259 2564 ande·
1311 2501 1432 2567 curiose
1452 2501 1591 2566 amatori
1606 2504 1760 2580 prooem.
1809 2499 1966 2581 ριιαιιιιιιιι
1988 2501 2031 2566 od
2055 2499 2213 2583 Gorolum,
2231 2501 2273 2567 ia·

1398 1095 1438 1164 Si
1459 1097 1537 1182 quid
1555 1096 1760 1180 rescripseris
1777 1117 1857 1163 eura
1872 1095 1986 1162 literas
2004 1104 2078 1162 tuas
2097 1097 2273 1180 perferriin

1313 1181 1424 1250 vicum
1447 1195 1486 1248 ut
1506 1183 1606 1268 vulgo
1627 1191 1796 1267 receptum
1818 1191 1877 1262 eet,
1898 1183 2050 1268 magistri
2074 1183 2273 1264 (immitia

1313 1267 1411 1336 aedes
1431 1270 1549 1353 quibus
1571 1269 1705 1354 signum
1726 1269 1882 1334 trinitatis
1903 1289 2085 1352 appensum
2107 1277 2164 1335 est

1724 1405 1815 1472 uuus
1833 1403 2040 1472 Godel‘redus
2062 1413 2204 1492 quantus
2223 1411 2272 1473 ιιι

1698 1665 1901 1678 *-

286 2605 368 2652 rern.
412 2587 499 2650 Tum
520 2607 580 2670 ego
601 2605 704 2669 prope
724 2587 945 2652 exanimatus:
975 2605 1055 2650 num
1077 2605 1131 2650 me
1152 2607 1171 2650 e
1192 2585 1259 2667 pis·

287 2671 375 2737 trino
397 2671 513 2755 gallice
535 2671 698 2736 eximam?
722 2693 838 2738 nume
860 2671 999 2738 summis
1015 2671 1156 2737 miseriis
1177 2670 1258 2736 libe·

286 2755 388 2822 rabo?
420 2777 501 2820 num
523 2777 579 2822 cos
599 2756 747 2822 deseram
768 2757 824 2840 qui
845 2756 1066 2840 blasphemias
1088 2765 1122 2822 et
1142 2756 1257 2839 impie·

285 2848 371 2908 tates
392 2841 573 2908 horrendas
591 2842 749 2908 adversus
767 2841 928 2926 evangelii
946 2841 1189 2925 simplieitatem
1207 2850 1258 2906 tu-

285 2926 424 2993 tantur?
467 2927 521 2994 Ita
542 2927 673 3008 faciam,
701 2927 730 2994 si
751 2949 826 2994 sum
854 2926 986 2993 audiam
1014 2927 1070 3010 qui
1097 2927 1155 2992 ait:
1191 2925 1259 3008 Qui

1311 2589 1357 2652 ter
1375 2592 1540 2670 aramque
1556 2590 1682 2668 partem
1701 2584 1820 2651 arbiter
1841 2605 1906 2651 esee
1924 2589 2056 2652 rector.

1312 2756 1368 2826 (Elr
1385 2753 1555 2827 autographo
1572 2754 1681 2810 Archiv.
1704 2754 1793 2809 Turio
1811 2755 1883 2809 Plut
1901 2755 1950 2810 vl.
1973 2755 2026 2810 rol
2051 2754 2104 2811 129
2126 2755 2191 2812 etin
2211 2756 2273 2826 ἠιιι

1533 2825 1566 2879 Τ.
1582 2822 1624 2891 80,
1642 2823 1688 2880 tol.
1708 2822 1749 2878 lb.
1766 2851 1801 2866 -
1818 2823 1916 2880 simler
1932 2823 1987 2880 rol.
2004 2822 2062 2892 ab)

284 3012 362 3164 plue
380 3012 487 3094 diligit
515 3021 641 3096 patrem
670 3033 768 3096 quam
795 3033 849 3078 mc
874 3033 941 3079 nen
968 3020 1020 3078 est
1048 3033 1102 3079 me
1129 3011 1258 3097 dignus.
1310 2995 1353 3062 D·
1377 2995 1532 3064 0⁸W⁸ld⁰
1552 2996 1708 3082 Ml⁰⁰¹¹50
1733 2995 1874 3060 ffillssiifi
1901 2995 2103 3063 Bssssflfflmlfl
2130 2994 2273 3063 ⁰⁰0¹&

305 3107 411 3181 taque,
434 3099 559 3178 amabe,
581 3099 631 3164 lae
652 3105 690 3163 ut
710 3117 904 3183 quacunque
928 3097 1114 3166 conditione
1135 3098 1259 3183 peteris

285 3183 365 3250 hine
386 3203 569 3250 evocemur.
613 3183 707 3248 Nihil
734 3184 843 3250 oneris
872 3183 1072 3263 detrectabo,
1098 3183 1195 3249 medo
1218 3183 1258 3248 li-

285 3277 357 3336 eeat
378 3269 525 3357 publicos
545 3269 742 3354 professores
764 3269 879 3336 audire
899 3271 955 3353 qui
972 3270 1047 3336 istie
1068 3277 1156 3348 sunt,
1178 3289 1258 3353 quo·

285 3375 360 3420 rum
382 3363 415 3420 te
436 3355 545 3442 praeci
569 3377 648 3422 uum
678 3355 869 3440 acecpimus.
913 3355 1027 3438 Neque
1049 3353 1082 3436 id
1105 3376 1126 3420 a
1147 3363 1180 3420 te
1201 3375 1258 3438 pe·

155 3471 159 3482 ¹
285 3447 444 3520 teremus,
471 3442 500 3506 si
560 3441 629 3506 ium
654 3461 753 3524 quam
775 3452 911 3524 patrem,
939 3440 996 3526 qui
1017 3439 1126 3506 studia
1147 3449 1259 3506 nestra

284 3526 424 3605 iuvaret,
445 3525 648 3592 haberemus.
693 3525 761 3593 Sed
778 3526 867 3592 solus
888 3533 939 3592 est
960 3535 994 3591 et
1011 3546 1170 3606 morosus,
1198 3547 1259 3594 neo

284 3621 323 3678 ut
345 3611 387 3678 ad
409 3619 442 3676 te
463 3613 715 3696 commigremus
741 3613 912 3696 pecuniam
940 3609 1046 3692 dabit,
1073 3633 1134 3680 nec
1155 3633 1258 3694 quum
1309 3584 1330 3713 3

284 3698 370 3762 istue
401 3697 590 3764 venerimus
618 3697 735 3762 mittet.
785 3695 957 3764 Praedixit
987 3697 1022 3764 id
1054 3718 1120 3762 nen
1147 3697 1256 3764 semel.

285 3783 370 3850 Tute
392 3785 456 3850 scis
477 3805 574 3867 quam
597 3781 682 3848 male
704 3782 840 3848 audiant
861 3784 916 3866 qui
943 3781 1018 3848 istie
1042 3791 1131 3863 sunt,
1153 3805 1258 3867 neque

284 3869 463 3954 profecturi
481 3875 610 3934 tantum
632 3869 844 3951 pecuniarum
862 3867 904 3934 ab
921 3868 1034 3936 amieis
1052 3867 1257 3953 recipiemus,

285 3963 325 4020 ut
345 3977 405 4020 nos
427 3953 484 4019 diu
505 3955 580 4020 istie
608 3954 695 4019 alere
717 3953 896 4038 pessimus,
926 3951 983 4020 sed
1012 3975 1096 4038 quae
1124 3955 1259 4021 vestitui

287 4047 321 4105 et
341 4039 433 4105 libris
451 4037 677 4124 comparandis
695 4060 756 4122 par
776 4039 828 4104 sit.
866 4037 965 4120 Quod
983 4037 1025 4104 ad
1046 4041 1168 4106 vietum
1186 4062 1259 4124 pcr-

286 4125 371 4196 tinet
389 4125 487 4190 velim
508 4145 699 4210 quoeunque
713 4122 810 4191 modo
828 4125 951 4208 poteris
969 4123 1070 4210 (malo
1089 4125 1176 4190 enim
1188 4125 1261 4191 istie

286 4210 492 4292 iniquissima
513 4211 696 4276 conditione
714 4231 811 4296 agere
833 4232 931 4293 quam
953 4210 1006 4276 hie
1030 4211 1152 4294 optima
1174 4211 1260 4296 apud

286 4295 436 4360 homines
456 4297 573 4380 impios
595 4303 680 4372 esse)
710 4317 770 4380 pre
792 4295 1032 4362 necessitudine
1054 4305 1166 4363 nostra
1187 4319 1260 4380 per·

288 4381 388 4452 ficies.
433 4379 530 4461 Quod
560 4383 588 4447 si
616 4382 748 4459 feceris,
779 4403 839 4448 nos
869 4403 967 4465 quam
997 4381 1141 4464 primum
1163 4383 1205 4448 ad
1227 4391 1261 4448 tc

289 4467 502 4532 conferemus.
545 4466 658 4534 Idibus
679 4467 783 4534 Iuliis.
794 4469 822 4546 ⁸)
860 4467 953 4534 Bene
974 4467 1056 4534 vale.

717 4603 810 4670 Tuus
831 4602 1038 4670 Godofredus
1058 4603 1216 4688 Lepinus.

289 4793 493 4806 ffi-

288 4977 341 5032 ἄη
356 4905 526 5032 “afflari
540 4908 588 4964 oia
606 4908 661 4964 alie
678 4914 795 4979 teutpert
809 4873 979 4980 fieri'petoit
995 4927 1076 4982 eoam
1084 4926 1111 4967 o.
1123 4909 1191 4967 1536
1198 4919 1260 4982 poet

288 5115 330 5168 t.
352 5041 602 5195 ..tteett
622 5042 1261 5196 detestatorem

286 5187 412 5250 potuerit,
447 5183 520 5253 qaod
554 5196 620 5236 aene
645 5184 709 5238 mdc
737 5183 772 5238 ab
798 5199 823 5238 e.
855 5181 923 5236 1542
954 5201 1031 5240 aerae
1060 5187 1179 5258 cespites
1205 5189 1260 5243 eet

206 5277 208 5280 ·
287 5249 420 5317 flecteret.

511 5380 522 5422 ,1

1648 3081 1816 3148 carissimo
1832 3081 1936 3148 fratri.

1396 3217 1548 3285 Gratiam
1570 3223 1604 3282 et
1624 3217 1714 3284 vitae
1734 3217 1957 3284 innocentiam
1978 3217 2169 3294 aDomino.
2209 3217 2271 3282 Re·

1310 3303 1379 3390 cepi
1402 3303 1514 3369 literas
1536 3301 1608 3369 illas
1630 3309 1712 3382 tuas,
1735 3303 1863 3386 Myconi
1885 3303 2088 3384 doctissime,
2120 3325 2186 3370 nna
2205 3323 2272 3370 oum

1312 3389 1440 3458 Caluini
1462 3388 1503 3454 ad
1528 3389 1711 3474 Gryoeeum
1736 3397 1886 3454 nestrum
1914 3389 2058 3472 epistola,
2072 3390 2097 3474 ¹)
2126 3397 2160 3454 et
2187 3409 2271 3472 prae·

1309 3474 1490 3543 dicatorum
1502 3474 1772 3541 Gabennensium
1794 3475 2038 3541 cenfessionem.
2072 3476 2118 3541 Et
2139 3475 2272 3560 primum

1331 3561 1395 3628 uod
1416 3560 1650 3627 eoelessionem
1672 3561 1808 3640 attinet,
1838 3559 1922 3626 nihil
1949 3561 1984 3625 in
2010 3559 2083 3644 ipsa
2101 3583 2188 3628 nune
2207 3559 2271 3644 qoi-

1332 3669 1384 3713 cm
1406 3646 1501 3712 video
1523 3645 1609 3730 qued
1631 3645 1806 3729 displiceat.
1842 3643 1979 3712 Videtur
2000 3647 2089 3712 enim
2109 3647 2204 3730 plene
2220 3667 2273 3710 ex-

1309 3735 1451 3818 primere
1479 3741 1704 3797 sacrosanctae
1731 3731 1890 3797 trinitatis
1917 3732 2078 3798 unitatem
2108 3741 2143 3798 et
2169 3751 2272 3816 perso·

1310 3839 1428 3884 narum
1457 3815 1708 3884 distinctionem.
1753 3815 1850 3900 Quod
1877 3817 2010 3884 voculas
2033 3816 2272 3885 Substantiaet

1311 3905 1458 3971 Persona
1480 3903 1614 3983 attinet,
1642 3924 1709 3968 non
1736 3903 1877 3988 arbitror
1905 3903 1979 3968 illos
2008 3903 2076 3969 fere
2098 3911 2166 3968 tam
2186 3921 2271 3986 prae-

1312 3991 1430 4056 fractos
1453 3999 1490 4053 ut
1508 3987 1574 4054 illis
1595 3987 1643 4053 uti
1662 3987 1778 4068 nolint,
1800 3995 1858 4053 aut
1880 3987 1960 4054 alios
1977 3987 2018 4054 iis
2039 3997 2169 4054 utentes
2189 3987 2272 4054 dam·

1312 4097 1392 4141 nare
1419 4073 1540 4152 velint,
1570 4073 1701 4156 quande
1729 4074 1764 4138 in
1794 4075 1865 4156 ipse
1892 4073 2061 4140 intellectu
2088 4075 2213 4140 nullum
2234 4073 2273 4137 sit

1312 4161 1366 4228 vel
1387 4159 1568 4244 perieulum
1585 4159 1639 4224 vel
1660 4157 1839 4226 dissidium.
1884 4159 1984 4226 Haud
2004 4161 2088 4226 bene
2106 4160 2198 4226 cessit
2217 4175 2272 4222 ne-

1312 4247 1363 4312 bis
1383 4247 1441 4310 illa
1462 4265 1572 4329 pugna
1594 4243 1634 4309 de
1657 4246 1767 4311 verbis
1785 4243 2062 4324 Substantialiter,
2085 4247 2227 4311 Realiter
2242 4247 2273 4306 et

1312 4329 1534 4415 corporaliter
1550 4329 1679 4395 habita:
1696 4333 1837 4416 pessime
1854 4330 1954 4408 cedet,
1973 4331 2001 4396 ei
2020 4330 2271 4399 revocaverimus

1313 4419 1453 4502 priscam
1475 4415 1566 4482 illem
1584 4415 1624 4482 de
1642 4417 1768 4482 unitate
1790 4416 1991 4482 substantiae
2013 4425 2046 4482 et
2068 4433 2272 4501 personarum

1313 4503 1522 4570 distinctione
1542 4501 1579 4566 in
1600 4511 1715 4568 saneta
1740 4503 1887 4568 trinitate
1915 4501 2020 4568 multo
2046 4497 2271 4586 periculosissi-

1312 4610 1400 4654 mam
1418 4587 1680 4670 disputationem.
1710 4587 1823 4654 Satius
1840 4589 1928 4652 enim
1945 4589 2028 4652 mihi
2046 4589 2182 4664 videtur,
2198 4583 2270 4648 ade·

1312 4675 1424 4740 randis
1446 4673 1535 4739 hisee
1557 4673 1723 4758 mysteriis
1745 4683 1813 4738 tete
1836 4675 1944 4740 anime
1967 4673 2135 4755 accedere,
2160 4672 2270 4752 illaque

1312 4759 1443 4826 erodere
1471 4759 1744 4842 quemadmodum
1773 4759 1813 4824 de
1840 4758 1892 4825 his
1919 4757 2111 4843 simpliciter
2137 4757 2270 4841 loquitur

1312 4847 1483 4930 scriptura,
1506 4865 1603 4928 quam
1623 4845 1715 4912 docte
1736 4843 1900 4910 subtiliter
1920 4851 1955 4910 et
1971 4855 2067 4911 aeute
2082 4845 2119 4911 in
2139 4855 2270 4910 tremon-

1311 4931 1387 4996 dam
1413 4932 1506 4996 illam
1534 4932 1738 4996 maiestatem
1752 4952 1939 5014 *perrepere
1965 4931 2061 4996 velle
2105 4931 2170 4996 Nos
2189 4931 2271 4992 certo

1311 5017 1496 5084 curabimus
1523 5039 1565 5083 ne
1592 5017 1654 5082 hae
1686 5016 1723 5084 in
1749 5037 1786 5082 re
1817 5025 1852 5082 et
1882 5025 2016 5104 prepter
2048 5017 2178 5084 voculas
2205 5009 2271 5077 nlla

1350 5255 1395 5318 71.
1413 5255 1443 5323 1)
1461 5253 1664 5325 repremit
