4852 6022
284 314 351 376 323
1114 301 1377 370 ΕΡῙΒΤΟΙιΔΕ
1402 305 1461 366 162
2228 303 2286 366 att

285 518 324 563 se
356 494 519 561 nihildum
548 494 693 578 potuisse
731 492 772 559 de
807 494 948 558 fratrum
962 494 987 576 ¹)
1019 515 1118 560 eausa
1150 513 1262 576 agere;
1401 489 1455 554 De
1479 489 1591 556 Cestio
1612 491 1695 556 mihi
1716 491 1819 556 frater
1840 490 1881 556 ad
1903 489 2062 572 liquidum
2085 498 2286 556 narraverat.

286 581 405 664 cupido
438 579 521 644 mihi
551 581 662 644 statim
694 579 828 645 incessit
855 599 893 644 eo
923 599 1024 662 usque
1051 578 1262 646 concedendi:
1315 576 1405 642 Male
1437 597 1490 642 me
1527 576 1627 642 habet
1664 577 1722 642 illa
1757 577 1898 660 Gryaoei
1930 575 2068 642 facilitas
2103 577 2139 640 in
2176 574 2287 641 dandis

286 668 407 751 partim
430 687 472 730 ne
493 666 633 730 fratrum
655 664 744 730 salus
766 665 980 749 negligenter,
1003 671 1041 730 ut
1058 667 1097 730 tit
1117 666 1153 728 in
1171 672 1265 728 tanta
1316 662 1667 728 commendationibus:
1690 684 1751 729 nee
1773 675 1842 728 tam
1863 661 1918 727 diu
1943 661 2142 728 distulissem
2162 683 2239 728 eum
2255 683 2288 727 eo

260 762 399 818 ‘rerum
426 751 532 829 turba,
559 757 770 815 tractaretur:
799 751 919 833 partim
945 761 984 816 ut
1011 771 1084 815 cum
1115 749 1264 831 Philippo
1315 768 1421 832 agere,
1444 749 1508 814 nisi
1525 769 1590 831 quc
1608 755 1754 832 tempore
1770 748 1885 814 literae
1896 755 1971 814 tuae
1980 747 2046 814 hue
2056 757 2287 832 pervenerunt

288 836 330 902 de
357 837 515 922 religione
545 844 641 917 atque
670 836 823 902 ecelesiae
856 837 983 901 ratione
1014 843 1263 902 commentarer.
1316 833 1518 916 parcendum
1545 834 1577 898 ei
1605 835 1821 900 censuissem:
1850 833 1926 917 quia
1951 843 2023 898 tum
2052 854 2138 898 uxor
2164 833 2237 898 eius
2256 833 2288 898 in

287 923 446 1006 Utraque,
470 922 535 986 nisi
556 921 661 999 fallor,
683 923 768 987 ratio
785 921 873 987 iusta
884 922 941 988 tibi
953 921 1127 988 videbitur.
1162 923 1263 986 Acce·
1317 918 1433 984 ultimo
1450 921 1539 985 vitae
1556 919 1702 1002 periculo
1720 919 1918 999 versabatur,
1937 939 2015 984 nam
2033 917 2173 1004 gravida
2190 941 2288 1001 quum

290 1007 412 1074 debant
435 1007 597 1090 Capitonis
619 1027 656 1073 ac
678 1008 825 1072 omnium
847 1008 1065 1086 hortationes,
1095 1015 1266 1090 praeterea
1317 1013 1405 1071 esset
1430 1013 1522 1088 peste
1544 1014 1695 1090 correpta
1716 1007 1831 1071 fuerat.
1876 1004 2008 1086 Quaeso
2027 1005 2111 1070 mihi
2132 1005 2287 1088 significa,

288 1093 445 1161 comitum
462 1093 695 1176 opportunitas.
731 1093 816 1158 Nam
837 1093 1037 1178 Sturmius²)
1059 1092 1166 1158 etalii
1187 1091 1264 1157 boni
1317 1112 1382 1174 quo
1410 1113 1445 1156 se
1476 1091 1579 1158 bonus
1604 1091 1659 1158 ille
1687 1099 1721 1156 et
1741 1093 1899 1157 intractus
1921 1091 2046 1157 Christi
2067 1101 2199 1175 martyr
2220 1111 2288 1173 pro-

289 1180 353 1246 viri
375 1201 411 1244 se
432 1177 516 1243 mihi
538 1180 673 1244 comites
697 1178 931 1262 adiungebant.
1317 1177 1466 1259 ripuarit.
1500 1177 1578 1242 AN.
1589 1181 1617 1254 ὁ)
1641 1177 1737 1242 video
1759 1178 1819 1243 tibi
1841 1198 1907 1244 non
1928 1197 2045 1260 parum
2066 1176 2136 1242 fore
2156 1177 2287 1261 negotii,

375 1265 428 1330 De
464 1263 606 1328 Domino
646 1261 686 1328 de
724 1265 764 1330 N.
775 1264 804 1347 ⁸)
837 1265 947 1330 minus
984 1263 1182 1330 eredendum
1217 1272 1266 1329 est
1317 1261 1471 1344 quamdiu
1500 1263 1547 1329 sic
1573 1263 1713 1328 varicari
1737 1272 1859 1348 perget
1910 1259 1978 1328 Sed
2011 1261 2089 1344 quia
2126 1261 2201 1327 tolli
2227 1284 2288 1328 non

289 1372 388 1434 quam
415 1351 548 1416 feratur.
597 1349 693 1415 Nosti
722 1351 809 1415 enim
837 1371 935 1434 quam
964 1350 1008 1415 sit
1036 1349 1117 1414 illud
1140 1371 1264 1427 verum,
1315 1356 1431 1431 potest,
1453 1369 1584 1415 neeesse
1605 1349 1669 1414 erit
1690 1349 1831 1414 tolerari.
1866 1349 1955 1414 Puta
1976 1347 2037 1414 tihi
2054 1346 2170 1412 datum
2188 1369 2209 1414 a
2225 1349 2288 1412 Do·

288 1437 411 1502 famam
437 1435 543 1501 eundo
565 1436 653 1500 vires
675 1437 849 1519 acquirere.
893 1436 1006 1502 Unum
1034 1445 1165 1502 tantum
1188 1456 1265 1500 con·
1316 1433 1406 1498 minc
1429 1434 1486 1517 qui
1507 1435 1699 1517 patientiam
1721 1445 1812 1500 tuam
1834 1445 1992 1502 exerceat.
2036 1433 2212 1500 Habemus
2236 1433 2288 1500 tibi

289 1523 489 1589 eionatorem
514 1522 695 1604 appetebat,
718 1524 772 1604 qui
791 1521 853 1588 hae
871 1521 1120 1606 quadragesima
1137 1520 1266 1605 plebem
1317 1541 1381 1584 non
1402 1541 1538 1602 parvam
1557 1522 1707 1604 gratiam,
1729 1520 1814 1603 quod
1831 1529 1943 1586 nostro
1962 1521 2096 1585 nomine
2114 1518 2288 1586 Consulem

289 1628 385 1676 suam
406 1609 536 1690 puriore
565 1607 711 1672 doctrina
735 1606 903 1672 imbueret.
953 1609 1097 1672 Domina
1123 1607 1164 1672 R.
1188 1606 1266 1672 illue
1317 1605 1486 1672 salutaris:
1509 1627 1586 1671 nam
1608 1605 1642 1670 id
1659 1626 1789 1689 quoque
1806 1607 1913 1682 refert,
1936 1617 1973 1672 ut
1990 1605 2287 1690 intelligatutrum·

289 1715 345 1760 me
372 1693 466 1758 initio
493 1693 660 1758 invitavit:
689 1691 745 1758 sed
774 1693 850 1775 quia
876 1694 933 1758 via
959 1715 1026 1758 non
1052 1695 1130 1758 satis
1152 1702 1266 1774 aperta
1317 1712 1380 1773 que
1413 1699 1561 1757 nostrum
1592 1693 1639 1758 sie
1667 1713 1737 1758 esse
1766 1694 1977 1758 coniunctum
2002 1712 2078 1756 cum
2108 1691 2235 1758 Bueero
2259 1699 2288 1758 et

290 1778 473 1858 videbatur,
495 1779 650 1843 excusavi
679 1799 732 1842 me
757 1777 810 1844 hie
837 1779 902 1844 alia
923 1779 1094 1844 vocatione
1116 1777 1265 1856 detineri,
1322 1775 1486 1858 Capitone,
1520 1787 1559 1842 ut
1588 1777 1700 1844 omnia
1728 1779 1816 1844 inter
1848 1799 1908 1844 nos
1941 1777 2080 1844 consilia
2111 1778 2287 1842 eommuni-

290 1863 456 1930 minutula
478 1861 608 1948 quidem
630 1863 703 1942 illa,
731 1863 789 1929 sed
810 1884 894 1946 quae
917 1863 958 1928 ad
981 1885 1034 1929 me
1055 1863 1266 1948 obligandum
1317 1885 1437 1929 cemus.

289 1952 464 2016 sufficeret.
498 1950 623 2015 Ductor
642 1948 790 2016 Cloiohua
799 1949 826 2036 ⁴)
836 1950 901 2014 iam
921 1949 1101 2015 secundum
1119 1971 1266 2016 mensem
1404 1949 1457 2014 De
1479 1949 1573 2015 bonis
1595 1949 1820 2016 ecclesiasticis
1841 1950 1969 2014 utinam
1995 1949 2055 2014 tibi
2082 1970 2216 2033 possem
2235 1947 2287 2012 ali-

289 2037 402 2121 procul
431 2034 538 2114 abest,
568 2045 691 2100 utnon
721 2037 843 2118 possim
865 2056 938 2101 cum
962 2057 999 2100 eo
1022 2035 1062 2100 de
1083 2035 1187 2101 literis
1209 2058 1266 2100 er·
1318 2035 1396 2117 quid
1418 2035 1537 2100 melius
1550 2034 1715 2118 polliceri,
1738 2055 1925 2119 quanquam
1946 2043 2138 2100 nonestres
2152 2035 2286 2118 pessimo

288 2121 464 2206 postulare.
510 2119 671 2186 Causatus
694 2127 744 2186 est
766 2143 800 2186 se
821 2142 876 2186 cas
899 2121 1085 2204 deposuisse
1106 2120 1192 2204 apud
1214 2121 1265 2199 N.,
1318 2128 1422 2185 statu:
1445 2120 1590 2185 Bararus
1611 2122 1700 2186 enim
1721 2129 1814 2186 tauta
1835 2121 2017 2186 constantia
2034 2121 2168 2199 institit,
2193 2129 2230 2184 ut
2245 2121 2286 2184 vi·

288 2229 402 2282 unum,
424 2207 490 2271 nisi
509 2206 612 2284 fallor,
635 2228 677 2270 ex
698 2207 853 2272 fratribus
875 2208 932 2290 qui
955 2207 1128 2290 aliquando
1150 2217 1266 2272 eontra
1318 2205 1435 2272 deatur
1456 2206 1609 2272 nonnihil
1630 2207 1838 2288 promovisse.
1880 2206 2053 2288 Philippos
2078 2207 2176 2271 illum
2200 2205 2286 2270 initio

289 2291 526 2360 Solodorenses
539 2292 728 2357 tumultuati
745 2304 831 2357 sunt.
867 2291 969 2358 Dolet
985 2293 1068 2358 mihi
1085 2293 1266 2376 plurimum
1317 2292 1367 2356 rei
1388 2290 1581 2358 difficultate
1603 2289 1802 2358 deterrebat:
1826 2291 1985 2356 dimoveri
2003 2301 2112 2356 tamen
2143 2314 2212 2356 non
2238 2311 2287 2374 po-

289 2401 345 2444 eas
379 2377 529 2460 periisse:
570 2379 731 2461 siquidem
770 2379 875 2443 multa
920 2379 1142 2458 continebant,
1184 2399 1266 2460 quae
1318 2379 1384 2442 tuit
1405 2378 1484 2460 quin
1506 2388 1665 2461 pergeret.
1699 2377 1842 2444 Difficile
1865 2387 1972 2444 autem
1990 2377 2170 2443 videbatur
2191 2380 2286 2460 impe-

290 2467 402 2546 magni
424 2464 573 2528 interfuit
595 2484 661 2527 non
684 2464 840 2548 evulgari.
877 2465 930 2529 De
941 2465 1168 2530 coniunctione
1179 2463 1265 2547 quod
1318 2471 1421 2542 trare,
1450 2463 1603 2546 quoniam
1626 2464 1710 2530 nihil
1738 2463 1772 2528 id
1801 2464 1972 2547 Principes
1999 2463 2041 2530 ad
2070 2485 2105 2528 se
2127 2465 2286 2546 pertinere

291 2548 469 2615 suadebam
485 2569 551 2614 non
570 2557 620 2614 est
637 2549 722 2632 quod
740 2559 909 2634 tantopere
923 2551 1097 2616 averseris:
1122 2549 1266 2614 testabar
1317 2557 1451 2633 putant,
1480 2550 1537 2633 qui
1565 2547 1650 2615 bona
1672 2549 1891 2616 aeclesiastica
1912 2570 1973 2633 pro
1994 2570 2053 2616 suo
2075 2549 2214 2616 arbitrio
2236 2547 2285 2614 ad·

290 2636 380 2700 enim
402 2656 454 2700 me
476 2634 559 2698 nihil
580 2638 686 2719 magis
704 2645 827 2718 optare,
850 2657 947 2719 quam
964 2643 1003 2700 ut
1023 2635 1212 2720 longissime
1230 2657 1265 2700 se
1317 2635 1517 2700 ministrant.
1573 2635 1618 2700 Et
1651 2635 1707 2700 alii
1740 2633 1871 2718 quidem
1898 2657 1996 2720 aegre
2021 2635 2135 2700 ferunt
2162 2635 2225 2702 sibi
2251 2633 2286 2699 de

292 2719 385 2786 illine
406 2721 452 2804 pii
474 2741 587 2786 omnes
609 2720 835 2786 subducerent.
871 2721 945 2786 Hoc
962 2741 1068 2786 unum
1090 2719 1264 2786 contende·
1317 2721 1469 2786 manibus
1491 2721 1601 2788 excuti
1623 2721 1750 2788 lucrum
1780 2721 1833 2786 eui
1859 2722 1925 2786 iam
1952 2730 2180 2788 assueverunt.
2224 2719 2286 2786 Alii

290 2807 375 2886 bam,
403 2828 446 2871 ne
468 2806 641 2872 schismate
669 2804 855 2872 scinderent
882 2806 1141 2890 qualemcunque
1163 2806 1264 2872 eccle·
1317 2809 1447 2872 tametsi
1469 2806 1551 2872 nihil
1573 2808 1718 2872 iacturae
1735 2806 1866 2872 sensuri
1882 2814 1970 2886 sunt,
1992 2829 2059 2872 non
2075 2807 2174 2872 facile
2191 2803 2284 2871 addu-

289 2893 389 2959 siam:
417 2912 501 2974 quae
527 2898 694 2974 utcunque
719 2899 805 2957 esset
832 2893 1080 2975 corruptissima
1108 2891 1264 2971 moribus,
1317 2902 1451 2972 cuntur,
1480 2900 1518 2958 ut
1544 2892 1704 2960 invidiam
1734 2892 1805 2958 eius
1834 2891 1973 2971 ordinis,
2003 2913 2100 2976 quem
2134 2912 2285 2977 magnum

288 2977 446 3044 doctrinis
468 2978 566 3042 etiam
589 2978 871 3057 exoticisiuleeta‚
894 2985 1097 3044 nontamen
1119 2977 1265 3045 descive·
1317 2999 1388 3044 esee
1409 2977 1638 3046 inGermania
1657 2980 1753 3058 nosti,
1776 2978 1859 3044 inse
1876 2980 2048 3045 concitent.
2083 2977 2230 3044 Baoerus
2249 2997 2285 3042 ex

288 3071 342 3129 rat
368 3063 501 3146 penitus
530 3063 571 3128 ab
598 3083 638 3127 ea
666 3061 829 3144 doctrina,
860 3085 926 3148 qua
947 3063 1116 3130 ecclesiam
1138 3063 1266 3129 Christi
1317 3072 1447 3129 vetusta
1469 3063 1624 3128 ecclesiae
1642 3063 1876 3130 consuetudine
1898 3065 2031 3130 modum
2053 3064 2202 3147 protulit,
2229 3081 2286 3146 quo

288 3149 422 3216 fundari
449 3147 542 3213 docet
567 3147 702 3215 Paulus.
752 3147 820 3215 Sed
848 3149 925 3233 quia
952 3173 1005 3217 res
1035 3157 1086 3216 est
1108 3149 1266 3216 eiusmodi
1317 3157 1351 3214 et
1377 3148 1532 3214 ecclcsiae
1566 3158 1600 3214 et
1634 3150 1707 3233 paci
1741 3149 1889 3234 publicae
1922 3149 2059 3234 Imperii
2091 3149 2284 3215 consulatur.

289 3256 388 3320 quam
414 3234 533 3318 attingi
561 3255 627 3299 non
655 3234 825 3318 expediat,
852 3237 917 3302 nisi
943 3235 1069 3320 prolixe
1096 3244 1130 3300 et
1151 3235 1267 3300 ordine
1317 3233 1485 3316 Quoniam
1507 3255 1546 3300 ea
1566 3235 1640 3320 lege
1662 3236 1770 3320 legata
1798 3243 1875 3300 sunt
1896 3234 1992 3316 bona,
2020 3257 2103 3320 quae
2125 3236 2224 3301 hodia
2243 3242 2286 3298 te·

289 3321 489 3399 excutiatur,
510 3339 577 3385 non
598 3320 737 3386 ulterius
758 3341 952 3404 prosequar:
974 3322 1039 3388 nisi
1056 3319 1143 3404 quod
1164 3330 1265 3385 testa-
1316 3329 1400 3386 nent
1420 3321 1569 3387 canonici
1590 3321 1767 3404 primariae
1789 3321 1943 3388 ccclesiae
1964 3321 2062 3388 huius
2079 3321 2231 3400 civitatis,
2252 3329 2286 3384 ιιι

288 3417 363 3474 turn
384 3405 468 3484 volo,
489 3427 543 3471 me
562 3427 628 3472 non
646 3407 745 3472 aliam
764 3407 923 3473 fratribus
939 3407 1095 3472 unionem
1113 3406 1264 3483 suasisse,
1318 3429 1337 3472 a
1359 3406 1541 3473 Comitibus
1563 3405 1848 3486 administrentur,
1875 3407 2038 3491 permittit
2063 3417 2102 3472 ut
2124 3407 2169 3472 sit
2193 3405 2286 3473 eolle-

288 3514 390 3578 quam
411 3513 494 3576 quae
515 3491 610 3558 nobis
637 3491 763 3558 Christi
791 3493 940 3576 exemplo
961 3499 1178 3570 monstratur,
1208 3492 1266 3574 qui
1317 3493 1408 3577 gium
1430 3513 1471 3557 ex
1492 3491 1654 3558 nobilibus
1675 3492 1816 3572 familiis,
1839 3515 1859 3558 a
1876 3515 1939 3577 quo
1950 3493 2030 3559 haee
2046 3491 2284 3577 possideantur:

287 3601 353 3646 non
373 3579 536 3644 dubitavit
547 3577 610 3643 Dei
627 3579 786 3662 mysteria
803 3598 878 3643 cum
890 3578 1075 3661 deploratae
1087 3578 1266 3661 impietatis
1317 3579 1374 3661 qui
1402 3585 1514 3643 autem
1541 3577 1576 3642 in
1604 3578 1687 3644 illud
1715 3578 1889 3662 collegium
1910 3580 2125 3658 asciscentur,
2154 3600 2208 3644 eos
2229 3598 2287 3642 nec

287 3665 420 3731 Iudaeis
449 3664 653 3748 participare.
705 3665 815 3746 Atque
840 3673 879 3728 ut
903 3664 1068 3750 intelligas
1093 3685 1158 3746 qua
1185 3685 1264 3748 pru·
1317 3662 1500 3730 sacerdotes
1523 3685 1595 3729 esse
1622 3663 1713 3742 vult,
1741 3685 1801 3730 neo
1830 3665 2018 3730 canonicos:
2048 3664 2106 3730 sed
2135 3664 2287 3747 coniuges

289 3751 402 3818 dantia
422 3750 592 3816 consilium
614 3770 726 3814 meum
749 3749 973 3831 expenderint,
994 3749 1026 3814 id
1040 3771 1095 3815 eos
1105 3751 1139 3814 in
1150 3751 1265 3832 primis
1316 3751 1372 3832 qui
1396 3757 1523 3814 tantum
1546 3748 1645 3814 fidem
1659 3769 1752 3815 suam
1770 3750 1924 3816 eeclesiae
1941 3750 2120 3834 obligatam
2139 3749 2286 3826 habeant

290 3837 515 3914 exacerbavit,
544 3835 630 3919 quod
656 3835 846 3901 ministrum
875 3835 1009 3919 aplebe
1032 3835 1264 3914 discernebam,
1317 3844 1356 3900 ut
1385 3834 1427 3899 ad
1454 3835 1626 3900 tutandam
1654 3836 1757 3920 ipsius
1786 3837 1931 3919 quietem
1959 3836 2153 3920 impendant
2185 3855 2221 3900 se
2253 3855 2287 3898 ae

291 3922 450 4004 illumque
472 3921 729 4004 dispensatorem
758 3943 829 3986 esse
855 3922 1038 3992 asserebam
1061 3943 1081 3986 a
1101 3942 1166 4003 quo
1187 3941 1265 4004 pru-
1317 3921 1505 3986 suaomnia
1541 3919 1705 4001 Quoniam
1722 3922 1891 4005 episcopus
1913 3931 1962 3987 est
1982 3921 2286 4006 princepeImperii,

292 4005 403 4072 dantia
422 4017 456 4073 et
476 4006 557 4073 fides
568 4007 763 4090 requiratur.
797 4008 977 4090 Aprivatis
988 4008 1098 4072 minus
1110 4005 1266 4090 quiddam
1318 4027 1380 4072 neo
1406 4005 1477 4071 tolli
1503 4015 1610 4090 potest
1634 4007 1725 4072 loeus
1754 4007 1825 4086 ille,
1853 4008 1933 4090 quin
1953 4027 2074 4092 magno
2101 4029 2177 4074 cum
2198 4013 2286 4070 motu

293 4100 328 4156 et
353 4093 481 4159 facilius
510 4093 656 4159 dicebam
686 4091 784 4177 erigi,
812 4104 849 4157 ut
878 4115 912 4159 se
941 4093 1165 4175 unusquisque
1192 4111 1266 4175 pro-
1317 4093 1497 4175 Imperium
1528 4093 1750 4172 concutiatur,
1783 4101 1879 4176 putat
1910 4095 2065 4176 expedire
2095 4093 2182 4176 quod
2213 4091 2287 4156 olim

293 4177 398 4243 haret.
440 4178 567 4244 Verum
596 4177 645 4258 id,
673 4179 701 4243 si
725 4178 855 4244 dabitur
879 4199 988 4244 eoram
1009 4178 1157 4262 colloqui,
1179 4179 1267 4243 inter
1318 4178 1425 4256 fiebat,
1447 4177 1543 4242 utin
1565 4179 1635 4243 eius
1658 4179 1764 4244 locum
1787 4179 1939 4245 succedat
1961 4201 2002 4244 er
2014 4179 2287 4264 collegioillorum

293 4283 355 4328 nos
376 4284 477 4345 parvo
498 4266 627 4348 negotio
645 4265 854 4347 transigetur.
888 4265 983 4346 Quod
995 4264 1090 4330 video
1102 4263 1267 4329 luculenta
1319 4263 1501 4341 Comitum,
1535 4265 1586 4328 cui
1620 4273 1777 4330 maneant
1804 4265 1915 4330 salvae
1943 4267 2177 4348 possessiones,
2207 4281 2288 4346 quaa

293 4347 360 4412 Dei
381 4346 501 4414 iudicia
529 4371 687 4434 apparere
715 4351 751 4414 in
777 4351 918 4417 sonticas
947 4350 1020 4416 illas
1047 4359 1154 4433 pestes
1184 4371 1266 4433 quae
1319 4357 1398 4416 sunt
1423 4349 1521 4414 hodie
1554 4371 1654 4433 penes
1689 4351 1894 4434 episcopum:
1930 4365 2126 4434 voceturque
2152 4349 2288 4416 Vieedo-

293 4435 448 4500 miseram
471 4435 638 4501 ecclesiam
660 4435 838 4516 vexabant,
864 4437 984 4519 partim
1006 4457 1060 4501 me
1081 4435 1267 4501 consolatur
1319 4436 1437 4514 minus,
1459 4435 1544 4519 quod
1563 4436 1668 4520 magis
1685 4437 1730 4500 sit
1747 4457 1860 4501 earum
1879 4456 2083 4515 oeconomus,
2100 4457 2199 4522 quam
2215 4455 2288 4520 pro-

293 4527 472 4596 etreereat,
494 4522 614 4602 partim
636 4533 746 4588 autem
768 4524 913 4588 animum
934 4543 1046 4588 meum
1063 4520 1266 4604 perstringit,
1319 4521 1502 4604 prietarius.
1546 4522 1629 4586 laius
1651 4521 1795 4588 officium
1817 4524 1860 4588 sit
1881 4522 2050 4588 eeclesiam
2076 4524 2160 4588 tueri
2182 4522 2210 4588 si
2231 4517 2288 4586 ali·

293 4606 372 4691 quia
405 4603 500 4670 video
532 4626 598 4670 non
629 4627 764 4691 prorsus
797 4609 991 4674 offendiculo
1025 4627 1144 4674 carere.
1205 4607 1269 4672 Est
1320 4607 1426 4672 eunde
1446 4608 1669 4690 impugnetur,
1692 4616 1791 4692 atque
1812 4607 1848 4672 in
1874 4629 1951 4672 cam
1978 4629 2050 4673 rem
2078 4607 2176 4674 fidem
2197 4627 2289 4673 suam

294 4703 405 4760 umen
449 4689 582 4756 omnino
625 4693 861 4776 expetendum,
912 4705 950 4760 ut
998 4713 1127 4778 quoquc
1169 4692 1268 4758 modo
1320 4693 1447 4758 solenni
1468 4703 1670 4758 sacramento
1692 4694 1883 4778 obstringat.
1933 4694 2092 4777 Reliquae
2120 4693 2288 4760 fasmate

295 4777 467 4846 ecelesiam
490 4795 582 4841 suam
605 4777 723 4846 talibus
734 4781 954 4848 excrementis
965 4789 1085 4864 purget
1095 4779 1266 4844 Dominus.
1320 4779 1355 4844 in
1377 4799 1475 4844 usum
1496 4799 1550 4842 ma
1575 4779 1602 4844 's
1623 4779 1807 4864 legitimum
1827 4779 2027 4864 redigantur,
2050 4789 2088 4844 ut
2103 4793 2183 4846 sunt
2199 4799 2288 4862 prae-

1320 4864 1455 4944 bendae,
1478 4883 1555 4946 cape
1571 4865 1630 4943 lae,
1652 4865 1816 4948 prioratus
1834 4865 2012 4948 etreliqua.
2045 4865 2155 4932 Usum
2165 4862 2289 4948 appello

1320 4951 1426 5034 magis
1446 4949 1641 5034 legitimum,
1660 4959 1698 5016 ut
1713 4951 1874 5018 ministris
1885 4961 1919 5016 et
1936 4951 2064 5030 scholis,
2083 4951 2287 5035 pauperibus,

314 5013 378 5076 ¹⁰2·
397 5016 427 5150 ἐξ
447 5015 696 5151 fflmmme,
719 5092 750 5139 at
771 5101 804 5140 w
822 5087 1042 5143 mmmm
1061 5061 1131 5156 Q·
1144 5093 1267 5156 oppam·
1320 5035 1457 5120 aliisque
1487 5035 1640 5102 ecelesiae
1667 5036 1820 5103 oneribus
1849 5036 2062 5103 destinentur.
2111 5037 2153 5102 Id
2181 5039 2207 5101 si
2233 5033 2288 5099 ob·

397 5151 426 5218 8)
446 5151 489 5218 Os.
508 5153 545 5208 N.
564 5151 622 5216 159,
641 5158 697 5206 aot.
715 5151 739 5206 8.
1320 5161 1524 5170 '‘⁴“-

397 5221 429 5287 4)
448 5221 521 5277 loto.
539 5229 593 5277 aot.
612 5219 636 5276 7.
1422 5225 1451 5290 5)
1471 5223 1630 5279 Almoadro
1645 5224 1771 5289 fatuare.
1789 5225 1864 5280 lato.
1880 5229 1936 5280 aot.
1955 5224 1996 5278 11.
