<?xml version="1.0" encoding="UTF-8"?>
<!DOCTYPE html PUBLIC "-//W3C//DTD XHTML 1.0 Transitional//EN"
    "http://www.w3.org/TR/xhtml1/DTD/xhtml1-transitional.dtd">
<html xmlns="http://www.w3.org/1999/xhtml" xml:lang="en" lang="en">
 <head>
  <title>
</title>
<meta http-equiv="Content-Type" content="text/html;charset=utf-8" />
  <meta name='ocr-system' content='tesseract 3.04.00' />
  <meta name='ocr-capabilities' content='ocr_page ocr_carea ocr_par ocr_line ocrx_word'/>
</head>
<body>
  <div class='ocr_page' id='page_1' title='image "./ioanniscalvinio05reusgoog_0402.png"; bbox 0 0 4852 6022; ppageno 0'>
   <div class='ocr_carea' id='block_1_1' title="bbox 172 307 2169 384">
    <p class='ocr_par' dir='ltr' id='par_1_1' title="bbox 172 307 2169 384">
     <span class='ocr_line' id='line_1_1' title="bbox 172 307 2169 384; baseline 0.007 -14"><span class='ocrx_word' id='word_1_1' title='bbox 172 312 227 370; x_wconf 80' lang='lat'>381</span> <span class='ocrx_word' id='word_1_2' title='bbox 1041 314 1119 376; x_wconf 72' lang='lat'>1539</span> <span class='ocrx_word' id='word_1_3' title='bbox 1144 307 1305 380; x_wconf 76' lang='lat' dir='ltr'>OCTOB.</span> <span class='ocrx_word' id='word_1_4' title='bbox 2107 319 2169 384; x_wconf 74' lang='lat'>³82</span> 
     </span>
    </p>
   </div>
   <div class='ocr_carea' id='block_1_2' title="bbox 157 496 2172 5040">
    <p class='ocr_par' dir='ltr' id='par_1_2' title="bbox 157 496 2172 5040">
     <span class='ocr_line' id='line_1_2' title="bbox 171 496 2170 585; baseline 0.005 -23"><span class='ocrx_word' id='word_1_5' title='bbox 171 496 248 562; x_wconf 89' lang='lat' dir='ltr'>bore</span> <span class='ocrx_word' id='word_1_6' title='bbox 277 505 316 560; x_wconf 98' lang='grc' dir='ltr'>ιιι</span> <span class='ocrx_word' id='word_1_7' title='bbox 342 497 486 562; x_wconf 84' lang='lat' dir='ltr'>uduistri</span> <span class='ocrx_word' id='word_1_8' title='bbox 515 497 646 564; x_wconf 86' lang='lat' dir='ltr'>veniam</span> <span class='ocrx_word' id='word_1_9' title='bbox 672 505 881 579; x_wconf 84' lang='lat' dir='ltr'>peceatoruru</span> <span class='ocrx_word' id='word_1_10' title='bbox 910 498 974 564; x_wconf 93' lang='lat' dir='ltr'>boe</span> <span class='ocrx_word' id='word_1_11' title='bbox 998 519 1013 564; x_wconf 93' lang='lat' dir='ltr'>s</span> <span class='ocrx_word' id='word_1_12' title='bbox 1038 497 1145 564; x_wconf 91' lang='lat' dir='ltr'>mbolo</span> <span class='ocrx_word' id='word_1_13' title='bbox 1197 508 1236 564; x_wconf 92' lang='lat' dir='ltr'>ut</span> <span class='ocrx_word' id='word_1_14' title='bbox 1267 497 1353 564; x_wconf 90' lang='lat' dir='ltr'>absit</span> <span class='ocrx_word' id='word_1_15' title='bbox 1384 500 1491 566; x_wconf 90' lang='lat' dir='ltr'>omnis</span> <span class='ocrx_word' id='word_1_16' title='bbox 1523 501 1726 582; x_wconf 79' lang='lat' dir='ltr'>superstitio,</span> <span class='ocrx_word' id='word_1_17' title='bbox 1763 501 1936 585; x_wconf 87' lang='lat' dir='ltr'>meritique</span> <span class='ocrx_word' id='word_1_18' title='bbox 1967 517 2001 568; x_wconf 88' lang='lat' dir='ltr'>et</span> <span class='ocrx_word' id='word_1_19' title='bbox 2036 503 2170 574; x_wconf 79' lang='lat' dir='ltr'>virtum</span> 
     </span>
     <span class='ocr_line' id='line_1_3' title="bbox 169 581 2172 668; baseline 0.004 -22"><span class='ocrx_word' id='word_1_20' title='bbox 169 581 254 646; x_wconf 84' lang='lat' dir='ltr'>laeta</span> <span class='ocrx_word' id='word_1_21' title='bbox 282 595 487 664; x_wconf 89' lang='lat' dir='ltr'>peoeatorum</span> <span class='ocrx_word' id='word_1_22' title='bbox 517 581 735 666; x_wconf 79' lang='lat' dir='ltr'>exomologesi</span> <span class='ocrx_word' id='word_1_23' title='bbox 763 584 951 666; x_wconf 88' lang='lat' dir='ltr'>petentibus</span> <span class='ocrx_word' id='word_1_24' title='bbox 982 605 1003 648; x_wconf 89' lang='lat' dir='ltr'>a</span> <span class='ocrx_word' id='word_1_25' title='bbox 1026 583 1145 662; x_wconf 78' lang='lat' dir='ltr'>dieunt,</span> <span class='ocrx_word' id='word_1_26' title='bbox 1197 583 1332 662; x_wconf 81' lang='lat' dir='ltr'>Christi,</span> <span class='ocrx_word' id='word_1_27' title='bbox 1355 585 1409 667; x_wconf 88' lang='lat' dir='ltr'>qui</span> <span class='ocrx_word' id='word_1_28' title='bbox 1432 594 1530 668; x_wconf 89' lang='lat' dir='ltr'>eaput</span> <span class='ocrx_word' id='word_1_29' title='bbox 1559 585 1713 652; x_wconf 88' lang='lat' dir='ltr'>eoelesiao</span> <span class='ocrx_word' id='word_1_30' title='bbox 1740 607 1818 652; x_wconf 89' lang='lat' dir='ltr'>suae</span> <span class='ocrx_word' id='word_1_31' title='bbox 1846 587 1882 652; x_wconf 92' lang='lat' dir='ltr'>in</span> <span class='ocrx_word' id='word_1_32' title='bbox 1909 609 1948 652; x_wconf 92' lang='lat' dir='ltr'>ea</span> <span class='ocrx_word' id='word_1_33' title='bbox 1974 587 2085 654; x_wconf 88' lang='lat' dir='ltr'>omnia</span> <span class='ocrx_word' id='word_1_34' title='bbox 2111 611 2172 658; x_wconf 90' lang='lat' dir='ltr'>suo</span> 
     </span>
     <span class='ocr_line' id='line_1_4' title="bbox 170 668 2169 754; baseline 0.005 -22"><span class='ocrx_word' id='word_1_35' title='bbox 170 669 216 732; x_wconf 89' lang='lat' dir='ltr'>ita</span> <span class='ocrx_word' id='word_1_36' title='bbox 237 675 275 732; x_wconf 91' lang='lat' dir='ltr'>ut</span> <span class='ocrx_word' id='word_1_37' title='bbox 294 668 436 734; x_wconf 89' lang='lat' dir='ltr'>maiores</span> <span class='ocrx_word' id='word_1_38' title='bbox 457 669 560 732; x_wconf 88' lang='lat' dir='ltr'>nostri</span> <span class='ocrx_word' id='word_1_39' title='bbox 589 679 624 732; x_wconf 87' lang='lat' dir='ltr'>et</span> <span class='ocrx_word' id='word_1_40' title='bbox 643 668 780 734; x_wconf 82' lang='lat' dir='ltr'>ecelesia</span> <span class='ocrx_word' id='word_1_41' title='bbox 801 669 927 734; x_wconf 83' lang='lat' dir='ltr'>Christi</span> <span class='ocrx_word' id='word_1_42' title='bbox 952 671 1039 734; x_wconf 89' lang='lat' dir='ltr'>soliti</span> <span class='ocrx_word' id='word_1_43' title='bbox 1067 677 1146 736; x_wconf 88' lang='lat' dir='ltr'>sunt</span> <span class='ocrx_word' id='word_1_44' title='bbox 1196 669 1265 751; x_wconf 93' lang='lat' dir='ltr'>ipse</span> <span class='ocrx_word' id='word_1_45' title='bbox 1287 670 1405 751; x_wconf 88' lang='lat' dir='ltr'>spiritu</span> <span class='ocrx_word' id='word_1_46' title='bbox 1424 672 1610 754; x_wconf 78' lang='lat' dir='ltr'>virtuteque</span> <span class='ocrx_word' id='word_1_47' title='bbox 1632 671 1789 753; x_wconf 80' lang='lat' dir='ltr'>perficiet,</span> <span class='ocrx_word' id='word_1_48' title='bbox 1811 673 2004 751; x_wconf 89' lang='lat' dir='ltr'>obseuratio,</span> <span class='ocrx_word' id='word_1_49' title='bbox 2032 685 2067 740; x_wconf 89' lang='lat' dir='ltr'>et</span> <span class='ocrx_word' id='word_1_50' title='bbox 2094 696 2169 742; x_wconf 88' lang='lat' dir='ltr'>eou-</span> 
     </span>
     <span class='ocr_line' id='line_1_5' title="bbox 169 752 2170 840; baseline 0.005 -22"><span class='ocrx_word' id='word_1_51' title='bbox 169 753 284 818; x_wconf 84' lang='lat' dir='ltr'>laeere.</span> <span class='ocrx_word' id='word_1_52' title='bbox 314 752 475 818; x_wconf 83' lang='lat' dir='ltr'>Videmus</span> <span class='ocrx_word' id='word_1_53' title='bbox 492 753 581 818; x_wconf 89' lang='lat' dir='ltr'>euim</span> <span class='ocrx_word' id='word_1_54' title='bbox 599 753 777 818; x_wconf 89' lang='lat' dir='ltr'>Dominum</span> <span class='ocrx_word' id='word_1_55' title='bbox 794 753 966 820; x_wconf 87' lang='lat' dir='ltr'>Christum</span> <span class='ocrx_word' id='word_1_56' title='bbox 984 765 1017 820; x_wconf 90' lang='lat' dir='ltr'>et</span> <span class='ocrx_word' id='word_1_57' title='bbox 1032 776 1145 821; x_wconf 85' lang='lat' dir='ltr'>omnes</span> <span class='ocrx_word' id='word_1_58' title='bbox 1196 754 1365 822; x_wconf 84' lang='lat' dir='ltr'>firmandis</span> <span class='ocrx_word' id='word_1_59' title='bbox 1387 756 1656 838; x_wconf 83' lang='lat' dir='ltr'>promissionibus</span> <span class='ocrx_word' id='word_1_60' title='bbox 1676 757 1766 824; x_wconf 92' lang='lat' dir='ltr'>illius</span> <span class='ocrx_word' id='word_1_61' title='bbox 1787 758 2029 840; x_wconf 87' lang='lat' dir='ltr'>exeitaudisque</span> <span class='ocrx_word' id='word_1_62' title='bbox 2050 759 2170 828; x_wconf 89' lang='lat' dir='ltr'>animis</span> 
     </span>
     <span class='ocr_line' id='line_1_6' title="bbox 169 837 2168 926; baseline 0.003 -22"><span class='ocrx_word' id='word_1_63' title='bbox 169 839 337 906; x_wconf 87' lang='lat' dir='ltr'>ministros</span> <span class='ocrx_word' id='word_1_64' title='bbox 365 837 436 904; x_wconf 90' lang='lat' dir='ltr'>eius</span> <span class='ocrx_word' id='word_1_65' title='bbox 464 859 566 922; x_wconf 90' lang='lat' dir='ltr'>quum</span> <span class='ocrx_word' id='word_1_66' title='bbox 598 840 721 904; x_wconf 87' lang='lat' dir='ltr'>veteris</span> <span class='ocrx_word' id='word_1_67' title='bbox 747 847 819 906; x_wconf 89' lang='lat' dir='ltr'>tum</span> <span class='ocrx_word' id='word_1_68' title='bbox 847 841 925 904; x_wconf 89' lang='lat' dir='ltr'>novi</span> <span class='ocrx_word' id='word_1_69' title='bbox 954 841 1144 906; x_wconf 74' lang='lat' dir='ltr'>testamenti</span> <span class='ocrx_word' id='word_1_70' title='bbox 1197 839 2168 926; x_wconf 79' lang='lat' dir='ltr'>adsuseipiendaipsiusdonaverolideomniuofaoient,²¹)</span> 
     </span>
     <span class='ocr_line' id='line_1_7' title="bbox 171 923 2169 1014; baseline 0.003 -22"><span class='ocrx_word' id='word_1_71' title='bbox 171 927 232 992; x_wconf 90' lang='lat' dir='ltr'>boe</span> <span class='ocrx_word' id='word_1_72' title='bbox 241 923 389 1010; x_wconf 85' lang='lat' dir='ltr'>symbolo</span> <span class='ocrx_word' id='word_1_73' title='bbox 401 925 616 1006; x_wconf 90' lang='lat' dir='ltr'>impositionis</span> <span class='ocrx_word' id='word_1_74' title='bbox 626 945 792 1004; x_wconf 88' lang='lat' dir='ltr'>manuum,</span> <span class='ocrx_word' id='word_1_75' title='bbox 809 935 968 1008; x_wconf 87' lang='lat' dir='ltr'>tanquam</span> <span class='ocrx_word' id='word_1_76' title='bbox 986 927 1143 1010; x_wconf 77' lang='lat' dir='ltr'>generali,</span> <span class='ocrx_word' id='word_1_77' title='bbox 1196 945 1257 990; x_wconf 90' lang='lat' dir='ltr'>nee</span> <span class='ocrx_word' id='word_1_78' title='bbox 1278 927 1430 992; x_wconf 86' lang='lat' dir='ltr'>dieantur</span> <span class='ocrx_word' id='word_1_79' title='bbox 1450 928 1555 994; x_wconf 83' lang='lat' dir='ltr'>faeere</span> <span class='ocrx_word' id='word_1_80' title='bbox 1579 949 1680 1010; x_wconf 91' lang='lat' dir='ltr'>quum</span> <span class='ocrx_word' id='word_1_81' title='bbox 1698 950 1733 994; x_wconf 91' lang='lat' dir='ltr'>re</span> <span class='ocrx_word' id='word_1_82' title='bbox 1750 949 1831 994; x_wconf 89' lang='lat' dir='ltr'>vera</span> <span class='ocrx_word' id='word_1_83' title='bbox 1848 930 1995 996; x_wconf 88' lang='lat' dir='ltr'>serviant</span> <span class='ocrx_word' id='word_1_84' title='bbox 2011 932 2169 1014; x_wconf 88' lang='lat' dir='ltr'>supersti-</span> 
     </span>
     <span class='ocr_line' id='line_1_8' title="bbox 169 1009 2170 1084; baseline 0.002 -6"><span class='ocrx_word' id='word_1_85' title='bbox 169 1011 210 1078; x_wconf 89' lang='lat' dir='ltr'>ad</span> <span class='ocrx_word' id='word_1_86' title='bbox 232 1009 415 1076; x_wconf 90' lang='lat' dir='ltr'>reddendos</span> <span class='ocrx_word' id='word_1_87' title='bbox 436 1011 586 1076; x_wconf 91' lang='lat' dir='ltr'>homines</span> <span class='ocrx_word' id='word_1_88' title='bbox 607 1021 713 1076; x_wconf 85' lang='lat' dir='ltr'>certos</span> <span class='ocrx_word' id='word_1_89' title='bbox 737 1010 777 1076; x_wconf 92' lang='lat' dir='ltr'>de</span> <span class='ocrx_word' id='word_1_90' title='bbox 794 1012 907 1076; x_wconf 89' lang='lat' dir='ltr'>severe</span> <span class='ocrx_word' id='word_1_91' title='bbox 924 1033 962 1078; x_wconf 90' lang='lat' dir='ltr'>ao</span> <span class='ocrx_word' id='word_1_92' title='bbox 978 1010 1144 1078; x_wconf 77' lang='lat' dir='ltr'>benefimis</span> <span class='ocrx_word' id='word_1_93' title='bbox 1196 1011 1285 1076; x_wconf 88' lang='lat' dir='ltr'>tioni.</span> <span class='ocrx_word' id='word_1_94' title='bbox 1330 1011 1399 1078; x_wconf 89' lang='lat' dir='ltr'>Cur</span> <span class='ocrx_word' id='word_1_95' title='bbox 1427 1014 1516 1078; x_wconf 91' lang='lat' dir='ltr'>enim</span> <span class='ocrx_word' id='word_1_96' title='bbox 1538 1013 1768 1080; x_wconf 74' lang='lat' dir='ltr'>damnaremus</span> <span class='ocrx_word' id='word_1_97' title='bbox 1789 1015 1824 1079; x_wconf 92' lang='lat' dir='ltr'>in</span> <span class='ocrx_word' id='word_1_98' title='bbox 1846 1036 1881 1080; x_wconf 89' lang='lat' dir='ltr'>se</span> <span class='ocrx_word' id='word_1_99' title='bbox 1929 1013 1992 1082; x_wconf 94' lang='lat' dir='ltr'>uod</span> <span class='ocrx_word' id='word_1_100' title='bbox 2015 1015 2170 1084; x_wconf 85' lang='lat' dir='ltr'>Christus</span> 
     </span>
     <span class='ocr_line' id='line_1_9' title="bbox 169 1036 2170 1186; baseline 0.003 -24"><span class='ocrx_word' id='word_1_101' title='bbox 169 1095 304 1162; x_wconf 90' lang='lat' dir='ltr'>Domini</span> <span class='ocrx_word' id='word_1_102' title='bbox 316 1096 420 1179; x_wconf 88' lang='lat' dir='ltr'>adque</span> <span class='ocrx_word' id='word_1_103' title='bbox 432 1117 471 1162; x_wconf 88' lang='lat' dir='ltr'>ea</span> <span class='ocrx_word' id='word_1_104' title='bbox 481 1095 739 1162; x_wconf 88' lang='lat' dir='ltr'>ministerialiter</span> <span class='ocrx_word' id='word_1_105' title='bbox 749 1096 935 1164; x_wconf 82' lang='lat' dir='ltr'>exhibenda</span> <span class='ocrx_word' id='word_1_106' title='bbox 947 1098 1142 1164; x_wconf 86' lang='lat' dir='ltr'>usosfuisse.</span> <span class='ocrx_word' id='word_1_107' title='bbox 1196 1109 1230 1162; x_wconf 90' lang='lat' dir='ltr'>et</span> <span class='ocrx_word' id='word_1_108' title='bbox 1247 1098 1386 1180; x_wconf 87' lang='lat' dir='ltr'>apostoli</span> <span class='ocrx_word' id='word_1_109' title='bbox 1407 1107 1502 1164; x_wconf 87' lang='lat' dir='ltr'>tanta</span> <span class='ocrx_word' id='word_1_110' title='bbox 1518 1099 1676 1183; x_wconf 88' lang='lat' dir='ltr'>religione</span> <span class='ocrx_word' id='word_1_111' title='bbox 1695 1036 1932 1166; x_wconf 77' lang='lat' dir='ltr'>observarunll</span> <span class='ocrx_word' id='word_1_112' title='bbox 1959 1100 2170 1186; x_wconf 76' lang='lat' dir='ltr'>Quapropter</span> 
     </span>
     <span class='ocr_line' id='line_1_10' title="bbox 170 1181 2169 1270; baseline 0.003 -22"><span class='ocrx_word' id='word_1_113' title='bbox 170 1183 333 1248; x_wconf 88' lang='lat' dir='ltr'>Dominus</span> <span class='ocrx_word' id='word_1_114' title='bbox 354 1201 435 1248; x_wconf 87' lang='lat' dir='ltr'>sane</span> <span class='ocrx_word' id='word_1_115' title='bbox 463 1181 628 1264; x_wconf 83' lang='lat' dir='ltr'>preeundo</span> <span class='ocrx_word' id='word_1_116' title='bbox 656 1192 690 1246; x_wconf 89' lang='lat' dir='ltr'>et</span> <span class='ocrx_word' id='word_1_117' title='bbox 716 1203 833 1248; x_wconf 90' lang='lat' dir='ltr'>manus</span> <span class='ocrx_word' id='word_1_118' title='bbox 859 1183 1066 1266; x_wconf 89' lang='lat' dir='ltr'>imponendo,</span> <span class='ocrx_word' id='word_1_119' title='bbox 1095 1187 1144 1248; x_wconf 82' lang='lat' dir='ltr'>ta·</span> <span class='ocrx_word' id='word_1_120' title='bbox 1195 1182 1229 1246; x_wconf 91' lang='lat' dir='ltr'>in</span> <span class='ocrx_word' id='word_1_121' title='bbox 1263 1183 1424 1266; x_wconf 90' lang='lat' dir='ltr'>plerisque</span> <span class='ocrx_word' id='word_1_122' title='bbox 1458 1187 1578 1252; x_wconf 89' lang='lat' dir='ltr'>nostris</span> <span class='ocrx_word' id='word_1_123' title='bbox 1615 1186 1759 1252; x_wconf 80' lang='lat' dir='ltr'>ecelesiis</span> <span class='ocrx_word' id='word_1_124' title='bbox 1789 1187 1932 1254; x_wconf 90' lang='lat' dir='ltr'>ministri</span> <span class='ocrx_word' id='word_1_125' title='bbox 1964 1188 2169 1270; x_wconf 87' lang='lat' dir='ltr'>impositione</span> 
     </span>
     <span class='ocr_line' id='line_1_11' title="bbox 169 1267 2168 1356; baseline 0.003 -22"><span class='ocrx_word' id='word_1_126' title='bbox 169 1289 284 1334; x_wconf 89' lang='lat' dir='ltr'>vorem</span> <span class='ocrx_word' id='word_1_127' title='bbox 305 1269 410 1351; x_wconf 90' lang='lat' dir='ltr'>patris</span> <span class='ocrx_word' id='word_1_128' title='bbox 428 1275 463 1332; x_wconf 90' lang='lat' dir='ltr'>et</span> <span class='ocrx_word' id='word_1_129' title='bbox 479 1267 599 1332; x_wconf 91' lang='lat' dir='ltr'>donum</span> <span class='ocrx_word' id='word_1_130' title='bbox 618 1267 859 1349; x_wconf 89' lang='lat' dir='ltr'>redemptionis,</span> <span class='ocrx_word' id='word_1_131' title='bbox 882 1289 980 1351; x_wconf 89' lang='lat' dir='ltr'>quam</span> <span class='ocrx_word' id='word_1_132' title='bbox 997 1269 1143 1351; x_wconf 88' lang='lat' dir='ltr'>parabat,</span> <span class='ocrx_word' id='word_1_133' title='bbox 1195 1289 1350 1334; x_wconf 90' lang='lat' dir='ltr'>manuum</span> <span class='ocrx_word' id='word_1_134' title='bbox 1385 1267 1581 1336; x_wconf 89' lang='lat' dir='ltr'>ordinantur</span> <span class='ocrx_word' id='word_1_135' title='bbox 1606 1280 1639 1336; x_wconf 88' lang='lat' dir='ltr'>et</span> <span class='ocrx_word' id='word_1_136' title='bbox 1665 1293 1685 1336; x_wconf 92' lang='lat' dir='ltr'>a</span> <span class='ocrx_word' id='word_1_137' title='bbox 1715 1272 1855 1354; x_wconf 82' lang='lat' dir='ltr'>pereatis</span> <span class='ocrx_word' id='word_1_138' title='bbox 1882 1275 1937 1356; x_wconf 88' lang='lat' dir='ltr'>qui</span> <span class='ocrx_word' id='word_1_139' title='bbox 1961 1292 2001 1338; x_wconf 88' lang='lat' dir='ltr'>ea</span> <span class='ocrx_word' id='word_1_140' title='bbox 2029 1273 2168 1340; x_wconf 86' lang='lat' dir='ltr'>eonfessi</span> 
     </span>
     <span class='ocr_line' id='line_1_12' title="bbox 168 1350 2168 1438; baseline 0.004 -20"><span class='ocrx_word' id='word_1_141' title='bbox 168 1353 316 1420; x_wconf 86' lang='lat' dir='ltr'>eontulit.</span> <span class='ocrx_word' id='word_1_142' title='bbox 344 1353 399 1418; x_wconf 87' lang='lat' dir='ltr'>Ita</span> <span class='ocrx_word' id='word_1_143' title='bbox 409 1353 548 1436; x_wconf 87' lang='lat' dir='ltr'>apostoli</span> <span class='ocrx_word' id='word_1_144' title='bbox 559 1350 670 1418; x_wconf 89' lang='lat' dir='ltr'>eedem</span> <span class='ocrx_word' id='word_1_145' title='bbox 690 1355 784 1437; x_wconf 88' lang='lat' dir='ltr'>siguo</span> <span class='ocrx_word' id='word_1_146' title='bbox 802 1353 976 1420; x_wconf 84' lang='lat' dir='ltr'>tradebant</span> <span class='ocrx_word' id='word_1_147' title='bbox 992 1355 1144 1437; x_wconf 87' lang='lat' dir='ltr'>spiritum</span> <span class='ocrx_word' id='word_1_148' title='bbox 1195 1362 1276 1418; x_wconf 88' lang='lat' dir='ltr'>sunt</span> <span class='ocrx_word' id='word_1_149' title='bbox 1296 1363 1331 1420; x_wconf 87' lang='lat' dir='ltr'>et</span> <span class='ocrx_word' id='word_1_150' title='bbox 1351 1356 1482 1421; x_wconf 90' lang='lat' dir='ltr'>veniam</span> <span class='ocrx_word' id='word_1_151' title='bbox 1512 1365 1630 1438; x_wconf 87' lang='lat' dir='ltr'>petunt</span> <span class='ocrx_word' id='word_1_152' title='bbox 1658 1355 1882 1428; x_wconf 72' lang='lat' dir='ltr'>absolvuntur.</span> <span class='ocrx_word' id='word_1_153' title='bbox 1908 1356 1964 1424; x_wconf 90' lang='lat' dir='ltr'>sed</span> <span class='ocrx_word' id='word_1_154' title='bbox 1991 1375 2024 1424; x_wconf 82' lang='lat' dir='ltr'>et</span> <span class='ocrx_word' id='word_1_155' title='bbox 2049 1360 2168 1426; x_wconf 87' lang='lat' dir='ltr'>eonfir·</span> 
     </span>
     <span class='ocr_line' id='line_1_13' title="bbox 168 1437 2168 1527; baseline 0.003 -22"><span class='ocrx_word' id='word_1_156' title='bbox 168 1437 388 1506; x_wconf 83' lang='lat' dir='ltr'>Samaritanis</span> <span class='ocrx_word' id='word_1_157' title='bbox 421 1449 455 1504; x_wconf 83' lang='lat' dir='ltr'>et</span> <span class='ocrx_word' id='word_1_158' title='bbox 487 1438 661 1504; x_wconf 86' lang='lat' dir='ltr'>sanitatem</span> <span class='ocrx_word' id='word_1_159' title='bbox 692 1441 848 1522; x_wconf 77' lang='lat' dir='ltr'>aegrotis,</span> <span class='ocrx_word' id='word_1_160' title='bbox 882 1441 928 1506; x_wconf 91' lang='lat' dir='ltr'>sio</span> <span class='ocrx_word' id='word_1_161' title='bbox 959 1449 994 1504; x_wconf 89' lang='lat' dir='ltr'>et</span> <span class='ocrx_word' id='word_1_162' title='bbox 1020 1439 1144 1505; x_wconf 89' lang='lat' dir='ltr'>donum</span> <span class='ocrx_word' id='word_1_163' title='bbox 1194 1449 1328 1504; x_wconf 88' lang='lat' dir='ltr'>mantur</span> <span class='ocrx_word' id='word_1_164' title='bbox 1344 1441 1410 1504; x_wconf 89' lang='lat' dir='ltr'>iam</span> <span class='ocrx_word' id='word_1_165' title='bbox 1428 1441 1539 1506; x_wconf 90' lang='lat' dir='ltr'>eodem</span> <span class='ocrx_word' id='word_1_166' title='bbox 1558 1441 1706 1526; x_wconf 79' lang='lat' dir='ltr'>symbolo</span> <span class='ocrx_word' id='word_1_167' title='bbox 1722 1442 1779 1524; x_wconf 93' lang='lat' dir='ltr'>qui</span> <span class='ocrx_word' id='word_1_168' title='bbox 1796 1441 1836 1506; x_wconf 89' lang='lat' dir='ltr'>de</span> <span class='ocrx_word' id='word_1_169' title='bbox 1853 1443 2009 1527; x_wconf 88' lang='lat' dir='ltr'>religione</span> <span class='ocrx_word' id='word_1_170' title='bbox 2024 1444 2168 1510; x_wconf 88' lang='lat' dir='ltr'>instituti</span> 
     </span>
     <span class='ocr_line' id='line_1_14' title="bbox 168 1523 2167 1611; baseline 0.002 -19"><span class='ocrx_word' id='word_1_171' title='bbox 168 1527 303 1608; x_wconf 87' lang='lat' dir='ltr'>spiritus</span> <span class='ocrx_word' id='word_1_172' title='bbox 325 1525 429 1592; x_wconf 90' lang='lat' dir='ltr'>saneti</span> <span class='ocrx_word' id='word_1_173' title='bbox 450 1524 491 1590; x_wconf 93' lang='lat' dir='ltr'>iis</span> <span class='ocrx_word' id='word_1_174' title='bbox 512 1545 594 1607; x_wconf 88' lang='lat' dir='ltr'>quos</span> <span class='ocrx_word' id='word_1_175' title='bbox 615 1526 846 1607; x_wconf 85' lang='lat' dir='ltr'>praefiniebant</span> <span class='ocrx_word' id='word_1_176' title='bbox 868 1523 969 1590; x_wconf 87' lang='lat' dir='ltr'>saeris</span> <span class='ocrx_word' id='word_1_177' title='bbox 994 1526 1143 1592; x_wconf 86' lang='lat' dir='ltr'>ministe-</span> <span class='ocrx_word' id='word_1_178' title='bbox 1194 1545 1301 1590; x_wconf 88' lang='lat' dir='ltr'>eoram</span> <span class='ocrx_word' id='word_1_179' title='bbox 1325 1527 1461 1592; x_wconf 85' lang='lat' dir='ltr'>ecelesia</span> <span class='ocrx_word' id='word_1_180' title='bbox 1481 1527 1714 1608; x_wconf 76' lang='lat' dir='ltr'>professionem</span> <span class='ocrx_word' id='word_1_181' title='bbox 1732 1528 1860 1594; x_wconf 83' lang='lat' dir='ltr'>Christi</span> <span class='ocrx_word' id='word_1_182' title='bbox 1876 1529 2004 1611; x_wconf 87' lang='lat' dir='ltr'>publiea</span> <span class='ocrx_word' id='word_1_183' title='bbox 2028 1530 2167 1596; x_wconf 84' lang='lat' dir='ltr'>taeiunt:</span> 
     </span>
     <span class='ocr_line' id='line_1_15' title="bbox 168 1609 2167 1698; baseline 0.002 -22"><span class='ocrx_word' id='word_1_184' title='bbox 168 1613 235 1678; x_wconf 88' lang='lat' dir='ltr'>riis.</span> <span class='ocrx_word' id='word_1_185' title='bbox 273 1611 366 1678; x_wconf 86' lang='lat' dir='ltr'>Mose</span> <span class='ocrx_word' id='word_1_186' title='bbox 383 1631 509 1692; x_wconf 91' lang='lat' dir='ltr'>quoque</span> <span class='ocrx_word' id='word_1_187' title='bbox 524 1609 642 1676; x_wconf 90' lang='lat' dir='ltr'>Iosuae</span> <span class='ocrx_word' id='word_1_188' title='bbox 652 1610 814 1692; x_wconf 89' lang='lat' dir='ltr'>impositis</span> <span class='ocrx_word' id='word_1_189' title='bbox 825 1611 977 1678; x_wconf 89' lang='lat' dir='ltr'>manibus</span> <span class='ocrx_word' id='word_1_190' title='bbox 988 1611 1141 1676; x_wconf 81' lang='lat' dir='ltr'>initiavit</span> <span class='ocrx_word' id='word_1_191' title='bbox 1194 1631 1292 1694; x_wconf 91' lang='lat' dir='ltr'>quum</span> <span class='ocrx_word' id='word_1_192' title='bbox 1315 1612 1348 1674; x_wconf 90' lang='lat' dir='ltr'>in</span> <span class='ocrx_word' id='word_1_193' title='bbox 1367 1611 1511 1678; x_wconf 76' lang='lat' dir='ltr'>ecelesiis</span> <span class='ocrx_word' id='word_1_194' title='bbox 1529 1633 1632 1695; x_wconf 89' lang='lat' dir='ltr'>papae</span> <span class='ocrx_word' id='word_1_195' title='bbox 1650 1612 1757 1680; x_wconf 88' lang='lat' dir='ltr'>adhue</span> <span class='ocrx_word' id='word_1_196' title='bbox 1775 1614 1992 1687; x_wconf 84' lang='lat' dir='ltr'>servientibus</span> <span class='ocrx_word' id='word_1_197' title='bbox 2010 1635 2069 1698; x_wconf 90' lang='lat' dir='ltr'>pro</span> <span class='ocrx_word' id='word_1_198' title='bbox 2087 1636 2167 1681; x_wconf 90' lang='lat' dir='ltr'>vero</span> 
     </span>
     <span class='ocr_line' id='line_1_16' title="bbox 253 1694 2167 1783; baseline 0.004 -22"><span class='ocrx_word' id='word_1_199' title='bbox 253 1697 371 1778; x_wconf 86' lang='lat' dir='ltr'>ltaque</span> <span class='ocrx_word' id='word_1_200' title='bbox 387 1694 449 1762; x_wconf 88' lang='lat' dir='ltr'>hoe</span> <span class='ocrx_word' id='word_1_201' title='bbox 466 1696 560 1779; x_wconf 84' lang='lat' dir='ltr'>signo</span> <span class='ocrx_word' id='word_1_202' title='bbox 577 1695 618 1760; x_wconf 89' lang='lat' dir='ltr'>ed</span> <span class='ocrx_word' id='word_1_203' title='bbox 636 1695 821 1762; x_wconf 86' lang='lat' dir='ltr'>exhibenda</span> <span class='ocrx_word' id='word_1_204' title='bbox 838 1717 877 1762; x_wconf 90' lang='lat' dir='ltr'>ea</span> <span class='ocrx_word' id='word_1_205' title='bbox 894 1697 981 1762; x_wconf 88' lang='lat' dir='ltr'>dona</span> <span class='ocrx_word' id='word_1_206' title='bbox 998 1697 1142 1775; x_wconf 87' lang='lat' dir='ltr'>Domini,</span> <span class='ocrx_word' id='word_1_207' title='bbox 1194 1695 1288 1760; x_wconf 88' lang='lat' dir='ltr'>istius</span> <span class='ocrx_word' id='word_1_208' title='bbox 1309 1697 1451 1780; x_wconf 81' lang='lat' dir='ltr'>symboli</span> <span class='ocrx_word' id='word_1_209' title='bbox 1472 1719 1533 1764; x_wconf 91' lang='lat' dir='ltr'>usu</span> <span class='ocrx_word' id='word_1_210' title='bbox 1562 1698 1647 1763; x_wconf 91' lang='lat' dir='ltr'>nihil</span> <span class='ocrx_word' id='word_1_211' title='bbox 1675 1717 1772 1781; x_wconf 89' lang='lat' dir='ltr'>quam</span> <span class='ocrx_word' id='word_1_212' title='bbox 1797 1699 2014 1766; x_wconf 89' lang='lat' dir='ltr'>abominanda</span> <span class='ocrx_word' id='word_1_213' title='bbox 2037 1701 2167 1783; x_wconf 87' lang='lat' dir='ltr'>quidem</span> 
     </span>
     <span class='ocr_line' id='line_1_17' title="bbox 167 1780 2166 1869; baseline 0.002 -21"><span class='ocrx_word' id='word_1_214' title='bbox 167 1803 306 1866; x_wconf 89' lang='lat' dir='ltr'>quorum</span> <span class='ocrx_word' id='word_1_215' title='bbox 329 1780 488 1846; x_wconf 87' lang='lat' dir='ltr'>habemus</span> <span class='ocrx_word' id='word_1_216' title='bbox 515 1791 621 1848; x_wconf 84' lang='lat' dir='ltr'>certas</span> <span class='ocrx_word' id='word_1_217' title='bbox 642 1783 881 1864; x_wconf 88' lang='lat' dir='ltr'>promissiones,</span> <span class='ocrx_word' id='word_1_218' title='bbox 910 1784 960 1848; x_wconf 90' lang='lat' dir='ltr'>uti</span> <span class='ocrx_word' id='word_1_219' title='bbox 990 1783 1143 1848; x_wconf 80' lang='lat' dir='ltr'>eeclesias</span> <span class='ocrx_word' id='word_1_220' title='bbox 1194 1783 1382 1864; x_wconf 86' lang='lat' dir='ltr'>superstitio</span> <span class='ocrx_word' id='word_1_221' title='bbox 1404 1792 1436 1847; x_wconf 92' lang='lat' dir='ltr'>ot</span> <span class='ocrx_word' id='word_1_222' title='bbox 1458 1783 1633 1850; x_wconf 88' lang='lat' dir='ltr'>ludibrium</span> <span class='ocrx_word' id='word_1_223' title='bbox 1662 1783 1824 1866; x_wconf 90' lang='lat' dir='ltr'>quoddam</span> <span class='ocrx_word' id='word_1_224' title='bbox 1853 1785 2047 1852; x_wconf 82' lang='lat' dir='ltr'>exhibeat-ur</span> <span class='ocrx_word' id='word_1_225' title='bbox 2073 1808 2166 1869; x_wconf 85' lang='lat' dir='ltr'>prae-</span> 
     </span>
     <span class='ocr_line' id='line_1_18' title="bbox 167 1867 1641 1950; baseline 0 -16"><span class='ocrx_word' id='word_1_226' title='bbox 167 1868 356 1934; x_wconf 88' lang='lat' dir='ltr'>salutaritor</span> <span class='ocrx_word' id='word_1_227' title='bbox 381 1888 475 1950; x_wconf 92' lang='lat' dir='ltr'>posse</span> <span class='ocrx_word' id='word_1_228' title='bbox 502 1867 693 1946; x_wconf 88' lang='lat' dir='ltr'>iudieamus,</span> <span class='ocrx_word' id='word_1_229' title='bbox 722 1889 918 1950; x_wconf 87' lang='lat' dir='ltr'>quamquam</span> <span class='ocrx_word' id='word_1_230' title='bbox 948 1867 988 1934; x_wconf 92' lang='lat' dir='ltr'>de</span> <span class='ocrx_word' id='word_1_231' title='bbox 1015 1889 1053 1934; x_wconf 90' lang='lat' dir='ltr'>eo</span> <span class='ocrx_word' id='word_1_232' title='bbox 1080 1890 1142 1936; x_wconf 91' lang='lat' dir='ltr'>nee</span> <span class='ocrx_word' id='word_1_233' title='bbox 1193 1867 1308 1934; x_wconf 88' lang='lat' dir='ltr'>sertim</span> <span class='ocrx_word' id='word_1_234' title='bbox 1329 1868 1363 1932; x_wconf 94' lang='lat' dir='ltr'>in</span> <span class='ocrx_word' id='word_1_235' title='bbox 1385 1870 1641 1936; x_wconf 85' lang='lat' dir='ltr'>oonfirmau&#39;one.</span> 
     </span>
     <span class='ocr_line' id='line_1_19' title="bbox 167 1951 1141 2036; baseline 0.002 -18"><span class='ocrx_word' id='word_1_236' title='bbox 167 1953 303 2018; x_wconf 91' lang='lat' dir='ltr'>Domini</span> <span class='ocrx_word' id='word_1_237' title='bbox 336 1973 398 2017; x_wconf 89' lang='lat' dir='ltr'>nee</span> <span class='ocrx_word' id='word_1_238' title='bbox 429 1951 649 2035; x_wconf 90' lang='lat' dir='ltr'>apostolorum</span> <span class='ocrx_word' id='word_1_239' title='bbox 679 1951 869 2018; x_wconf 88' lang='lat' dir='ltr'>mandatum</span> <span class='ocrx_word' id='word_1_240' title='bbox 902 1961 1022 2020; x_wconf 86' lang='lat' dir='ltr'>exstet:</span> <span class='ocrx_word' id='word_1_241' title='bbox 1055 1954 1141 2036; x_wconf 90' lang='lat' dir='ltr'>quod</span> 
     </span>
     <span class='ocr_line' id='line_1_20' title="bbox 167 2009 1744 2121; baseline 0.001 -17"><span class='ocrx_word' id='word_1_242' title='bbox 167 2041 257 2104; x_wconf 89' lang='lat' dir='ltr'>anim</span> <span class='ocrx_word' id='word_1_243' title='bbox 285 2039 449 2104; x_wconf 90' lang='lat' dir='ltr'>Dominus</span> <span class='ocrx_word' id='word_1_244' title='bbox 476 2047 511 2102; x_wconf 91' lang='lat' dir='ltr'>et</span> <span class='ocrx_word' id='word_1_245' title='bbox 538 2037 675 2121; x_wconf 89' lang='lat' dir='ltr'>apostoli</span> <span class='ocrx_word' id='word_1_246' title='bbox 709 2048 781 2102; x_wconf 92' lang='lat' dir='ltr'>tum</span> <span class='ocrx_word' id='word_1_247' title='bbox 809 2039 944 2104; x_wconf 79' lang='lat' dir='ltr'>enclesis</span> <span class='ocrx_word' id='word_1_248' title='bbox 970 2049 1067 2104; x_wconf 87' lang='lat' dir='ltr'>vetus</span> <span class='ocrx_word' id='word_1_249' title='bbox 1094 2041 1141 2106; x_wconf 93' lang='lat' dir='ltr'>sio</span> <span class='ocrx_word' id='word_1_250' title='bbox 1620 2009 1691 2070; x_wconf 50' lang='lat' dir='ltr'>All·</span> <span class='ocrx_word' id='word_1_251' title='bbox 1717 2009 1744 2070; x_wconf 74' lang='grc'>6·</span> 
     </span>
     <span class='ocr_line' id='line_1_21' title="bbox 166 2122 2167 2208; baseline 0.002 -18"><span class='ocrx_word' id='word_1_252' title='bbox 166 2129 230 2192; x_wconf 90' lang='lat' dir='ltr'>isto</span> <span class='ocrx_word' id='word_1_253' title='bbox 251 2123 401 2208; x_wconf 81' lang='lat' dir='ltr'>symbolo</span> <span class='ocrx_word' id='word_1_254' title='bbox 424 2125 473 2190; x_wconf 87' lang='lat' dir='ltr'>usi</span> <span class='ocrx_word' id='word_1_255' title='bbox 497 2133 583 2198; x_wconf 87' lang='lat' dir='ltr'>sunt,</span> <span class='ocrx_word' id='word_1_256' title='bbox 612 2122 648 2188; x_wconf 94' lang='lat' dir='ltr'>id</span> <span class='ocrx_word' id='word_1_257' title='bbox 670 2123 762 2190; x_wconf 91' lang='lat' dir='ltr'>nobis</span> <span class='ocrx_word' id='word_1_258' title='bbox 784 2125 863 2190; x_wconf 87' lang='lat' dir='ltr'>satis</span> <span class='ocrx_word' id='word_1_259' title='bbox 891 2125 1035 2190; x_wconf 86' lang='lat' dir='ltr'>ostendit</span> <span class='ocrx_word' id='word_1_260' title='bbox 1063 2124 1141 2206; x_wconf 91' lang='lat' dir='ltr'>quid</span> <span class='ocrx_word' id='word_1_261' title='bbox 1277 2123 1435 2190; x_wconf 88' lang='lat' dir='ltr'>Monebat</span> <span class='ocrx_word' id='word_1_262' title='bbox 1462 2125 1615 2206; x_wconf 89' lang='lat' dir='ltr'>deinoeps</span> <span class='ocrx_word' id='word_1_263' title='bbox 1647 2126 1787 2191; x_wconf 82' lang='lat' dir='ltr'>Carolus</span> <span class='ocrx_word' id='word_1_264' title='bbox 1822 2125 1861 2191; x_wconf 94' lang='lat' dir='ltr'>de</span> <span class='ocrx_word' id='word_1_265' title='bbox 1893 2127 2096 2193; x_wconf 82' lang='lat' dir='ltr'>consessione</span> <span class='ocrx_word' id='word_1_266' title='bbox 2132 2139 2167 2194; x_wconf 88' lang='lat' dir='ltr'>st</span> 
     </span>
     <span class='ocr_line' id='line_1_22' title="bbox 167 2206 2166 2297; baseline 0 -19"><span class='ocrx_word' id='word_1_267' title='bbox 167 2211 228 2278; x_wconf 87' lang='lat' dir='ltr'>hao</span> <span class='ocrx_word' id='word_1_268' title='bbox 250 2210 287 2276; x_wconf 90' lang='lat' dir='ltr'>in</span> <span class='ocrx_word' id='word_1_269' title='bbox 307 2231 344 2276; x_wconf 91' lang='lat' dir='ltr'>re</span> <span class='ocrx_word' id='word_1_270' title='bbox 366 2229 433 2274; x_wconf 93' lang='lat' dir='ltr'>non</span> <span class='ocrx_word' id='word_1_271' title='bbox 447 2208 488 2294; x_wconf 77' lang='lat'>¹⁹)</span> <span class='ocrx_word' id='word_1_272' title='bbox 510 2209 668 2293; x_wconf 89' lang='lat' dir='ltr'>probetur</span> <span class='ocrx_word' id='word_1_273' title='bbox 688 2223 722 2275; x_wconf 88' lang='lat' dir='ltr'>et</span> <span class='ocrx_word' id='word_1_274' title='bbox 743 2223 841 2292; x_wconf 87' lang='lat' dir='ltr'>queat</span> <span class='ocrx_word' id='word_1_275' title='bbox 861 2230 882 2274; x_wconf 89' lang='lat' dir='ltr'>a</span> <span class='ocrx_word' id='word_1_276' title='bbox 903 2211 995 2276; x_wconf 91' lang='lat' dir='ltr'>nobis</span> <span class='ocrx_word' id='word_1_277' title='bbox 1016 2211 1143 2276; x_wconf 85' lang='lat' dir='ltr'>utiliter</span> <span class='ocrx_word' id='word_1_278' title='bbox 1193 2206 1395 2274; x_wconf 87' lang='lat' dir='ltr'>absolutione</span> <span class='ocrx_word' id='word_1_279' title='bbox 1421 2210 1564 2293; x_wconf 89' lang='lat' dir='ltr'>privata,</span> <span class='ocrx_word' id='word_1_280' title='bbox 1593 2210 1697 2276; x_wconf 89' lang='lat' dir='ltr'>videri</span> <span class='ocrx_word' id='word_1_281' title='bbox 1724 2211 1786 2278; x_wconf 93' lang='lat' dir='ltr'>sibi</span> <span class='ocrx_word' id='word_1_282' title='bbox 1815 2210 1950 2297; x_wconf 83' lang='lat' dir='ltr'>(aiebat)</span> <span class='ocrx_word' id='word_1_283' title='bbox 1972 2223 2006 2278; x_wconf 89' lang='lat' dir='ltr'>et</span> <span class='ocrx_word' id='word_1_284' title='bbox 2026 2213 2088 2278; x_wconf 89' lang='lat' dir='ltr'>has</span> <span class='ocrx_word' id='word_1_285' title='bbox 2109 2212 2166 2278; x_wconf 91' lang='lat' dir='ltr'>de-</span> 
     </span>
     <span class='ocr_line' id='line_1_23' title="bbox 166 2293 2166 2381; baseline 0.002 -19"><span class='ocrx_word' id='word_1_286' title='bbox 166 2297 329 2380; x_wconf 87' lang='lat' dir='ltr'>usurpari.</span> <span class='ocrx_word' id='word_1_287' title='bbox 381 2293 469 2376; x_wconf 77' lang='lat' dir='ltr'>Quia</span> <span class='ocrx_word' id='word_1_288' title='bbox 489 2297 609 2362; x_wconf 90' lang='lat' dir='ltr'>seimus</span> <span class='ocrx_word' id='word_1_289' title='bbox 630 2305 663 2360; x_wconf 88' lang='lat' dir='ltr'>st</span> <span class='ocrx_word' id='word_1_290' title='bbox 684 2294 828 2360; x_wconf 87' lang='lat' dir='ltr'>eoelesiis</span> <span class='ocrx_word' id='word_1_291' title='bbox 850 2296 934 2360; x_wconf 90' lang='lat' dir='ltr'>hano</span> <span class='ocrx_word' id='word_1_292' title='bbox 955 2295 1141 2362; x_wconf 88' lang='lat' dir='ltr'>libertatem</span> <span class='ocrx_word' id='word_1_293' title='bbox 1192 2294 1301 2360; x_wconf 88' lang='lat' dir='ltr'>buisso</span> <span class='ocrx_word' id='word_1_294' title='bbox 1340 2295 1374 2358; x_wconf 91' lang='lat' dir='ltr'>in</span> <span class='ocrx_word' id='word_1_295' title='bbox 1412 2296 1556 2361; x_wconf 78' lang='lat' dir='ltr'>ecelesiis</span> <span class='ocrx_word' id='word_1_296' title='bbox 1587 2297 1721 2362; x_wconf 86' lang='lat' dir='ltr'>retineri</span> <span class='ocrx_word' id='word_1_297' title='bbox 1746 2307 1783 2362; x_wconf 88' lang='lat' dir='ltr'>et</span> <span class='ocrx_word' id='word_1_298' title='bbox 1809 2307 1944 2381; x_wconf 89' lang='lat' dir='ltr'>proptor</span> <span class='ocrx_word' id='word_1_299' title='bbox 1971 2297 2166 2366; x_wconf 88' lang='lat' dir='ltr'>erudiendos</span> 
     </span>
     <span class='ocr_line' id='line_1_24' title="bbox 165 2380 2167 2466; baseline 0.001 -19"><span class='ocrx_word' id='word_1_300' title='bbox 165 2403 247 2460; x_wconf 85' lang='lat' dir='ltr'>esse,</span> <span class='ocrx_word' id='word_1_301' title='bbox 278 2391 316 2446; x_wconf 90' lang='lat' dir='ltr'>ut</span> <span class='ocrx_word' id='word_1_302' title='bbox 336 2381 601 2446; x_wconf 89' lang='lat' dir='ltr'>eommeudundis</span> <span class='ocrx_word' id='word_1_303' title='bbox 628 2380 894 2463; x_wconf 88' lang='lat' dir='ltr'>promissionibus</span> <span class='ocrx_word' id='word_1_304' title='bbox 921 2383 1055 2448; x_wconf 88' lang='lat' dir='ltr'>Domini</span> <span class='ocrx_word' id='word_1_305' title='bbox 1084 2385 1140 2448; x_wconf 87' lang='lat' dir='ltr'>fir·</span> <span class='ocrx_word' id='word_1_306' title='bbox 1191 2381 1247 2462; x_wconf 90' lang='lat' dir='ltr'>qui</span> <span class='ocrx_word' id='word_1_307' title='bbox 1269 2381 1304 2444; x_wconf 93' lang='lat' dir='ltr'>in</span> <span class='ocrx_word' id='word_1_308' title='bbox 1326 2381 1511 2463; x_wconf 77' lang='lat' dir='ltr'>cognitione</span> <span class='ocrx_word' id='word_1_309' title='bbox 1532 2381 1700 2466; x_wconf 87' lang='lat' dir='ltr'>religionis</span> <span class='ocrx_word' id='word_1_310' title='bbox 1721 2383 1869 2448; x_wconf 86' lang='lat' dir='ltr'>rudiores</span> <span class='ocrx_word' id='word_1_311' title='bbox 1890 2383 1998 2449; x_wconf 88' lang='lat' dir='ltr'>adhue</span> <span class='ocrx_word' id='word_1_312' title='bbox 2020 2393 2107 2463; x_wconf 86' lang='lat' dir='ltr'>sant,</span> <span class='ocrx_word' id='word_1_313' title='bbox 2132 2393 2167 2450; x_wconf 91' lang='lat' dir='ltr'>et</span> 
     </span>
     <span class='ocr_line' id='line_1_25' title="bbox 164 2466 2165 2552; baseline 0.001 -20"><span class='ocrx_word' id='word_1_314' title='bbox 164 2467 369 2550; x_wconf 85' lang='lat' dir='ltr'>mandesque</span> <span class='ocrx_word' id='word_1_315' title='bbox 394 2468 428 2532; x_wconf 94' lang='lat' dir='ltr'>in</span> <span class='ocrx_word' id='word_1_316' title='bbox 450 2488 505 2532; x_wconf 90' lang='lat' dir='ltr'>eas</span> <span class='ocrx_word' id='word_1_317' title='bbox 532 2466 609 2532; x_wconf 87' lang='lat' dir='ltr'>fidei</span> <span class='ocrx_word' id='word_1_318' title='bbox 637 2467 806 2549; x_wconf 85' lang='lat' dir='ltr'>quibusvis</span> <span class='ocrx_word' id='word_1_319' title='bbox 833 2466 932 2534; x_wconf 88' lang='lat' dir='ltr'>etiam</span> <span class='ocrx_word' id='word_1_320' title='bbox 958 2470 1062 2552; x_wconf 90' lang='lat' dir='ltr'>signis</span> <span class='ocrx_word' id='word_1_321' title='bbox 1090 2470 1140 2534; x_wconf 91' lang='lat' dir='ltr'>uti</span> <span class='ocrx_word' id='word_1_322' title='bbox 1190 2477 1324 2549; x_wconf 85' lang='lat' dir='ltr'>propter</span> <span class='ocrx_word' id='word_1_323' title='bbox 1352 2467 1590 2534; x_wconf 79' lang='lat' dir='ltr'>confirmandos</span> <span class='ocrx_word' id='word_1_324' title='bbox 1623 2489 1677 2533; x_wconf 90' lang='lat' dir='ltr'>eos</span> <span class='ocrx_word' id='word_1_325' title='bbox 1709 2469 1765 2550; x_wconf 93' lang='lat' dir='ltr'>qui</span> <span class='ocrx_word' id='word_1_326' title='bbox 1797 2469 1920 2534; x_wconf 87' lang='lat' dir='ltr'>habent</span> <span class='ocrx_word' id='word_1_327' title='bbox 1951 2469 2165 2536; x_wconf 88' lang='lat' dir='ltr'>eonseientias</span> 
     </span>
     <span class='ocr_line' id='line_1_26' title="bbox 164 2550 2164 2636; baseline 0.002 -18"><span class='ocrx_word' id='word_1_328' title='bbox 164 2556 299 2636; x_wconf 85' lang='lat' dir='ltr'>possint,</span> <span class='ocrx_word' id='word_1_329' title='bbox 331 2550 427 2618; x_wconf 92' lang='lat' dir='ltr'>modo</span> <span class='ocrx_word' id='word_1_330' title='bbox 458 2573 498 2618; x_wconf 89' lang='lat' dir='ltr'>ea</span> <span class='ocrx_word' id='word_1_331' title='bbox 529 2552 570 2618; x_wconf 93' lang='lat' dir='ltr'>ad</span> <span class='ocrx_word' id='word_1_332' title='bbox 603 2551 878 2618; x_wconf 80' lang='lat' dir='ltr'>sommendandss</span> <span class='ocrx_word' id='word_1_333' title='bbox 910 2555 1139 2636; x_wconf 88' lang='lat' dir='ltr'>promissiones</span> <span class='ocrx_word' id='word_1_334' title='bbox 1190 2551 1325 2634; x_wconf 82' lang='lat' dir='ltr'>gravius</span> <span class='ocrx_word' id='word_1_335' title='bbox 1352 2551 1525 2635; x_wconf 80' lang='lat' dir='ltr'>perculsas.</span> <span class='ocrx_word' id='word_1_336' title='bbox 1576 2553 1692 2636; x_wconf 83' lang='lat' dir='ltr'>Magni</span> <span class='ocrx_word' id='word_1_337' title='bbox 1727 2554 1816 2619; x_wconf 90' lang='lat' dir='ltr'>euim</span> <span class='ocrx_word' id='word_1_338' title='bbox 1849 2552 1946 2620; x_wconf 88' lang='lat' dir='ltr'>debet</span> <span class='ocrx_word' id='word_1_339' title='bbox 1973 2575 2044 2620; x_wconf 91' lang='lat' dir='ltr'>esse</span> <span class='ocrx_word' id='word_1_340' title='bbox 2071 2554 2164 2622; x_wconf 89' lang='lat' dir='ltr'>nobis</span> 
     </span>
     <span class='ocr_line' id='line_1_27' title="bbox 165 2637 2162 2724; baseline 0 -18"><span class='ocrx_word' id='word_1_341' title='bbox 165 2641 230 2706; x_wconf 89' lang='lat' dir='ltr'>Dei</span> <span class='ocrx_word' id='word_1_342' title='bbox 258 2651 292 2704; x_wconf 89' lang='lat' dir='ltr'>et</span> <span class='ocrx_word' id='word_1_343' title='bbox 321 2637 419 2704; x_wconf 86' lang='lat' dir='ltr'>fidem</span> <span class='ocrx_word' id='word_1_344' title='bbox 443 2640 479 2704; x_wconf 90' lang='lat' dir='ltr'>in</span> <span class='ocrx_word' id='word_1_345' title='bbox 507 2638 559 2704; x_wconf 91' lang='lat' dir='ltr'>his</span> <span class='ocrx_word' id='word_1_346' title='bbox 586 2637 803 2706; x_wconf 89' lang='lat' dir='ltr'>roborandum</span> <span class='ocrx_word' id='word_1_347' title='bbox 830 2659 907 2704; x_wconf 89' lang='lat' dir='ltr'>vere</span> <span class='ocrx_word' id='word_1_348' title='bbox 936 2641 1057 2706; x_wconf 80' lang='lat' dir='ltr'>laniant</span> <span class='ocrx_word' id='word_1_349' title='bbox 1078 2660 1139 2706; x_wconf 91' lang='lat' dir='ltr'>neo</span> <span class='ocrx_word' id='word_1_350' title='bbox 1189 2637 1277 2718; x_wconf 88' lang='lat' dir='ltr'>quod</span> <span class='ocrx_word' id='word_1_351' title='bbox 1306 2639 1468 2704; x_wconf 87' lang='lat' dir='ltr'>Dominus</span> <span class='ocrx_word' id='word_1_352' title='bbox 1497 2638 1588 2704; x_wconf 81' lang='lat' dir='ltr'>dicit:</span> <span class='ocrx_word' id='word_1_353' title='bbox 1620 2637 1769 2720; x_wconf 83' lang='lat' dir='ltr'>Quorum</span> <span class='ocrx_word' id='word_1_354' title='bbox 1799 2641 1990 2706; x_wconf 88' lang='lat' dir='ltr'>remiseritis</span> <span class='ocrx_word' id='word_1_355' title='bbox 2021 2650 2162 2724; x_wconf 83' lang='lat' dir='ltr'>peeeata,</span> 
     </span>
     <span class='ocr_line' id='line_1_28' title="bbox 164 2723 2162 2808; baseline 0.001 -17"><span class='ocrx_word' id='word_1_356' title='bbox 164 2723 341 2808; x_wconf 86' lang='lat' dir='ltr'>quidquem</span> <span class='ocrx_word' id='word_1_357' title='bbox 374 2723 427 2788; x_wconf 93' lang='lat' dir='ltr'>vel</span> <span class='ocrx_word' id='word_1_358' title='bbox 458 2724 700 2806; x_wconf 87' lang='lat' dir='ltr'>superstitionis</span> <span class='ocrx_word' id='word_1_359' title='bbox 728 2734 786 2788; x_wconf 88' lang='lat' dir='ltr'>aut</span> <span class='ocrx_word' id='word_1_360' title='bbox 813 2724 998 2792; x_wconf 80' lang='lat' dir='ltr'>offendiculi</span> <span class='ocrx_word' id='word_1_361' title='bbox 1027 2746 1136 2791; x_wconf 89' lang='lat' dir='ltr'>seeum</span> <span class='ocrx_word' id='word_1_362' title='bbox 1189 2723 1230 2790; x_wconf 92' lang='lat' dir='ltr'>iis</span> <span class='ocrx_word' id='word_1_363' title='bbox 1245 2743 1284 2788; x_wconf 91' lang='lat' dir='ltr'>ea</span> <span class='ocrx_word' id='word_1_364' title='bbox 1302 2725 1438 2789; x_wconf 87' lang='lat' dir='ltr'>remissa</span> <span class='ocrx_word' id='word_1_365' title='bbox 1455 2731 1553 2788; x_wconf 87' lang='lat' dir='ltr'>eruut</span> <span class='ocrx_word' id='word_1_366' title='bbox 1569 2733 1629 2790; x_wconf 90' lang='lat' dir='ltr'>eto.</span> <span class='ocrx_word' id='word_1_367' title='bbox 1665 2725 1751 2790; x_wconf 91' lang='lat' dir='ltr'>Nam</span> <span class='ocrx_word' id='word_1_368' title='bbox 1769 2724 1873 2792; x_wconf 89' lang='lat' dir='ltr'>videri</span> <span class='ocrx_word' id='word_1_369' title='bbox 1896 2727 1957 2792; x_wconf 91' lang='lat' dir='ltr'>sibi</span> <span class='ocrx_word' id='word_1_370' title='bbox 1982 2726 2162 2792; x_wconf 87' lang='lat' dir='ltr'>Dominum</span> 
     </span>
     <span class='ocr_line' id='line_1_29' title="bbox 164 2808 2162 2893; baseline 0.001 -17"><span class='ocrx_word' id='word_1_371' title='bbox 164 2811 308 2876; x_wconf 84' lang='lat' dir='ltr'>trabant</span> <span class='ocrx_word' id='word_1_372' title='bbox 360 2808 429 2876; x_wconf 80' lang='lat' dir='ltr'>Sed</span> <span class='ocrx_word' id='word_1_373' title='bbox 457 2831 517 2876; x_wconf 91' lang='lat' dir='ltr'>nee</span> <span class='ocrx_word' id='word_1_374' title='bbox 544 2808 585 2876; x_wconf 91' lang='lat' dir='ltr'>de</span> <span class='ocrx_word' id='word_1_375' title='bbox 611 2810 828 2893; x_wconf 75' lang='lat' dir='ltr'>appellatione</span> <span class='ocrx_word' id='word_1_376' title='bbox 855 2813 1051 2876; x_wconf 85' lang='lat' dir='ltr'>saeramenti</span> <span class='ocrx_word' id='word_1_377' title='bbox 1079 2833 1138 2876; x_wconf 91' lang='lat' dir='ltr'>nos</span> <span class='ocrx_word' id='word_1_378' title='bbox 1190 2809 1241 2874; x_wconf 89' lang='lat' dir='ltr'>his</span> <span class='ocrx_word' id='word_1_379' title='bbox 1264 2808 1372 2874; x_wconf 88' lang='lat' dir='ltr'>verbis</span> <span class='ocrx_word' id='word_1_380' title='bbox 1393 2808 1555 2891; x_wconf 88' lang='lat' dir='ltr'>quoddam</span> <span class='ocrx_word' id='word_1_381' title='bbox 1585 2810 1620 2876; x_wconf 94' lang='lat' dir='ltr'>in</span> <span class='ocrx_word' id='word_1_382' title='bbox 1649 2809 1784 2878; x_wconf 80' lang='lat' dir='ltr'>adelesia</span> <span class='ocrx_word' id='word_1_383' title='bbox 1809 2812 1992 2878; x_wconf 89' lang='lat' dir='ltr'>instituisse</span> <span class='ocrx_word' id='word_1_384' title='bbox 2016 2811 2162 2878; x_wconf 89' lang='lat' dir='ltr'>tribunal</span> 
     </span>
     <span class='ocr_line' id='line_1_30' title="bbox 162 2893 2162 2980; baseline 0.001 -18"><span class='ocrx_word' id='word_1_385' title='bbox 162 2917 312 2980; x_wconf 90' lang='lat' dir='ltr'>pugnare</span> <span class='ocrx_word' id='word_1_386' title='bbox 333 2897 443 2962; x_wconf 88' lang='lat' dir='ltr'>testati</span> <span class='ocrx_word' id='word_1_387' title='bbox 462 2917 584 2974; x_wconf 89' lang='lat' dir='ltr'>sumus,</span> <span class='ocrx_word' id='word_1_388' title='bbox 608 2893 870 2979; x_wconf 90' lang='lat' dir='ltr'>quandoquidem</span> <span class='ocrx_word' id='word_1_389' title='bbox 887 2907 936 2962; x_wconf 93' lang='lat' dir='ltr'>tot</span> <span class='ocrx_word' id='word_1_390' title='bbox 953 2897 1138 2980; x_wconf 77' lang='lat' dir='ltr'>praeclarae</span> <span class='ocrx_word' id='word_1_391' title='bbox 1188 2893 1228 2959; x_wconf 94' lang='lat' dir='ltr'>de</span> <span class='ocrx_word' id='word_1_392' title='bbox 1250 2895 1390 2977; x_wconf 88' lang='lat' dir='ltr'>peeoutis</span> <span class='ocrx_word' id='word_1_393' title='bbox 1410 2893 1582 2975; x_wconf 90' lang='lat' dir='ltr'>iudieandi,</span> <span class='ocrx_word' id='word_1_394' title='bbox 1604 2915 1706 2980; x_wconf 89' lang='lat' dir='ltr'>eoque</span> <span class='ocrx_word' id='word_1_395' title='bbox 1726 2895 1803 2963; x_wconf 90' lang='lat' dir='ltr'>inde</span> <span class='ocrx_word' id='word_1_396' title='bbox 1823 2897 1879 2964; x_wconf 90' lang='lat' dir='ltr'>vsi</span> <span class='ocrx_word' id='word_1_397' title='bbox 1897 2896 2086 2963; x_wconf 88' lang='lat' dir='ltr'>remittendi</span> <span class='ocrx_word' id='word_1_398' title='bbox 2107 2897 2162 2964; x_wconf 86' lang='lat' dir='ltr'>vel</span> 
     </span>
     <span class='ocr_line' id='line_1_31' title="bbox 162 2979 1358 3066; baseline -0.003 -18"><span class='ocrx_word' id='word_1_399' title='bbox 162 2983 258 3048; x_wconf 92' lang='lat' dir='ltr'>nobis</span> <span class='ocrx_word' id='word_1_400' title='bbox 285 3004 306 3048; x_wconf 89' lang='lat' dir='ltr'>a</span> <span class='ocrx_word' id='word_1_401' title='bbox 333 2980 477 3048; x_wconf 91' lang='lat' dir='ltr'>Domino</span> <span class='ocrx_word' id='word_1_402' title='bbox 505 2982 737 3066; x_wconf 88' lang='lat' dir='ltr'>promissiones</span> <span class='ocrx_word' id='word_1_403' title='bbox 762 2982 868 3048; x_wconf 83' lang='lat' dir='ltr'>laetae</span> <span class='ocrx_word' id='word_1_404' title='bbox 895 2992 981 3062; x_wconf 88' lang='lat' dir='ltr'>sunt,</span> <span class='ocrx_word' id='word_1_405' title='bbox 1009 3004 1068 3050; x_wconf 92' lang='lat' dir='ltr'>nos</span> <span class='ocrx_word' id='word_1_406' title='bbox 1095 2984 1137 3050; x_wconf 89' lang='lat' dir='ltr'>ab</span> <span class='ocrx_word' id='word_1_407' title='bbox 1187 2979 1358 3046; x_wconf 78' lang='lat' dir='ltr'>reduendi.</span> 
     </span>
     <span class='ocr_line' id='line_1_32' title="bbox 161 3064 2161 3153; baseline 0.001 -21"><span class='ocrx_word' id='word_1_408' title='bbox 161 3069 233 3152; x_wconf 92' lang='lat' dir='ltr'>ipso</span> <span class='ocrx_word' id='word_1_409' title='bbox 255 3067 375 3134; x_wconf 90' lang='lat' dir='ltr'>bonum</span> <span class='ocrx_word' id='word_1_410' title='bbox 396 3067 550 3150; x_wconf 90' lang='lat' dir='ltr'>spiritum</span> <span class='ocrx_word' id='word_1_411' title='bbox 572 3077 606 3134; x_wconf 90' lang='lat' dir='ltr'>st</span> <span class='ocrx_word' id='word_1_412' title='bbox 628 3067 713 3132; x_wconf 93' lang='lat' dir='ltr'>dona</span> <span class='ocrx_word' id='word_1_413' title='bbox 730 3075 828 3149; x_wconf 88' lang='lat' dir='ltr'>atque</span> <span class='ocrx_word' id='word_1_414' title='bbox 848 3069 1019 3136; x_wconf 83' lang='lat' dir='ltr'>iaeultates</span> <span class='ocrx_word' id='word_1_415' title='bbox 1041 3069 1136 3153; x_wconf 90' lang='lat' dir='ltr'>spiri-</span> <span class='ocrx_word' id='word_1_416' title='bbox 1272 3065 1327 3132; x_wconf 80' lang='lat' dir='ltr'>Ad</span> <span class='ocrx_word' id='word_1_417' title='bbox 1353 3065 1415 3132; x_wconf 92' lang='lat' dir='ltr'>hoe</span> <span class='ocrx_word' id='word_1_418' title='bbox 1443 3064 1602 3134; x_wconf 83' lang='lat' dir='ltr'>diximus:</span> <span class='ocrx_word' id='word_1_419' title='bbox 1632 3069 1743 3151; x_wconf 90' lang='lat' dir='ltr'>magni</span> <span class='ocrx_word' id='word_1_420' title='bbox 1774 3087 1902 3150; x_wconf 90' lang='lat' dir='ltr'>quoque</span> <span class='ocrx_word' id='word_1_421' title='bbox 1928 3065 2055 3141; x_wconf 81' lang='lat' dir='ltr'>haberi,</span> <span class='ocrx_word' id='word_1_422' title='bbox 2075 3067 2161 3134; x_wconf 90' lang='lat' dir='ltr'>bano</span> 
     </span>
     <span class='ocr_line' id='line_1_33' title="bbox 160 3151 2161 3237; baseline -0 -17"><span class='ocrx_word' id='word_1_423' title='bbox 160 3153 278 3230; x_wconf 87' lang='lat' dir='ltr'>tuales,</span> <span class='ocrx_word' id='word_1_424' title='bbox 297 3155 588 3237; x_wconf 81' lang='lat' dir='ltr'>atquibuseunque</span> <span class='ocrx_word' id='word_1_425' title='bbox 601 3153 1136 3237; x_wconf 83' lang='lat' dir='ltr'>opusaitadbensoxsequendum</span> <span class='ocrx_word' id='word_1_426' title='bbox 1187 3151 1323 3218; x_wconf 91' lang='lat' dir='ltr'>Domini</span> <span class='ocrx_word' id='word_1_427' title='bbox 1354 3151 1550 3218; x_wconf 85' lang='lat' dir='ltr'>sententiam</span> <span class='ocrx_word' id='word_1_428' title='bbox 1581 3161 1615 3218; x_wconf 89' lang='lat' dir='ltr'>et</span> <span class='ocrx_word' id='word_1_429' title='bbox 1646 3173 1858 3236; x_wconf 90' lang='lat' dir='ltr'>quaeeunque</span> <span class='ocrx_word' id='word_1_430' title='bbox 1885 3151 1926 3218; x_wconf 90' lang='lat' dir='ltr'>do</span> <span class='ocrx_word' id='word_1_431' title='bbox 1955 3153 2161 3220; x_wconf 85' lang='lat' dir='ltr'>remittendis</span> 
     </span>
     <span class='ocr_line' id='line_1_34' title="bbox 159 3236 2161 3324; baseline -0.001 -18"><span class='ocrx_word' id='word_1_432' title='bbox 159 3261 246 3324; x_wconf 90' lang='lat' dir='ltr'>quae</span> <span class='ocrx_word' id='word_1_433' title='bbox 267 3241 337 3323; x_wconf 90' lang='lat' dir='ltr'>ipse</span> <span class='ocrx_word' id='word_1_434' title='bbox 358 3239 512 3316; x_wconf 86' lang='lat' dir='ltr'>iniunxit,</span> <span class='ocrx_word' id='word_1_435' title='bbox 535 3239 694 3322; x_wconf 90' lang='lat' dir='ltr'>siquidem</span> <span class='ocrx_word' id='word_1_436' title='bbox 722 3238 788 3304; x_wconf 87' lang='lat' dir='ltr'>fide</span> <span class='ocrx_word' id='word_1_437' title='bbox 814 3260 954 3320; x_wconf 91' lang='lat' dir='ltr'>oremus,</span> <span class='ocrx_word' id='word_1_438' title='bbox 980 3242 1135 3323; x_wconf 87' lang='lat' dir='ltr'>impetra-</span> <span class='ocrx_word' id='word_1_439' title='bbox 1186 3237 1327 3320; x_wconf 89' lang='lat' dir='ltr'>peeoatis</span> <span class='ocrx_word' id='word_1_440' title='bbox 1358 3236 1542 3303; x_wconf 91' lang='lat' dir='ltr'>ministerio</span> <span class='ocrx_word' id='word_1_441' title='bbox 1574 3237 1728 3306; x_wconf 84' lang='lat' dir='ltr'>ecelesiae</span> <span class='ocrx_word' id='word_1_442' title='bbox 1759 3237 1796 3302; x_wconf 90' lang='lat' dir='ltr'>in</span> <span class='ocrx_word' id='word_1_443' title='bbox 1828 3239 2025 3322; x_wconf 82' lang='lat' dir='ltr'>evangelicis</span> <span class='ocrx_word' id='word_1_444' title='bbox 2057 3238 2161 3304; x_wconf 85' lang='lat' dir='ltr'>literis</span> 
     </span>
     <span class='ocr_line' id='line_1_35' title="bbox 159 3321 2160 3408; baseline -0.001 -18"><span class='ocrx_word' id='word_1_445' title='bbox 159 3335 262 3392; x_wconf 91' lang='lat' dir='ltr'>turos.</span> <span class='ocrx_word' id='word_1_446' title='bbox 306 3325 379 3390; x_wconf 87' lang='lat' dir='ltr'>Iam</span> <span class='ocrx_word' id='word_1_447' title='bbox 390 3327 616 3392; x_wconf 90' lang='lat' dir='ltr'>ministrorum</span> <span class='ocrx_word' id='word_1_448' title='bbox 628 3325 754 3390; x_wconf 90' lang='lat' dir='ltr'>Christi</span> <span class='ocrx_word' id='word_1_449' title='bbox 764 3335 860 3408; x_wconf 82' lang='lat' dir='ltr'>atque</span> <span class='ocrx_word' id='word_1_450' title='bbox 872 3325 1136 3408; x_wconf 87' lang='lat' dir='ltr'>dispensatorum</span> <span class='ocrx_word' id='word_1_451' title='bbox 1187 3333 1327 3400; x_wconf 78' lang='lat' dir='ltr'>exstant,</span> <span class='ocrx_word' id='word_1_452' title='bbox 1350 3342 1451 3405; x_wconf 88' lang='lat' dir='ltr'>eoque</span> <span class='ocrx_word' id='word_1_453' title='bbox 1473 3321 1588 3390; x_wconf 88' lang='lat' dir='ltr'>dooere</span> <span class='ocrx_word' id='word_1_454' title='bbox 1605 3345 1674 3401; x_wconf 90' lang='lat' dir='ltr'>nos,</span> <span class='ocrx_word' id='word_1_455' title='bbox 1693 3325 1858 3390; x_wconf 89' lang='lat' dir='ltr'>neminem</span> <span class='ocrx_word' id='word_1_456' title='bbox 1877 3335 1973 3392; x_wconf 85' lang='lat' dir='ltr'>extra</span> <span class='ocrx_word' id='word_1_457' title='bbox 1989 3324 2160 3392; x_wconf 78' lang='lat' dir='ltr'>ecelesiam</span> 
     </span>
     <span class='ocr_line' id='line_1_36' title="bbox 158 3409 2161 3497; baseline -0.001 -19"><span class='ocrx_word' id='word_1_458' title='bbox 158 3411 392 3497; x_wconf 79' lang='lat' dir='ltr'>mysteriorum</span> <span class='ocrx_word' id='word_1_459' title='bbox 410 3413 480 3478; x_wconf 90' lang='lat' dir='ltr'>eius</span> <span class='ocrx_word' id='word_1_460' title='bbox 501 3413 589 3496; x_wconf 73' lang='lat' dir='ltr'>et²⁰l</span> <span class='ocrx_word' id='word_1_461' title='bbox 613 3411 711 3476; x_wconf 87' lang='lat' dir='ltr'>husee</span> <span class='ocrx_word' id='word_1_462' title='bbox 728 3411 959 3495; x_wconf 90' lang='lat' dir='ltr'>promissiones</span> <span class='ocrx_word' id='word_1_463' title='bbox 976 3412 1084 3479; x_wconf 86' lang='lat' dir='ltr'>verbis</span> <span class='ocrx_word' id='word_1_464' title='bbox 1102 3421 1136 3478; x_wconf 92' lang='lat' dir='ltr'>et</span> <span class='ocrx_word' id='word_1_465' title='bbox 1187 3417 1221 3474; x_wconf 89' lang='lat' dir='ltr'>et</span> <span class='ocrx_word' id='word_1_466' title='bbox 1237 3417 1424 3490; x_wconf 77' lang='lat' dir='ltr'>contempto</span> <span class='ocrx_word' id='word_1_467' title='bbox 1441 3410 1510 3476; x_wconf 90' lang='lat' dir='ltr'>eius</span> <span class='ocrx_word' id='word_1_468' title='bbox 1526 3410 1707 3476; x_wconf 88' lang='lat' dir='ltr'>ministerio</span> <span class='ocrx_word' id='word_1_469' title='bbox 1717 3409 1942 3476; x_wconf 89' lang='lat' dir='ltr'>remissionem</span> <span class='ocrx_word' id='word_1_470' title='bbox 1951 3419 2161 3493; x_wconf 80' lang='lat' dir='ltr'>perustarum</span> 
     </span>
     <span class='ocr_line' id='line_1_37' title="bbox 159 3493 2161 3582; baseline -0.002 -18"><span class='ocrx_word' id='word_1_471' title='bbox 159 3498 281 3582; x_wconf 78' lang='lat' dir='ltr'>signis</span> <span class='ocrx_word' id='word_1_472' title='bbox 298 3499 491 3564; x_wconf 87' lang='lat' dir='ltr'>eontirmare</span> <span class='ocrx_word' id='word_1_473' title='bbox 524 3497 731 3564; x_wconf 83' lang='lat' dir='ltr'>erodentibus</span> <span class='ocrx_word' id='word_1_474' title='bbox 763 3505 798 3564; x_wconf 93' lang='lat' dir='ltr'>et</span> <span class='ocrx_word' id='word_1_475' title='bbox 829 3498 901 3579; x_wconf 89' lang='lat' dir='ltr'>ipsa</span> <span class='ocrx_word' id='word_1_476' title='bbox 932 3497 1013 3563; x_wconf 90' lang='lat' dir='ltr'>haee</span> <span class='ocrx_word' id='word_1_477' title='bbox 1049 3497 1137 3562; x_wconf 89' lang='lat' dir='ltr'>dona</span> <span class='ocrx_word' id='word_1_478' title='bbox 1187 3495 1352 3578; x_wconf 76' lang='lat' dir='ltr'>percipere</span> <span class='ocrx_word' id='word_1_479' title='bbox 1384 3515 1486 3577; x_wconf 90' lang='lat' dir='ltr'>posse.</span> <span class='ocrx_word' id='word_1_480' title='bbox 1542 3493 1610 3561; x_wconf 82' lang='lat' dir='ltr'>Sed</span> <span class='ocrx_word' id='word_1_481' title='bbox 1649 3495 1826 3562; x_wconf 80' lang='lat' dir='ltr'>adiecimus</span> <span class='ocrx_word' id='word_1_482' title='bbox 1862 3495 1949 3564; x_wconf 91' lang='lat' dir='ltr'>hune</span> <span class='ocrx_word' id='word_1_483' title='bbox 1987 3497 2023 3562; x_wconf 93' lang='lat' dir='ltr'>in</span> <span class='ocrx_word' id='word_1_484' title='bbox 2056 3496 2161 3561; x_wconf 90' lang='lat' dir='ltr'>veteri</span> 
     </span>
     <span class='ocr_line' id='line_1_38' title="bbox 159 3579 2159 3658; baseline 0 -10"><span class='ocrx_word' id='word_1_485' title='bbox 159 3585 295 3648; x_wconf 89' lang='lat' dir='ltr'>nomine</span> <span class='ocrx_word' id='word_1_486' title='bbox 317 3582 442 3650; x_wconf 88' lang='lat' dir='ltr'>Christi</span> <span class='ocrx_word' id='word_1_487' title='bbox 465 3583 628 3650; x_wconf 84' lang='lat' dir='ltr'>exhibere.</span> <span class='ocrx_word' id='word_1_488' title='bbox 672 3583 757 3648; x_wconf 88' lang='lat' dir='ltr'>Nam</span> <span class='ocrx_word' id='word_1_489' title='bbox 786 3583 949 3650; x_wconf 91' lang='lat' dir='ltr'>Dominus</span> <span class='ocrx_word' id='word_1_490' title='bbox 976 3583 1035 3648; x_wconf 91' lang='lat' dir='ltr'>hos</span> <span class='ocrx_word' id='word_1_491' title='bbox 1063 3584 1137 3648; x_wconf 88' lang='lat' dir='ltr'>vult</span> <span class='ocrx_word' id='word_1_492' title='bbox 1187 3581 1323 3646; x_wconf 76' lang='lat' dir='ltr'>eeclesia</span> <span class='ocrx_word' id='word_1_493' title='bbox 1344 3579 1491 3646; x_wconf 87' lang='lat' dir='ltr'>ordinem</span> <span class='ocrx_word' id='word_1_494' title='bbox 1513 3580 1722 3647; x_wconf 89' lang='lat' dir='ltr'>observatum</span> <span class='ocrx_word' id='word_1_495' title='bbox 1744 3582 1858 3658; x_wconf 87' lang='lat' dir='ltr'>fuisse,</span> <span class='ocrx_word' id='word_1_496' title='bbox 1885 3590 1924 3646; x_wconf 87' lang='lat' dir='ltr'>ut</span> <span class='ocrx_word' id='word_1_497' title='bbox 1944 3603 2019 3648; x_wconf 90' lang='lat' dir='ltr'>eum</span> <span class='ocrx_word' id='word_1_498' title='bbox 2045 3583 2159 3648; x_wconf 89' lang='lat' dir='ltr'>remis·</span> 
     </span>
     <span class='ocr_line' id='line_1_39' title="bbox 159 3666 2158 3752; baseline -0.002 -16"><span class='ocrx_word' id='word_1_499' title='bbox 159 3689 233 3736; x_wconf 89' lang='lat' dir='ltr'>esse</span> <span class='ocrx_word' id='word_1_500' title='bbox 256 3669 465 3736; x_wconf 85' lang='lat' dir='ltr'>administros</span> <span class='ocrx_word' id='word_1_501' title='bbox 487 3669 630 3752; x_wconf 86' lang='lat' dir='ltr'>spiritus,</span> <span class='ocrx_word' id='word_1_502' title='bbox 656 3678 789 3750; x_wconf 88' lang='lat' dir='ltr'>peeeata</span> <span class='ocrx_word' id='word_1_503' title='bbox 811 3668 979 3734; x_wconf 87' lang='lat' dir='ltr'>remittere</span> <span class='ocrx_word' id='word_1_504' title='bbox 1005 3685 1039 3734; x_wconf 87' lang='lat' dir='ltr'>et</span> <span class='ocrx_word' id='word_1_505' title='bbox 1058 3668 1135 3735; x_wconf 90' lang='lat' dir='ltr'>eha—</span> <span class='ocrx_word' id='word_1_506' title='bbox 1186 3667 1276 3734; x_wconf 87' lang='lat' dir='ltr'>sione</span> <span class='ocrx_word' id='word_1_507' title='bbox 1288 3674 1494 3748; x_wconf 83' lang='lat' dir='ltr'>perustarum</span> <span class='ocrx_word' id='word_1_508' title='bbox 1507 3669 1649 3749; x_wconf 90' lang='lat' dir='ltr'>primum</span> <span class='ocrx_word' id='word_1_509' title='bbox 1661 3667 1856 3750; x_wconf 85' lang='lat' dir='ltr'>baptismate</span> <span class='ocrx_word' id='word_1_510' title='bbox 1867 3666 2103 3734; x_wconf 85' lang='lat' dir='ltr'>exhibuissent.</span> <span class='ocrx_word' id='word_1_511' title='bbox 2113 3669 2158 3750; x_wconf 78' lang='lat'>²²)</span> 
     </span>
     <span class='ocr_line' id='line_1_40' title="bbox 159 3751 2158 3837; baseline -0.002 -16"><span class='ocrx_word' id='word_1_512' title='bbox 159 3757 298 3822; x_wconf 84' lang='lat' dir='ltr'>rismata</span> <span class='ocrx_word' id='word_1_513' title='bbox 315 3774 374 3820; x_wconf 89' lang='lat' dir='ltr'>sua</span> <span class='ocrx_word' id='word_1_514' title='bbox 390 3755 587 3837; x_wconf 89' lang='lat' dir='ltr'>dispensare.</span> <span class='ocrx_word' id='word_1_515' title='bbox 615 3755 698 3820; x_wconf 91' lang='lat' dir='ltr'>Inde</span> <span class='ocrx_word' id='word_1_516' title='bbox 715 3753 867 3836; x_wconf 87' lang='lat' dir='ltr'>estquod</span> <span class='ocrx_word' id='word_1_517' title='bbox 885 3755 1008 3820; x_wconf 90' lang='lat' dir='ltr'>Paulus</span> <span class='ocrx_word' id='word_1_518' title='bbox 1024 3754 1136 3820; x_wconf 88' lang='lat' dir='ltr'>seribit</span> <span class='ocrx_word' id='word_1_519' title='bbox 1186 3752 1271 3816; x_wconf 88' lang='lat' dir='ltr'>Nam</span> <span class='ocrx_word' id='word_1_520' title='bbox 1300 3769 1385 3832; x_wconf 89' lang='lat' dir='ltr'>quae</span> <span class='ocrx_word' id='word_1_521' title='bbox 1411 3772 1449 3815; x_wconf 89' lang='lat' dir='ltr'>eo</span> <span class='ocrx_word' id='word_1_522' title='bbox 1477 3753 1618 3834; x_wconf 88' lang='lat' dir='ltr'>primum</span> <span class='ocrx_word' id='word_1_523' title='bbox 1645 3763 1777 3834; x_wconf 82' lang='lat' dir='ltr'>peoeata</span> <span class='ocrx_word' id='word_1_524' title='bbox 1804 3751 1992 3830; x_wconf 90' lang='lat' dir='ltr'>abluuntur,</span> <span class='ocrx_word' id='word_1_525' title='bbox 2015 3765 2085 3818; x_wconf 91' lang='lat' dir='ltr'>tum</span> <span class='ocrx_word' id='word_1_526' title='bbox 2108 3773 2158 3818; x_wconf 87' lang='lat' dir='ltr'>re·</span> 
     </span>
     <span class='ocr_line' id='line_1_41' title="bbox 159 3837 2160 3924; baseline -0.002 -18"><span class='ocrx_word' id='word_1_527' title='bbox 159 3841 204 3906; x_wconf 84' lang='lat' dir='ltr'>ud</span> <span class='ocrx_word' id='word_1_528' title='bbox 222 3840 448 3906; x_wconf 78' lang='lat' dir='ltr'>Timotheum:</span> <span class='ocrx_word' id='word_1_529' title='bbox 472 3841 594 3906; x_wconf 91' lang='lat' dir='ltr'>donum</span> <span class='ocrx_word' id='word_1_530' title='bbox 613 3839 823 3924; x_wconf 76' lang='lat' dir='ltr'>praedicandi</span> <span class='ocrx_word' id='word_1_531' title='bbox 840 3841 1003 3924; x_wconf 88' lang='lat' dir='ltr'>evangelii</span> <span class='ocrx_word' id='word_1_532' title='bbox 1021 3839 1134 3906; x_wconf 89' lang='lat' dir='ltr'>datum</span> <span class='ocrx_word' id='word_1_533' title='bbox 1186 3837 1340 3902; x_wconf 86' lang='lat' dir='ltr'>mittendi</span> <span class='ocrx_word' id='word_1_534' title='bbox 1367 3847 1499 3919; x_wconf 83' lang='lat' dir='ltr'>pennata</span> <span class='ocrx_word' id='word_1_535' title='bbox 1523 3838 1740 3904; x_wconf 90' lang='lat' dir='ltr'>ministerium</span> <span class='ocrx_word' id='word_1_536' title='bbox 1763 3847 1932 3922; x_wconf 89' lang='lat' dir='ltr'>praeterea</span> <span class='ocrx_word' id='word_1_537' title='bbox 1953 3845 2160 3921; x_wconf 86' lang='lat' dir='ltr'>praestarent</span> 
     </span>
     <span class='ocr_line' id='line_1_42' title="bbox 158 3921 2159 4010; baseline -0.003 -18"><span class='ocrx_word' id='word_1_538' title='bbox 158 3927 226 4008; x_wconf 88' lang='lat' dir='ltr'>ipsi</span> <span class='ocrx_word' id='word_1_539' title='bbox 247 3936 281 3992; x_wconf 88' lang='lat' dir='ltr'>et</span> <span class='ocrx_word' id='word_1_540' title='bbox 301 3928 330 3992; x_wconf 89' lang='lat' dir='ltr'>ei</span> <span class='ocrx_word' id='word_1_541' title='bbox 353 3928 459 3992; x_wconf 89' lang='lat' dir='ltr'>inesse</span> <span class='ocrx_word' id='word_1_542' title='bbox 481 3947 540 4008; x_wconf 90' lang='lat' dir='ltr'>per</span> <span class='ocrx_word' id='word_1_543' title='bbox 556 3927 795 4010; x_wconf 87' lang='lat' dir='ltr'>impositionem</span> <span class='ocrx_word' id='word_1_544' title='bbox 817 3921 977 3990; x_wconf 84' lang='lat' dir='ltr'>manuum</span> <span class='ocrx_word' id='word_1_545' title='bbox 999 3927 1135 4009; x_wconf 84' lang='lat' dir='ltr'>presby·</span> <span class='ocrx_word' id='word_1_546' title='bbox 1186 3944 1286 4006; x_wconf 90' lang='lat' dir='ltr'>quum</span> <span class='ocrx_word' id='word_1_547' title='bbox 1307 3923 1331 3986; x_wconf 95' lang='lat' dir='ltr'>ii</span> <span class='ocrx_word' id='word_1_548' title='bbox 1353 3923 1408 4004; x_wconf 91' lang='lat' dir='ltr'>qui</span> <span class='ocrx_word' id='word_1_549' title='bbox 1430 3923 1464 3986; x_wconf 93' lang='lat' dir='ltr'>in</span> <span class='ocrx_word' id='word_1_550' title='bbox 1486 3924 1638 4007; x_wconf 86' lang='lat' dir='ltr'>graviora</span> <span class='ocrx_word' id='word_1_551' title='bbox 1664 3935 1797 4006; x_wconf 91' lang='lat' dir='ltr'>peeeata</span> <span class='ocrx_word' id='word_1_552' title='bbox 1825 3923 1908 4006; x_wconf 87' lang='lat' dir='ltr'>lapsi</span> <span class='ocrx_word' id='word_1_553' title='bbox 1935 3945 1974 3988; x_wconf 86' lang='lat' dir='ltr'>es</span> <span class='ocrx_word' id='word_1_554' title='bbox 1995 3923 2048 3988; x_wconf 91' lang='lat' dir='ltr'>vol</span> <span class='ocrx_word' id='word_1_555' title='bbox 2069 3932 2159 4006; x_wconf 86' lang='lat' dir='ltr'>post-</span> 
     </span>
     <span class='ocr_line' id='line_1_43' title="bbox 158 4007 2158 4096; baseline -0.002 -18"><span class='ocrx_word' id='word_1_556' title='bbox 158 4013 245 4078; x_wconf 84' lang='lat' dir='ltr'>terii.</span> <span class='ocrx_word' id='word_1_557' title='bbox 273 4013 381 4078; x_wconf 91' lang='lat' dir='ltr'>Divus</span> <span class='ocrx_word' id='word_1_558' title='bbox 392 4033 518 4095; x_wconf 89' lang='lat' dir='ltr'>quoque</span> <span class='ocrx_word' id='word_1_559' title='bbox 531 4012 736 4096; x_wconf 80' lang='lat' dir='ltr'>Augustinus</span> <span class='ocrx_word' id='word_1_560' title='bbox 750 4013 786 4076; x_wconf 91' lang='lat' dir='ltr'>iu</span> <span class='ocrx_word' id='word_1_561' title='bbox 799 4015 826 4076; x_wconf 83' lang='lat'>2.</span> <span class='ocrx_word' id='word_1_562' title='bbox 840 4011 1134 4095; x_wconf 88' lang='lat' dir='ltr'>eontraepistolam</span> <span class='ocrx_word' id='word_1_563' title='bbox 1186 4029 1282 4093; x_wconf 88' lang='lat' dir='ltr'>quam</span> <span class='ocrx_word' id='word_1_564' title='bbox 1304 4007 1509 4073; x_wconf 88' lang='lat' dir='ltr'>abstentione</span> <span class='ocrx_word' id='word_1_565' title='bbox 1530 4008 1669 4074; x_wconf 83' lang='lat' dir='ltr'>luissent</span> <span class='ocrx_word' id='word_1_566' title='bbox 1690 4010 1825 4074; x_wconf 88' lang='lat' dir='ltr'>eorreoti</span> <span class='ocrx_word' id='word_1_567' title='bbox 1848 4009 1899 4074; x_wconf 91' lang='lat' dir='ltr'>vel</span> <span class='ocrx_word' id='word_1_568' title='bbox 1917 4015 2016 4074; x_wconf 83' lang='lat' dir='ltr'>antea</span> <span class='ocrx_word' id='word_1_569' title='bbox 2032 4028 2067 4074; x_wconf 93' lang='lat' dir='ltr'>se</span> <span class='ocrx_word' id='word_1_570' title='bbox 2084 4029 2158 4090; x_wconf 90' lang='lat' dir='ltr'>peo-</span> 
     </span>
     <span class='ocr_line' id='line_1_44' title="bbox 158 4093 2157 4164; baseline -0.003 0"><span class='ocrx_word' id='word_1_571' title='bbox 158 4097 372 4164; x_wconf 88' lang='lat' dir='ltr'>Parmoniani</span> <span class='ocrx_word' id='word_1_572' title='bbox 395 4099 477 4164; x_wconf 91' lang='lat' dir='ltr'>libro</span> <span class='ocrx_word' id='word_1_573' title='bbox 502 4099 740 4164; x_wconf 86' lang='lat' dir='ltr'>ordinationem</span> <span class='ocrx_word' id='word_1_574' title='bbox 762 4112 1003 4164; x_wconf 76' lang='lat' dir='ltr'>sacramentum</span> <span class='ocrx_word' id='word_1_575' title='bbox 1025 4107 1134 4164; x_wconf 84' lang='lat' dir='ltr'>voest:</span> <span class='ocrx_word' id='word_1_576' title='bbox 1185 4115 1275 4161; x_wconf 89' lang='lat' dir='ltr'>easss</span> <span class='ocrx_word' id='word_1_577' title='bbox 1298 4114 1407 4159; x_wconf 89' lang='lat' dir='ltr'>eoram</span> <span class='ocrx_word' id='word_1_578' title='bbox 1429 4093 1565 4160; x_wconf 76' lang='lat' dir='ltr'>eeclesia</span> <span class='ocrx_word' id='word_1_579' title='bbox 1585 4095 1723 4160; x_wconf 85' lang='lat' dir='ltr'>eonieesi</span> <span class='ocrx_word' id='word_1_580' title='bbox 1746 4103 1781 4160; x_wconf 90' lang='lat' dir='ltr'>et</span> <span class='ocrx_word' id='word_1_581' title='bbox 1801 4095 1931 4158; x_wconf 89' lang='lat' dir='ltr'>veniam</span> <span class='ocrx_word' id='word_1_582' title='bbox 1960 4093 2093 4160; x_wconf 82' lang='lat' dir='ltr'>adurissi</span> <span class='ocrx_word' id='word_1_583' title='bbox 2116 4095 2157 4159; x_wconf 89' lang='lat' dir='ltr'>ab</span> 
     </span>
     <span class='ocr_line' id='line_1_45' title="bbox 158 4177 2159 4268; baseline -0.003 -18"><span class='ocrx_word' id='word_1_584' title='bbox 158 4205 262 4268; x_wconf 87' lang='lat' dir='ltr'>quum</span> <span class='ocrx_word' id='word_1_585' title='bbox 285 4186 372 4248; x_wconf 90' lang='lat' dir='ltr'>enim</span> <span class='ocrx_word' id='word_1_586' title='bbox 394 4185 531 4266; x_wconf 89' lang='lat' dir='ltr'>probare</span> <span class='ocrx_word' id='word_1_587' title='bbox 549 4183 629 4260; x_wconf 85' lang='lat' dir='ltr'>vult,</span> <span class='ocrx_word' id='word_1_588' title='bbox 652 4183 778 4250; x_wconf 90' lang='lat' dir='ltr'>haeresi</span> <span class='ocrx_word' id='word_1_589' title='bbox 798 4191 834 4248; x_wconf 89' lang='lat' dir='ltr'>ut</span> <span class='ocrx_word' id='word_1_590' title='bbox 851 4205 917 4248; x_wconf 90' lang='lat' dir='ltr'>non</span> <span class='ocrx_word' id='word_1_591' title='bbox 936 4183 1134 4267; x_wconf 88' lang='lat' dir='ltr'>baptismum</span> <span class='ocrx_word' id='word_1_592' title='bbox 1185 4180 1320 4246; x_wconf 78' lang='lat' dir='ltr'>eeclesia</span> <span class='ocrx_word' id='word_1_593' title='bbox 1351 4180 1474 4261; x_wconf 86' lang='lat' dir='ltr'>preeati</span> <span class='ocrx_word' id='word_1_594' title='bbox 1508 4189 1625 4246; x_wconf 84' lang='lat' dir='ltr'>essent</span> <span class='ocrx_word' id='word_1_595' title='bbox 1680 4180 1728 4246; x_wconf 92' lang='lat' dir='ltr'>Ut</span> <span class='ocrx_word' id='word_1_596' title='bbox 1755 4199 1833 4244; x_wconf 88' lang='lat' dir='ltr'>vero</span> <span class='ocrx_word' id='word_1_597' title='bbox 1861 4177 1987 4246; x_wconf 88' lang='lat' dir='ltr'>ooeulta</span> <span class='ocrx_word' id='word_1_598' title='bbox 2016 4179 2159 4246; x_wconf 89' lang='lat' dir='ltr'>admissa</span> 
     </span>
     <span class='ocr_line' id='line_1_46' title="bbox 158 4263 2156 4414; baseline -0.003 -80"><span class='ocrx_word' id='word_1_599' title='bbox 158 4270 207 4336; x_wconf 89' lang='lat' dir='ltr'>ita</span> <span class='ocrx_word' id='word_1_600' title='bbox 237 4291 298 4336; x_wconf 89' lang='lat' dir='ltr'>nee</span> <span class='ocrx_word' id='word_1_601' title='bbox 325 4271 376 4334; x_wconf 92' lang='lat' dir='ltr'>ius</span> <span class='ocrx_word' id='word_1_602' title='bbox 404 4269 502 4334; x_wconf 89' lang='lat' dir='ltr'>dandi</span> <span class='ocrx_word' id='word_1_603' title='bbox 530 4269 684 4352; x_wconf 87' lang='lat' dir='ltr'>baptismi</span> <span class='ocrx_word' id='word_1_604' title='bbox 710 4269 830 4346; x_wconf 90' lang='lat' dir='ltr'>amitti,</span> <span class='ocrx_word' id='word_1_605' title='bbox 860 4269 945 4336; x_wconf 86' lang='lat' dir='ltr'>hane</span> <span class='ocrx_word' id='word_1_606' title='bbox 974 4271 1133 4334; x_wconf 84' lang='lat' dir='ltr'>rationem</span> <span class='ocrx_word' id='word_1_607' title='bbox 1184 4267 1345 4414; x_wconf 53' lang='lat' dir='ltr'>quisgiam</span> <span class='ocrx_word' id='word_1_608' title='bbox 1367 4263 1524 4332; x_wconf 86' lang='lat' dir='ltr'>suoerdoti</span> <span class='ocrx_word' id='word_1_609' title='bbox 1547 4267 1673 4347; x_wconf 87' lang='lat' dir='ltr'>aperiat</span> <span class='ocrx_word' id='word_1_610' title='bbox 1693 4264 1858 4330; x_wconf 89' lang='lat' dir='ltr'>neminem</span> <span class='ocrx_word' id='word_1_611' title='bbox 1874 4264 2025 4332; x_wconf 85' lang='lat' dir='ltr'>adsutum</span> <span class='ocrx_word' id='word_1_612' title='bbox 2046 4265 2156 4342; x_wconf 71' lang='lat' dir='ltr'>lohes,</span> 
     </span>
     <span class='ocr_line' id='line_1_47' title="bbox 158 4349 2157 4440; baseline -0.004 -19"><span class='ocrx_word' id='word_1_613' title='bbox 158 4355 267 4422; x_wconf 79' lang='lat' dir='ltr'>adfert</span> <span class='ocrx_word' id='word_1_614' title='bbox 293 4355 370 4437; x_wconf 90' lang='lat' dir='ltr'>quia</span> <span class='ocrx_word' id='word_1_615' title='bbox 397 4369 573 4440; x_wconf 84' lang='lat' dir='ltr'>utrumque</span> <span class='ocrx_word' id='word_1_616' title='bbox 600 4355 838 4422; x_wconf 80' lang='lat' dir='ltr'>sacramentum</span> <span class='ocrx_word' id='word_1_617' title='bbox 866 4355 910 4420; x_wconf 92' lang='lat' dir='ltr'>sit</span> <span class='ocrx_word' id='word_1_618' title='bbox 936 4365 969 4420; x_wconf 90' lang='lat' dir='ltr'>et</span> <span class='ocrx_word' id='word_1_619' title='bbox 994 4353 1133 4436; x_wconf 88' lang='lat' dir='ltr'>quadam</span> <span class='ocrx_word' id='word_1_620' title='bbox 1184 4373 1247 4434; x_wconf 90' lang='lat' dir='ltr'>quo</span> <span class='ocrx_word' id='word_1_621' title='bbox 1292 4374 1335 4416; x_wconf 89' lang='lat' dir='ltr'>ex</span> <span class='ocrx_word' id='word_1_622' title='bbox 1357 4351 1487 4432; x_wconf 86' lang='lat' dir='ltr'>seriptis</span> <span class='ocrx_word' id='word_1_623' title='bbox 1509 4361 1694 4416; x_wconf 82' lang='lat' dir='ltr'>sanatorum</span> <span class='ocrx_word' id='word_1_624' title='bbox 1723 4359 1853 4434; x_wconf 85' lang='lat' dir='ltr'>patrum</span> <span class='ocrx_word' id='word_1_625' title='bbox 1881 4359 1914 4414; x_wconf 90' lang='lat' dir='ltr'>et</span> <span class='ocrx_word' id='word_1_626' title='bbox 1940 4349 2157 4416; x_wconf 86' lang='lat' dir='ltr'>eealesiastiea</span> 
     </span>
     <span class='ocr_line' id='line_1_48' title="bbox 157 4433 2156 4525; baseline -0.006 -15"><span class='ocrx_word' id='word_1_627' title='bbox 157 4445 401 4510; x_wconf 78' lang='lat' dir='ltr'>consecratione</span> <span class='ocrx_word' id='word_1_628' title='bbox 433 4451 608 4525; x_wconf 87' lang='lat' dir='ltr'>utrumque</span> <span class='ocrx_word' id='word_1_629' title='bbox 635 4440 759 4506; x_wconf 88' lang='lat' dir='ltr'>homini</span> <span class='ocrx_word' id='word_1_630' title='bbox 788 4441 899 4517; x_wconf 84' lang='lat' dir='ltr'>detur,</span> <span class='ocrx_word' id='word_1_631' title='bbox 922 4439 1002 4504; x_wconf 89' lang='lat' dir='ltr'>illud</span> <span class='ocrx_word' id='word_1_632' title='bbox 1033 4461 1133 4522; x_wconf 90' lang='lat' dir='ltr'>quum</span> <span class='ocrx_word' id='word_1_633' title='bbox 1185 4437 1321 4502; x_wconf 89' lang='lat' dir='ltr'>historia</span> <span class='ocrx_word' id='word_1_634' title='bbox 1359 4434 1486 4500; x_wconf 87' lang='lat' dir='ltr'>abunde</span> <span class='ocrx_word' id='word_1_635' title='bbox 1524 4437 1675 4519; x_wconf 88' lang='lat' dir='ltr'>eognosoi</span> <span class='ocrx_word' id='word_1_636' title='bbox 1714 4445 1829 4518; x_wconf 86' lang='lat' dir='ltr'>potest.</span> <span class='ocrx_word' id='word_1_637' title='bbox 1885 4433 1924 4500; x_wconf 91' lang='lat' dir='ltr'>Id</span> <span class='ocrx_word' id='word_1_638' title='bbox 1956 4439 2043 4502; x_wconf 89' lang='lat' dir='ltr'>enim</span> <span class='ocrx_word' id='word_1_639' title='bbox 2076 4436 2156 4499; x_wconf 90' lang='lat' dir='ltr'>satis</span> 
     </span>
     <span class='ocr_line' id='line_1_49' title="bbox 157 4519 2154 4610; baseline -0.005 -16"><span class='ocrx_word' id='word_1_640' title='bbox 157 4529 353 4609; x_wconf 81' lang='lat' dir='ltr'>baptizatur,</span> <span class='ocrx_word' id='word_1_641' title='bbox 372 4527 458 4590; x_wconf 90' lang='lat' dir='ltr'>istud</span> <span class='ocrx_word' id='word_1_642' title='bbox 478 4549 575 4610; x_wconf 90' lang='lat' dir='ltr'>quum</span> <span class='ocrx_word' id='word_1_643' title='bbox 595 4525 773 4604; x_wconf 88' lang='lat' dir='ltr'>ordinetur,</span> <span class='ocrx_word' id='word_1_644' title='bbox 791 4525 928 4608; x_wconf 87' lang='lat' dir='ltr'>ideoque</span> <span class='ocrx_word' id='word_1_645' title='bbox 944 4527 980 4590; x_wconf 92' lang='lat' dir='ltr'>in</span> <span class='ocrx_word' id='word_1_646' title='bbox 998 4525 1134 4592; x_wconf 87' lang='lat' dir='ltr'>eoelesia</span> <span class='ocrx_word' id='word_1_647' title='bbox 1184 4543 1341 4606; x_wconf 88' lang='lat' dir='ltr'>apparere</span> <span class='ocrx_word' id='word_1_648' title='bbox 1363 4521 1548 4604; x_wconf 88' lang='lat' dir='ltr'>plerosque,</span> <span class='ocrx_word' id='word_1_649' title='bbox 1577 4544 1657 4604; x_wconf 89' lang='lat' dir='ltr'>quos</span> <span class='ocrx_word' id='word_1_650' title='bbox 1679 4520 1788 4588; x_wconf 90' lang='lat' dir='ltr'>iudieii</span> <span class='ocrx_word' id='word_1_651' title='bbox 1811 4521 1914 4586; x_wconf 89' lang='lat' dir='ltr'>divini</span> <span class='ocrx_word' id='word_1_652' title='bbox 1936 4531 2043 4588; x_wconf 89' lang='lat' dir='ltr'>metus</span> <span class='ocrx_word' id='word_1_653' title='bbox 2064 4519 2154 4602; x_wconf 87' lang='lat' dir='ltr'>plus·</span> 
     </span>
     <span class='ocr_line' id='line_1_50' title="bbox 157 4603 2155 4690; baseline -0.007 -11"><span class='ocrx_word' id='word_1_654' title='bbox 157 4613 317 4680; x_wconf 81' lang='lat' dir='ltr'>catholiea</span> <span class='ocrx_word' id='word_1_655' title='bbox 339 4621 494 4678; x_wconf 91' lang='lat' dir='ltr'>neutrum</span> <span class='ocrx_word' id='word_1_656' title='bbox 517 4613 613 4678; x_wconf 89' lang='lat' dir='ltr'>lieore</span> <span class='ocrx_word' id='word_1_657' title='bbox 635 4613 756 4678; x_wconf 88' lang='lat' dir='ltr'>iterari.</span> <span class='ocrx_word' id='word_1_658' title='bbox 1184 4610 1293 4673; x_wconf 87' lang='lat' dir='ltr'>ouium</span> <span class='ocrx_word' id='word_1_659' title='bbox 1328 4607 1486 4690; x_wconf 85' lang='lat' dir='ltr'>agitabat,</span> <span class='ocrx_word' id='word_1_660' title='bbox 1520 4607 1608 4672; x_wconf 93' lang='lat' dir='ltr'>ultro</span> <span class='ocrx_word' id='word_1_661' title='bbox 1641 4608 1738 4672; x_wconf 91' lang='lat' dir='ltr'>etiam</span> <span class='ocrx_word' id='word_1_662' title='bbox 1777 4607 1904 4672; x_wconf 86' lang='lat' dir='ltr'>oooulta</span> <span class='ocrx_word' id='word_1_663' title='bbox 1935 4603 2155 4672; x_wconf 89' lang='lat' dir='ltr'>saeerdetibus</span> 
     </span>
     <span class='ocr_line' id='line_1_51' title="bbox 245 4690 2153 4782; baseline -0.005 -19"><span class='ocrx_word' id='word_1_664' title='bbox 245 4698 489 4781; x_wconf 89' lang='lat' dir='ltr'>Respondimus</span> <span class='ocrx_word' id='word_1_665' title='bbox 510 4699 613 4782; x_wconf 87' lang='lat' dir='ltr'>igitur</span> <span class='ocrx_word' id='word_1_666' title='bbox 624 4699 748 4775; x_wconf 84' lang='lat' dir='ltr'>Cereio,</span> <span class='ocrx_word' id='word_1_667' title='bbox 770 4719 831 4762; x_wconf 91' lang='lat' dir='ltr'>nos</span> <span class='ocrx_word' id='word_1_668' title='bbox 853 4719 959 4780; x_wconf 89' lang='lat' dir='ltr'>neque</span> <span class='ocrx_word' id='word_1_669' title='bbox 980 4698 1009 4760; x_wconf 91' lang='lat' dir='ltr'>si</span> <span class='ocrx_word' id='word_1_670' title='bbox 1031 4698 1133 4764; x_wconf 90' lang='lat' dir='ltr'>eoele-</span> <span class='ocrx_word' id='word_1_671' title='bbox 1184 4691 1410 4776; x_wconf 91' lang='lat' dir='ltr'>aliquomodo</span> <span class='ocrx_word' id='word_1_672' title='bbox 1432 4693 1594 4758; x_wconf 77' lang='lat' dir='ltr'>confessos</span> <span class='ocrx_word' id='word_1_673' title='bbox 1615 4695 1714 4758; x_wconf 85' lang='lat' dir='ltr'>fuisse</span> <span class='ocrx_word' id='word_1_674' title='bbox 1735 4705 1769 4758; x_wconf 87' lang='lat' dir='ltr'>et</span> <span class='ocrx_word' id='word_1_675' title='bbox 1791 4690 1920 4775; x_wconf 88' lang='lat' dir='ltr'>aliquod</span> <span class='ocrx_word' id='word_1_676' title='bbox 1942 4693 1982 4757; x_wconf 93' lang='lat' dir='ltr'>ab</span> <span class='ocrx_word' id='word_1_677' title='bbox 2010 4691 2057 4754; x_wconf 88' lang='lat' dir='ltr'>eis</span> <span class='ocrx_word' id='word_1_678' title='bbox 2079 4709 2153 4769; x_wconf 89' lang='lat' dir='ltr'>pos·</span> 
     </span>
     <span class='ocr_line' id='line_1_52' title="bbox 157 4774 2155 4867; baseline -0.006 -18"><span class='ocrx_word' id='word_1_679' title='bbox 157 4787 226 4850; x_wconf 89' lang='lat' dir='ltr'>siae</span> <span class='ocrx_word' id='word_1_680' title='bbox 243 4785 523 4867; x_wconf 77' lang='lat' dir='ltr'>istasymbolaita</span> <span class='ocrx_word' id='word_1_681' title='bbox 542 4793 578 4848; x_wconf 89' lang='lat' dir='ltr'>ut</span> <span class='ocrx_word' id='word_1_682' title='bbox 596 4785 823 4867; x_wconf 88' lang='lat' dir='ltr'>praemisimus</span> <span class='ocrx_word' id='word_1_683' title='bbox 841 4799 1008 4864; x_wconf 85' lang='lat' dir='ltr'>usurpent,</span> <span class='ocrx_word' id='word_1_684' title='bbox 1028 4803 1133 4864; x_wconf 87' lang='lat' dir='ltr'>neque</span> <span class='ocrx_word' id='word_1_685' title='bbox 1184 4781 1343 4844; x_wconf 89' lang='lat' dir='ltr'>nitentiae</span> <span class='ocrx_word' id='word_1_686' title='bbox 1375 4778 1565 4842; x_wconf 84' lang='lat' dir='ltr'>exereitium</span> <span class='ocrx_word' id='word_1_687' title='bbox 1599 4779 1794 4862; x_wconf 82' lang='lat' dir='ltr'>sussepisse,</span> <span class='ocrx_word' id='word_1_688' title='bbox 1826 4800 1900 4844; x_wconf 89' lang='lat' dir='ltr'>eum</span> <span class='ocrx_word' id='word_1_689' title='bbox 1937 4774 2155 4842; x_wconf 86' lang='lat' dir='ltr'>oensolatione</span> 
     </span>
     <span class='ocr_line' id='line_1_53' title="bbox 157 4863 2154 4952; baseline -0.005 -18"><span class='ocrx_word' id='word_1_690' title='bbox 157 4873 260 4934; x_wconf 89' lang='lat' dir='ltr'>etiam</span> <span class='ocrx_word' id='word_1_691' title='bbox 283 4871 311 4935; x_wconf 89' lang='lat' dir='ltr'>si</span> <span class='ocrx_word' id='word_1_692' title='bbox 333 4881 537 4935; x_wconf 79' lang='lat' dir='ltr'>sacramenta</span> <span class='ocrx_word' id='word_1_693' title='bbox 560 4879 679 4935; x_wconf 88' lang='lat' dir='ltr'>vooent</span> <span class='ocrx_word' id='word_1_694' title='bbox 700 4889 892 4952; x_wconf 87' lang='lat' dir='ltr'>repugnare,</span> <span class='ocrx_word' id='word_1_695' title='bbox 921 4867 978 4933; x_wconf 90' lang='lat' dir='ltr'>sed</span> <span class='ocrx_word' id='word_1_696' title='bbox 1002 4868 1133 4934; x_wconf 90' lang='lat' dir='ltr'>studere</span> <span class='ocrx_word' id='word_1_697' title='bbox 1184 4865 1406 4930; x_wconf 86' lang='lat' dir='ltr'>absolutionis.</span> <span class='ocrx_word' id='word_1_698' title='bbox 1457 4863 1542 4928; x_wconf 90' lang='lat' dir='ltr'>Nam</span> <span class='ocrx_word' id='word_1_699' title='bbox 1577 4885 1680 4946; x_wconf 89' lang='lat' dir='ltr'>quum</span> <span class='ocrx_word' id='word_1_700' title='bbox 1708 4863 1744 4928; x_wconf 93' lang='lat' dir='ltr'>hi</span> <span class='ocrx_word' id='word_1_701' title='bbox 1774 4863 1924 4930; x_wconf 91' lang='lat' dir='ltr'>viderent</span> <span class='ocrx_word' id='word_1_702' title='bbox 1950 4867 2074 4943; x_wconf 87' lang='lat' dir='ltr'>quanta</span> <span class='ocrx_word' id='word_1_703' title='bbox 2104 4879 2154 4924; x_wconf 88' lang='lat' dir='ltr'>ss·</span> 
     </span>
     <span class='ocr_line' id='line_1_54' title="bbox 158 4953 1387 5040; baseline -0.001 -20"><span class='ocrx_word' id='word_1_704' title='bbox 158 4957 258 5020; x_wconf 87' lang='lat' dir='ltr'>stiam</span> <span class='ocrx_word' id='word_1_705' title='bbox 278 4965 316 5019; x_wconf 90' lang='grc' dir='ltr'>ιιι</span> <span class='ocrx_word' id='word_1_706' title='bbox 331 4957 452 5040; x_wconf 91' lang='lat' dir='ltr'>ubique</span> <span class='ocrx_word' id='word_1_707' title='bbox 470 4955 511 5020; x_wconf 89' lang='lat' dir='ltr'>ad</span> <span class='ocrx_word' id='word_1_708' title='bbox 523 4977 597 5022; x_wconf 81' lang='lat' dir='ltr'>eum</span> <span class='ocrx_word' id='word_1_709' title='bbox 608 4953 741 5020; x_wconf 91' lang='lat' dir='ltr'>modum</span> <span class='ocrx_word' id='word_1_710' title='bbox 753 4955 985 5020; x_wconf 88' lang='lat' dir='ltr'>restituantur:</span> <span class='ocrx_word' id='word_1_711' title='bbox 1003 4962 1133 5020; x_wconf 75' lang='lat' dir='ltr'>tantum</span> <span class='ocrx_word' id='word_1_712' title='bbox 1185 5011 1387 5021; x_wconf 59' lang='lat'>.....„.„</span> 
     </span>
    </p>
   </div>
   <div class='ocr_carea' id='block_1_3' title="bbox 161 5083 1443 5148">
    <p class='ocr_par' dir='ltr' id='par_1_3' title="bbox 161 5083 1443 5148">
     <span class='ocr_line' id='line_1_55' title="bbox 161 5083 1443 5148; baseline 0.002 -12"><span class='ocrx_word' id='word_1_713' title='bbox 161 5099 265 5106; x_wconf 43' lang='lat' dir='ltr'>‘⁶‘ss</span> <span class='ocrx_word' id='word_1_714' title='bbox 296 5097 364 5105; x_wconf 74' lang='grc'>·“““</span> <span class='ocrx_word' id='word_1_715' title='bbox 1270 5083 1316 5148; x_wconf 81' lang='lat'>21)</span> <span class='ocrx_word' id='word_1_716' title='bbox 1335 5084 1443 5139; x_wconf 73' lang='lat' dir='ltr'>famant</span> 
     </span>
    </p>
   </div>
   <div class='ocr_carea' id='block_1_4' title="bbox 246 5145 2155 5299">
    <p class='ocr_par' dir='ltr' id='par_1_4' title="bbox 246 5145 2155 5299">
     <span class='ocr_line' id='line_1_56' title="bbox 247 5145 2155 5228; baseline -0.01 -5"><span class='ocrx_word' id='word_1_717' title='bbox 247 5161 293 5222; x_wconf 70' lang='lat'>191</span> <span class='ocrx_word' id='word_1_718' title='bbox 312 5163 402 5215; x_wconf 84' lang='lat' dir='ltr'>nunet</span> <span class='ocrx_word' id='word_1_719' title='bbox 419 5163 461 5217; x_wconf 83' lang='lat' dir='ltr'>ael</span> <span class='ocrx_word' id='word_1_720' title='bbox 475 5163 607 5228; x_wconf 68' lang='lat' dir='ltr'>sertum:</span> <span class='ocrx_word' id='word_1_721' title='bbox 624 5177 684 5214; x_wconf 86' lang='lat' dir='ltr'>eom</span> <span class='ocrx_word' id='word_1_722' title='bbox 703 5201 710 5213; x_wconf 84' lang='lat'>.</span> <span class='ocrx_word' id='word_1_723' title='bbox 731 5197 763 5212; x_wconf 91' lang='lat'>..</span> <span class='ocrx_word' id='word_1_724' title='bbox 1270 5151 1318 5218; x_wconf 57' lang='grc' dir='ltr'>ᾗ)</span> <span class='ocrx_word' id='word_1_725' title='bbox 1337 5153 1428 5210; x_wconf 75' lang='lat' dir='ltr'>Lotus</span> <span class='ocrx_word' id='word_1_726' title='bbox 1450 5153 1614 5222; x_wconf 68' lang='lat' dir='ltr'>demeretur.</span> <span class='ocrx_word' id='word_1_727' title='bbox 1661 5154 1739 5210; x_wconf 82' lang='lat' dir='ltr'>Huee</span> <span class='ocrx_word' id='word_1_728' title='bbox 1761 5161 1785 5208; x_wconf 82' lang='lat' dir='ltr'>et</span> <span class='ocrx_word' id='word_1_729' title='bbox 1806 5149 1944 5219; x_wconf 76' lang='lat' dir='ltr'>reparatio</span> <span class='ocrx_word' id='word_1_730' title='bbox 1964 5145 2068 5217; x_wconf 78' lang='lat' dir='ltr'>Oedipo</span> <span class='ocrx_word' id='word_1_731' title='bbox 2085 5165 2155 5220; x_wconf 82' lang='lat' dir='ltr'>opere</span> 
     </span>
     <span class='ocr_line' id='line_1_57' title="bbox 246 5219 1923 5299; baseline -0.01 -13"><span class='ocrx_word' id='word_1_732' title='bbox 246 5227 294 5296; x_wconf 78' lang='lat'>20)</span> <span class='ocrx_word' id='word_1_733' title='bbox 312 5229 381 5299; x_wconf 80' lang='lat' dir='ltr'>lepe:</span> <span class='ocrx_word' id='word_1_734' title='bbox 398 5237 447 5284; x_wconf 80' lang='lat' dir='ltr'>est</span> <span class='ocrx_word' id='word_1_735' title='bbox 1186 5223 1320 5288; x_wconf 69' lang='lat' dir='ltr'>boboeat,</span> <span class='ocrx_word' id='word_1_736' title='bbox 1338 5232 1361 5275; x_wconf 84' lang='lat' dir='ltr'>rt</span> <span class='ocrx_word' id='word_1_737' title='bbox 1377 5223 1555 5291; x_wconf 77' lang='lat' dir='ltr'>probabiliter</span> <span class='ocrx_word' id='word_1_738' title='bbox 1571 5223 1704 5280; x_wconf 73' lang='lat' dir='ltr'>maudo</span> <span class='ocrx_word' id='word_1_739' title='bbox 1720 5219 1923 5278; x_wconf 64' lang='lat' dir='ltr'>tatnetderaat.</span> 
     </span>
    </p>
   </div>
   <div class='ocr_carea' id='block_1_5' title="bbox 0 0 2430 6022">
    <p class='ocr_par' dir='ltr' id='par_1_5' title="bbox 0 0 2430 6022">
     <span class='ocr_line' id='line_1_58' title="bbox 0 0 2430 6022; baseline 0 5"><span class='ocrx_word' id='word_1_740' title='bbox 0 0 2430 6022; x_wconf 95' lang='lat' dir='ltr'> </span> 
     </span>
    </p>
   </div>
  </div>
 </body>
</html>
