4804 6012
250 282 317 350 ms
1139 270 1367 364 consum.
2198 270 2256 332 eu

250 465 342 546 lunt,
369 487 468 549 quam
488 463 678 548 eoniugium
699 462 804 528 fateri.
848 462 952 544 Atqui
978 461 1008 528 si
1034 481 1076 527 ex
1104 459 1231 528 duobus
1282 461 1379 540 enim,
1401 481 1503 562 quum
1526 459 1652 528 videret
1669 459 1889 528 adulterinum
1906 458 2095 544 eoniugium
2113 455 2257 534 maetam,

251 545 350 618 malis
372 551 568 617 alterutrum
590 549 712 634 eligere
739 548 897 632 oportuit,
924 547 1111 630 praestabat
1130 545 1229 612 liber
1282 545 1361 629 quid
1383 545 1473 612 ahud
1494 546 1558 612 fuit
1578 567 1677 632 quam
1695 546 1921 612 subscribere?
1945 545 2054 618 ‚Oerte
2075 539 2257 626 turpissimi
2369 615 2370 618 Ἴ

251 644 355 706 tatem
372 637 513 722 peeunia
529 635 699 714 redimere,
718 654 816 718 quam
834 653 869 700 se
887 631 1077 718 demergere
1087 631 1124 696 in
1141 632 1231 698 huno
1282 631 1435 698 lenooinii
1456 654 1513 700 raa
1534 639 1680 712 tenetur,
1710 652 1793 717 quae
1820 632 1935 698 velens
1957 640 1991 698 et
2011 631 2118 698 seiens
2140 627 2257 693 marite

252 719 308 806 lab
331 723 489 789 rinthum.
533 721 620 788 Nam
641 719 718 785 inde
740 719 865 790 fautum
886 728 950 796 est,
972 727 1011 783 ut
1034 717 1163 798 mulier,
1186 717 1230 784 si·
1283 717 1433 801 permisit
1453 738 1489 784 se
1510 719 1558 784 ita
1579 718 1784 802 prostituere.
1827 717 1983 803 Rogabis,
2028 717 2159 782 misnam
2182 733 2258 796 ergo

253 746 423 892 mudatque
440 805 585 890 obrepsit
601 803 769 872 fastidium
786 805 907 884 mariti,
929 803 1080 888 neglecta
1101 803 1164 870 lide
1182 801 1230 868 di·
1284 803 1328 868 sit
1345 803 1463 870 exitus.
1496 802 1595 870 Certe
1617 805 1681 870 nisi
1702 801 1888 870 hominibus
1906 739 2039 872 eoneedi

253 895 399 960 vor-tium
420 892 556 958 faeeret:
585 890 698 957 eadem
720 891 854 956 levitate
876 887 1031 969 maritus,
1054 909 1160 956 'eausa
1180 889 1231 954 in-
1284 887 1389 956 eonde
1415 889 1572 956 maiorem
1594 887 1760 1040 Xeeeandi
1793 889 1958 956 lieentiam
1986 887 2048 954 sibi
2077 886 2258 970 nequirem,

254 980 396 1064 eognite,
420 977 462 1044 ad
483 997 585 1044 nevas
603 979 733 1062 nuptias
751 976 980 1043 transvolaret
1011 975 1115 1060 Digni
1136 975 1232 1040 ambo
1283 985 1422 1058 uterque
1443 975 1593 1058 primafi
1616 997 1634 1040 e
1655 983 1769 1040 manet
1785 975 1973 1042 devinetus:
1996 993 2102 1056 neque
2120 970 2189 1038 alia
2214 991 2258 1036 so

253 1064 289 1131 in
311 1086 392 1148 ques
414 1084 529 1132 severo
552 1061 850 1142 animadvertatur,
879 1059 1007 1148 indigni
1033 1061 1070 1125 in
1092 1082 1231 1144 querum
1284 1061 1421 1127 lutienis
1439 1062 1523 1128 ratio
1541 1069 1686 1145 apparet,
1704 1061 1769 1127 nisi
1786 1062 1886 1128 utvir
1903 1082 1938 1126 se
1956 1059 2142 1128 adulterum
2160 1057 2259 1122 fuisse

315 1156 394 1214 tiem
417 1155 485 1214 tam
512 1149 673 1215 laboriose
701 1147 741 1214 de
767 1147 925 1232 perplexa
954 1168 1052 1214 eausa
1073 1147 1230 1230 inquiras.
1283 1145 1436 1226 fateatur,
1460 1147 1516 1213 ubi
1534 1147 1576 1214 ad
1593 1146 1770 1214 seeundsm
1787 1168 1925 1213 uxerem
1942 1156 2149 1231 praepostera
2168 1151 2258 1207 tran·

253 1170 339 1318 griis
367 1236 455 1302 enim
492 1235 558 1299 iam
587 1231 696 1300 exitus
732 1233 936 1318 reperietur?
992 1233 1086 1300 Uxor
1117 1233 1232 1318 iugum
1284 1233 1356 1298 siit:
1390 1231 1511 1298 mulier
1537 1254 1573 1298 se
1601 1255 1729 1318 quoque
1761 1233 1883 1300 seeiam
1914 1233 2062 1300 oriminis
2094 1237 2258 1314 agnoscat,

252 1321 364 1389 mariti
385 1319 594 1398 excutiendo,
620 1319 759 1386 violavit
784 1318 897 1384 datam
918 1318 1026 1384 fidem.
1069 1317 1232 1384 Volunta·
1283 1320 1348 1384 ime
1393 1317 1510 1384 rimam
1532 1319 1647 1402 eulpae
1668 1319 1830 1404 originem
1849 1317 1887 1384 in
1908 1339 1944 1385 se
1965 1315 2116 1384 residere.
2162 1313 2259 1380 Nune

252 1407 341 1472 rium
364 1427 442 1492 ergo
464 1405 525 1472 hoa
542 1405 720 1472 divortium
736 1426 803 1470 non
820 1403 933 1489 proeul
950 1404 1053 1470 abfuit
1075 1403 1115 1470 ab
1139 1403 1231 1469 adul-
1283 1405 1312 1472 si
1335 1339 1392 1468 adp
1402 1404 1545 1488 priorem
1573 1404 1681 1470 redire
1708 1403 1791 1470 nolit
1812 1403 1883 1485 ille,
1912 1403 2038 1472 suberit
2063 1422 2131 1470 non
2156 1420 2259 1485 parva

253 1492 329 1576 terii
352 1493 473 1575 speeie,
501 1493 571 1558 sive
597 1511 670 1556 eam
696 1491 881 1568 morositas,
910 1489 980 1558 sive
1001 1488 1101 1555 libido
1122 1491 1231 1574 impu·
1283 1489 1471 1558 eellusienis
1488 1490 1640 1576 suspicio,
1664 1498 1699 1556 et
1716 1511 1769 1556 res
1786 1491 1849 1556 erit
1865 1490 1943 1556 mali
1960 1489 2130 1573 turpisque
2147 1506 2259 1552 exem·

251 1577 301 1660 lit.
345 1577 473 1643 Verum
495 1578 643 1655 maritus,
667 1577 744 1660 quia
766 1597 818 1642 ras
844 1575 950 1644 adhue
971 1576 1126 1642 manebat
1147 1575 1230 1640 inte-
1282 1575 1339 1659 pli.
1371 1574 1506 1642 Mulieri
1527 1597 1610 1660 quae
1633 1575 1810 1642 divertium
1830 1589 1953 1642 temere
1970 1575 2054 1654 feeit,
2077 1595 2142 1640 non
2166 1569 2259 1638 video

252 1683 322 1750 gra,
345 1663 423 1730 lieet
444 1664 567 1728 frustra
593 1669 719 1728 tentata
740 1661 1016 1739 reconciliatione,
1046 1661 1232 1744 etquidem
1283 1659 1423 1726 liberum
1444 1682 1515 1727 esse
1541 1661 1594 1729 ius
1620 1662 1780 1740 nubendi,
1808 1661 1911 1728 denae
1938 1683 1974 1728 se
2001 1659 2044 1726 ad
2070 1657 2260 1726 reeoneiliu-

253 1749 400 1832 saepius:
431 1748 543 1814 debuit
563 1747 700 1898 &aeduis
722 1748 831 1833 potius
852 1749 963 1814 subire
986 1747 1172 1828 discrimen,
1195 1754 1233 1815 ut
1282 1748 1407 1813 tionem
1428 1745 1592 1812 obtulerit
1642 1744 1732 1830 Quid
1759 1749 1856 1813 faeiet
1876 1746 1953 1813 ille?
1983 1747 2048 1812 nisi
2075 1745 2173 1813 valde
2203 1741 2258 1807 isl-

254 1854 328 1899 eam
351 1833 392 1900 ad
415 1843 568 1918 praestan
590 1855 647 1900 um
664 1834 808 1900 effieium
826 1841 966 1920 eogeret,
988 1854 1088 1916 quam
1110 1840 1143 1898 et
1164 1833 1231 1917 pri·
1282 1833 1348 1913 lor,
1382 1831 1575 1916 perplexum
1603 1833 1739 1899 haerere
1765 1853 1898 1900 neeesse
1927 1833 1998 1899 erit
2053 1833 2126 1918 Ege
2157 1831 2260 1914 igitur

253 1927 331 1986 vate
353 1919 489 1986 oonsilio
507 1941 638 1986 ssorum
656 1926 691 1986 et
710 1918 886 1986 insolubile
904 1917 1076 1985 vineulum
1098 1919 1230 1984 abrum·
1282 1917 1361 2002 quid
1382 1919 1606 2001 pronuneiem,
1628 1919 1695 1984 nisi
1712 1919 1890 2004 perspeetis
1909 1919 2028 1984 melius
2045 1919 2260 1986 eireumstan·

252 2023 340 2092 pere,
364 2013 398 2070 et
415 2003 478 2072 sibi
495 2004 651 2070 iudieium
669 2026 800 2070 sumere
817 2006 854 2070 in
871 2005 1002 2090 propria
1019 2025 1126 2072 eausa
1162 2003 1231 2070 Ite-
1281 2004 1349 2082 tiis,
1370 2024 1439 2068 non
1460 2005 1596 2103 reperio.
1639 2005 1690 2071 Ae
1710 2013 1744 2070 ts
1766 2025 1855 2090 rogo,
1878 2005 1998 2072 eximie
2019 2005 2081 2084 vir,
2109 2011 2148 2068 ut
2170 2021 2261 2066 meae

253 2110 317 2176 que
339 2090 500 2157 seeundas
522 2091 633 2156 uxoris
661 2090 807 2158 induetio
834 2089 918 2156 nibil
943 2089 1032 2156 aliud
1052 2097 1111 2170 est,
1133 2110 1231 2174 quam
1283 2087 1478 2156 dubitationi
1498 2111 1659 2176 ignoseas,
1682 2091 1711 2156 si
1732 2089 1772 2157 de
1794 2113 1830 2156 re
1848 2089 1928 2157 adeo
1946 2091 2080 2158 eoniusa
2096 2090 2188 2156 inter
2209 2087 2260 2152 he·

253 2195 384 2242 merum
406 2176 605 2242 adulterium
632 2176 770 2242 honesto
792 2176 935 2262 eoniugii
958 2175 1055 2242 titulo
1076 2175 1230 2243 velatum.
1282 2177 1388 2242 mines
1410 2176 1538 2261 ignotos
1560 2176 1717 2242 iudieium
1738 2177 1824 2242 ferre
1845 2197 1913 2242 non
1930 2176 2045 2246 audeo.
2076 2175 2160 2242 Plus
2177 2173 2260 2239 ferte

253 2259 368 2345 Neque
386 2261 475 2327 enim
494 2261 552 2327 illa
573 2263 686 2329 uxoris
708 2261 904 2330 discessione
926 2261 1009 2328 liber
1026 2269 1106 2340 erat,
1128 2260 1231 2329 donee
1283 2261 1406 2346 aliquid
1429 2283 1449 2326 a
1470 2283 1523 2328 ma
1546 2262 1758 2346 exspectasti:
1788 2261 1866 2328 boni
1893 2261 2044 2329 eonsules
2072 2262 2159 2346 quod
2187 2281 2259 2344 pos·

253 2345 285 2412 le
309 2348 400 2414 itime
422 2348 589 2432 eognitum
610 2348 703 2427 foret,
726 2369 784 2414 sue
806 2347 877 2413 iure
899 2369 975 2413 eum
996 2345 1130 2430 privari
1166 2347 1231 2414 aa·
1283 2369 1365 2414 sum.
1414 2346 1498 2412 Vale
1525 2347 1628 2414 frater
1655 2347 1740 2413 mihi
1766 2346 1963 2414 honorande.
2013 2347 2178 2414 Dominus
2206 2345 2260 2412 tibi

252 2369 337 2498 tollit
353 2433 457 2518 igitur
471 2432 657 2514 seeundam,
678 2433 732 2500 eui
749 2431 848 2500 fidem
863 2434 930 2498 iam
947 2432 1024 2498 alibi
1042 2433 1232 2500 obstr-iotam
1283 2453 1352 2500 sem
1395 2431 1530 2513 rsdsit,
1551 2443 1584 2500 te
1650 2431 1767 2500 bornat
1783 2433 1903 2518 spiritu
1920 2432 2115 2518 prudentiae
2136 2441 2173 2500 et
2194 2454 2259 2499 ree·

251 2520 347 2667 {guasi
378 2519 505 2586 solutus
533 2518 632 2586 dedit.
682 2517 817 2586 Mulieri
845 2539 973 2604 quoque
1000 2517 1103 2586 nihilo
1128 2519 1233 2586 maior
1283 2517 1348 2584 titu
1372 2519 1449 2598 inis,
1488 2519 1596 2604 praesi
1621 2519 1649 2584 ὀ
1683 2526 1830 2600 tueatur,
1868 2527 1902 2585 at
1935 2521 2058 2586 virtute
2089 2520 2257 2588 sustineat

267 2601 398 2684 ihomas,
421 2626 504 2689 quae
525 2605 727 2672 eeeasionem
750 2603 911 2671 adulterio
932 2603 1092 2688 praebuit.
1126 2601 1233 2672 Silere
1285 2607 1314 2671 3.
1336 2603 1500 2672 (islandus
1523 2603 1673 2672 Ianuami
1699 2609 1788 2671 1557.

2040 810 2103 880 tur,
2126 807 2165 865 ut
2185 818 2257 882 pao·
2371 813 2372 816 ’
