4852 6022
166 345 225 408 aaa
457 307 461 314 ’
675 425 678 430 Δ
1067 341 1148 404 raas
1169 342 1261 412 ma.
2101 351 2167 415 ees

166 535 293 600 vocatio
321 553 387 598 non
415 531 532 599 accidit
558 533 629 597 sinc
657 531 722 596 Dei
750 529 926 597 voluntate.
978 527 1138 610 Quamvis
1189 533 1313 611 tendat,
1335 531 1509 618 indignum
1531 555 1603 600 osse
1619 535 1674 618 qui
1696 555 1755 618 pro
1777 541 1907 617 pastore
1930 533 2099 612 habeatur,
2120 545 2164 602 ut

167 622 256 684 enirn
283 618 421 684 mutatio
448 619 507 682 illa
534 639 616 701 quae
653 626 765 683 nostro
794 617 938 683 discessu
966 616 1052 681 facta
1078 623 1137 691 est,
1190 620 1238 683 illi
1260 619 1446 684 obedientia
1473 621 1655 685 ministerio
1682 620 1791 686 debita
1818 619 2021 686 exhibeatur.
2074 621 2166 704 Quia

168 704 289 770 diaboli
311 705 447 768 artifieio
469 703 656 786 deputanda
675 705 727 782 sit,
758 715 796 768 ut
816 701 973 785 qiridquid
994 721 1067 765 eam
1089 709 1139 764 est
1190 725 1269 770 vero
1291 705 1372 768 mihi
1394 712 1522 770 constat
1543 705 1583 770 de
1605 707 1761 772 fratribus
1779 707 1898 772 nostris
1919 708 1972 788 qui
1992 706 2080 790 apud
2102 728 2164 774 vos

167 799 404 874 consequutum
430 791 523 854 vobis
555 791 672 854 merito
704 799 892 873 suspectum
926 808 997 853 essa
1023 786 1138 868 possit:
1191 788 1287 854 hodie
1309 791 1481 856 ministerii
1509 790 1615 856 locum
1644 801 1773 862 tenent.
1804 791 1910 856 doceri
1938 812 1997 856 vos
2019 813 2163 878 evange-

166 879 202 942 in
232 896 272 942 ea
297 884 407 940 tamen
437 875 614 958 singularis
635 875 770 940 Domini
799 874 906 958 gratia
933 869 1140 958 agnoscenda
1191 875 1270 940 lium
1289 897 1348 960 per
1365 876 1448 954 illos,
1471 896 1537 940 non
1553 875 1649 942 video
1667 877 1745 960 quid
1762 897 1918 942 excusare
1937 877 2034 943 liceat
2050 897 2161 944 coram

167 963 261 1028 vobis
282 973 341 1039 est,
364 962 421 1044 qui
443 960 575 1026 destitui
596 983 655 1025 vos
678 961 774 1044 plene
795 981 859 1024 non
883 958 1055 1024 sustinuit:
1084 979 1140 1020 ue·
1191 962 1344 1036 Domino,
1368 960 1445 1026 dum
1467 961 1541 1026 illos
1563 961 1737 1046 negligetis
1759 971 1817 1026 aut
1832 961 1994 1028 reiicietis.
2029 962 2066 1028 Si
2089 963 2162 1046 quis

168 1069 231 1132 qqe
254 1069 311 1113 vos
328 1046 431 1112 relabi
452 1048 512 1111 sub
523 1047 719 1112 Antichristi
740 1047 863 1128 iugum,
887 1068 907 1108 a
927 1064 991 1126 quo
1013 1062 1071 1108 vos
1089 1061 1139 1106 se·
1191 1047 1385 1130 respoudeat
1406 1047 1468 1110 hoo
1490 1047 1540 1111 vel
1563 1046 1646 1112 illud
1664 1049 1698 1112 in
1717 1069 1829 1112 eorum
1852 1047 1999 1112 doctrina
2020 1049 2073 1114 vel
2092 1071 2162 1114 mo·

168 1135 234 1199 mel
269 1135 417 1198 asseruit
463 1130 530 1198 Sed
562 1133 669 1215 potius
702 1139 734 1196 et
767 1131 947 1195 doctrinam
975 1127 1138 1211 evangelii
1191 1134 1281 1198 ribus
1308 1133 1369 1196 sibi
1396 1155 1462 1196 non
1489 1133 1631 1214 placere,
1663 1133 1805 1215 primum
1834 1154 1853 1196 a
1881 1132 1971 1198 vobis
2000 1133 2162 1200 contendo

170 1217 255 1302 apud
290 1239 349 1284 ros
381 1229 511 1283 exstare
545 1219 652 1282 adhuc
684 1218 803 1292 voluit,
845 1231 876 1280 et
906 1217 1047 1298 aliquam
1088 1232 1139 1277 eo·
1191 1239 1249 1302 per
1271 1219 1449 1283 Dominum
1477 1229 1627 1283 nostrum
1653 1219 1762 1284 Iesum
1787 1217 1972 1296 Obristum,
2002 1227 2039 1284 ut
2067 1217 2162 1303 quid·

170 1305 288 1372 clasiae
309 1306 447 1370 formam
470 1305 598 1388 vigere,
628 1313 664 1368 ut
685 1313 799 1386 pacata
825 1301 1022 1367 conscientia
1044 1319 1140 1382 agere
1191 1303 1363 1386 quidesse
1392 1305 1609 1386 potestserio
1642 1303 1834 1387 expendatis
1859 1305 2001 1386 primum
2030 1313 2063 1370 et
2091 1305 2163 1370 sine

169 1393 243 1456 istic
264 1390 382 1455 liceret.
427 1388 669 1454 Admonuimus
697 1409 755 1453 vos
777 1409 906 1470 semper
927 1395 964 1450 ut
986 1405 1141 1469 agnosce-
1191 1390 1260 1454 ulla
1281 1387 1391 1454 iudicii
1419 1389 1696 1472 praecipitatione.
1747 1389 1857 1470 Quum
1889 1391 1977 1454 enim
2006 1389 2067 1456 hoo
2095 1391 2164 1456 sin·

170 1477 251 1541 retis
277 1475 367 1540 illam
396 1475 550 1541 ecclesiae
580 1483 708 1540 vestrae
734 1475 937 1540 eversionem
964 1483 1001 1535 ut
1028 1471 1140 1534 visita·
1192 1475 1260 1558 guli
1283 1475 1377 1540 nobis
1400 1475 1542 1540 vicissim
1556 1475 1729 1540 debeamus
1751 1497 1792 1539 ex
1814 1475 1919 1540 officio
1941 1477 2095 1554 caritatis,
2119 1497 2163 1542 ue

170 1563 294 1626 tionem
316 1559 451 1625 Domini
473 1577 506 1625 et
527 1561 621 1626 vobis
648 1569 683 1624 et
704 1561 798 1625 nobis
819 1558 1048 1623 necessariam:
1083 1575 1140 1619 ne-
1192 1572 1313 1626 temere
1335 1561 1369 1624 in
1392 1559 1471 1626 alios
1493 1561 1635 1625 feramus
1658 1563 1865 1638 sententiam,
1887 1559 1945 1626 sed
1966 1563 2074 1644 potius
2095 1561 2165 1628 ole-

171 1667 235 1730 qne
264 1659 331 1711 tam
359 1646 572 1711 attenderetis
598 1644 639 1710 ad
667 1645 831 1728 improbos
860 1653 894 1708 et
920 1641 1063 1708 Satanae
1089 1642 1141 1704 in·
1192 1646 1350 1711 mantiam
1373 1653 1406 1710 ot
1428 1648 1623 1728 aequitatem
1642 1647 1841 1712 retineamus
1864 1655 2024 1728 quantum
2044 1648 2081 1710 in
2103 1667 2161 1711 no·

171 1741 364 1810 aucmenta,
387 1753 485 1814 quam
509 1732 549 1796 ad
570 1733 703 1814 propria
725 1741 872 1814 peccata,
901 1749 983 1811 quae
1005 1747 1073 1791 non
1095 1727 1140 1791 le·
1191 1731 1241 1796 bis
1264 1732 1335 1806 erit,
1358 1732 1461 1796 multo
1482 1733 1586 1816 magis
1612 1731 1669 1797 illa
1691 1729 1867 1796 moderatio
1888 1730 2090 1797 observanda
2112 1739 2165 1798 est

172 1822 296 1884 viorem
323 1839 479 1902 poenam,
510 1819 575 1881 imo
602 1819 698 1900 louge
728 1818 825 1881 etiam
847 1814 1031 1899 graviorem
1053 1832 1140 1876 coru·
1192 1838 1272 1901 erga
1293 1816 1365 1882 illos
1387 1838 1468 1900 quos
1493 1817 1654 1882 Dominus
1682 1817 1889 1899 peculiariter
1917 1817 2060 1882 eminere
2082 1837 2163 1900 prae

172 1906 290 1969 merita
311 1905 385 1969 sint.
418 1903 511 1968 Idem
532 1905 634 1987 igitur
650 1901 743 1968 vobis
760 1923 848 1966 nunc
869 1900 968 1964 etiam
990 1917 1139 1982 suggero.
1194 1903 1267 1967 aliis
1289 1903 1402 1967 voluit.
1448 1904 1557 1985 Atque
1584 1903 1800 1967 etiamsinon
1824 1901 1908 1968 desit
1935 1902 2167 1986 quodinillia

172 1991 406 2071 Praeterquam
434 1991 520 2054 enim
549 1989 633 2072 qaod
662 1987 743 2052 illud
772 1995 822 2051 est
849 1986 1016 2068 singulare
1037 2003 1142 2048 reme·
1193 1989 1317 2071 requiri
1355 1989 1458 2070 possit
1496 1988 1552 2071 (de
1584 2009 1646 2070 quo
1676 2008 1741 2053 non
1774 2009 1905 2070 possum
1939 1989 2165 2070 pronuncias,

172 2075 264 2140 dium
285 2086 319 2139 et
335 2076 520 2158 appositum
543 2075 584 2138 ad
600 2072 808 2139 obtinendam
825 2072 998 2136 aDomi'no
1015 2069 1141 2133 miseri-
1194 2095 1294 2157 quum
1318 2073 1357 2137 de
1380 2095 1417 2138 eo
1440 2074 1522 2138 mihi
1544 2094 1610 2138 non
1628 2073 1764 2156 liqueat)
1786 2074 1878 2139 vobis
1900 2085 2010 2138 tamen
2033 2093 2165 2139 succur-

172 2161 316 2228 cordiam
338 2171 371 2226 et
393 2161 626 2224 relaxationem
644 2159 685 2224 ab
704 2159 792 2223 illius
813 2160 900 2222 iusto
920 2155 1040 2220 iudicio
1057 2153 1141 2236 quod
1194 2181 1267 2224 rere
1290 2159 1399 2238 debet,
1428 2161 1593 2224 neminem
1621 2159 1701 2224 adeo
1723 2159 1806 2223 bens
1827 2171 2050 2241 comparatum
2072 2161 2169 2223 inve-

172 2247 333 2312 incumbit
360 2245 466 2314 vobis.
496 2247 560 2310 alia
587 2247 686 2310 etiam
715 2245 798 2309 ratic
826 2243 937 2308 subest
964 2261 1047 2324 quae
1078 2241 1142 2304 huo
1194 2246 1267 2320 niri,
1286 2247 1320 2309 in
1338 2266 1402 2326 quo
1419 2265 1486 2309 non
1506 2245 1575 2308 sint
1593 2245 1691 2310 etiam
1709 2245 1815 2309 multa
1832 2265 1913 2327 quae
1931 2241 2167 2310 desiderentur.

172 2355 231 2398 vos
253 2331 348 2397 debet
368 2331 542 2398 adducere:
571 2353 613 2396 ne
636 2330 786 2395 videlicet
806 2327 963 2394 oblivioni
985 2325 1142 2390 mandare
1195 2330 1305 2411 Quare
1327 2331 1384 2394 illa
1404 2331 1551 2396 caritatis
1584 2331 1698 2414 regula
1726 2351 1746 2393 e
1774 2329 1867 2394 nobis
1889 2351 1955 2394 non
1977 2339 2166 2413 praestatur

171 2418 349 2483 videamini
371 2426 501 2482 tantum
518 2417 599 2481 illud
611 2417 745 2481 Domini
762 2437 841 2499 erga
862 2434 921 2478 voe
939 2412 1142 2486 beneficium,
1194 2416 1259 2482 nisi
1280 2415 1499 2482 sustineamus
1521 2417 1685 2499 proximos
1707 2437 1781 2480 cum
1803 2416 1947 2498 ipsorum
1965 2417 2167 2481 infirmitati·

171 2525 236 2586 qao
258 2505 377 2568 lactum
406 2518 457 2567 est
482 2513 520 2566 ut
549 2503 731 2568 aedificium
760 2499 922 2582 evangelii
950 2497 1046 2580 plane
1075 2517 1142 2560 non
1195 2502 1264 2578 bus,
1288 2499 1462 2566 dummodo
1483 2523 1598 2566 verum
1621 2499 1684 2564 Dei
1714 2502 1863 2566 timorem
1889 2502 1925 2565 in
1953 2502 2016 2566 illis
2046 2523 2164 2587 agnos·

171 2597 340 2656 corrueret
361 2589 447 2672 apud
470 2610 537 2667 vos,
559 2609 659 2670 quum
682 2586 763 2651 illud
780 2588 826 2650 ita
844 2583 1000 2660 substitit,
1022 2593 1060 2646 ut
1081 2583 1142 2646 mi·
1180 2607 1315 2664 camus,
1344 2599 1377 2650 et
1398 2587 1563 2652 sincerum
1585 2587 1739 2651 affectum
1760 2586 1931 2652 sectandae
1953 2588 2056 2670 ipsius
2078 2588 2165 2654 veri·

171 2674 275 2739 raouli
297 2675 366 2740 loeo
388 2673 574 2739 habendum
603 2673 646 2738 sit
667 2673 853 2754 exemplum
875 2667 958 2733 illud
980 2669 1142 2750 potentiae
1193 2673 1280 2737 tatis.
1324 2673 1495 2738 Postremo
1518 2672 1667 2738 dubitare
1690 2693 1754 2736 uon
1778 2693 1918 2754 possum,
1940 2673 2026 2754 quod
2048 2672 2090 2738 ad
2111 2673 2161 2757 ip-

170 2760 293 2844 ipsius,
322 2779 388 2842 qna
409 2781 475 2824 una
495 2761 535 2824 ab
557 2769 707 2823 extremo
727 2757 912 2823 calamitate
934 2763 1063 2820 tentum
1085 2753 1141 2816 ab·
1193 2779 1304 2822 sorum
1321 2757 1503 2823 doctrinam
1521 2761 1646 2837 attinet,
1669 2759 1747 2840 quin
1765 2756 1904 2823 fideliter
1923 2759 2015 2824 vobis
2034 2758 2169 2823 tradant

170 2846 308 2912 fueritis
353 2843 518 2928 Quidquid
541 2847 599 2922 sit,
629 2843 693 2909 Dei
713 2843 938 2926 providentiae
959 2860 1040 2922 opus
1061 2836 1143 2902 illud
1192 2843 1367 2926 praecipua
1394 2843 1591 2909 christianae
1618 2843 1784 2927 religionis
1811 2843 1918 2925 capita
1944 2852 1978 2908 ct
2010 2865 2093 2928 quae
2123 2843 2166 2909 sd

171 2930 331 3015 estquod
353 2939 487 2996 exstant
508 2931 650 2995 ministri
672 2930 745 2994 irtio
768 2929 823 3011 qui
846 2927 951 2991 locum
973 2933 1142 3009 pastorum
1193 2928 1332 2994 salutem
1354 2939 1432 2994 sunt
1452 2931 1645 3006 necessaria,
1669 2951 1706 2994 ac
1728 2929 1826 2994 simul
1847 2929 2166 2994 administrationem

172 3019 357 3083 animarum
388 3025 423 3081 et
453 3015 607 3083 ecclesiae
646 3024 774 3080 vestrae
813 3015 959 3096 regimen
998 3017 1141 3074 teneant
1193 3023 1470 3079 sacramentorum
1483 3015 1616 3080 Domini
1639 3016 1847 3098 coniungant.
1884 3015 1956 3079 Hoc
1979 3014 2035 3079 ubi
2057 3015 2165 3080 locum

173 3102 311 3169 Accedit
339 3111 374 3166 ct
397 3101 481 3166 illud
509 3101 594 3184 quod
628 3100 715 3167 servi
745 3100 808 3164 Dei
834 3100 891 3180 qui
920 3095 1012 3164 verbi
1039 3097 1141 3178 ipsius
1194 3099 1306 3177 habet,
1335 3099 1402 3166 illic
1423 3108 1457 3164 et
1477 3101 1662 3166 substantia
1690 3101 1762 3182 ipsa
1784 3100 1956 3165 ministerii
1979 3119 1999 3164 a
2020 3099 2166 3167 Domino

171 3188 391 3253 ministerium
412 3197 565 3254 exercent
586 3189 621 3251 in
644 3187 760 3252 vicinis
783 3184 943 3260 ecclesiis,
974 3194 1011 3248 ut
1031 3181 1142 3246 mode-
1192 3185 1269 3250 Iesu
1292 3184 1427 3254 Ohristo
1449 3185 1590 3250 ordinati
1612 3186 1718 3269 viget,
1747 3195 1779 3250 et
1800 3186 1946 3270 legitima
1968 3185 2110 3269 dignitas
2130 3193 2166 3252 ct

171 3283 327 3338 rarentur
347 3281 415 3338 tam
436 3273 627 3357 pernitiosis
649 3267 958 3346 commotionibus,
986 3269 1048 3350 ipsi
1069 3267 1141 3331 illo·
1193 3270 1403 3336 observantia
1424 3271 1471 3336 illi
1493 3273 1673 3337 ministerio
1695 3281 1745 3337 est
1765 3271 1948 3338 deferenda.
1982 3271 2080 3338 Nunc
2102 3273 2165 3355 igi-

172 3380 247 3424 rum
275 3359 480 3424 vocatiouem
508 3359 809 3442 comprobaverant.
860 3352 1011 3436 Quorum
1043 3352 1142 3418 otiam
1193 3365 1257 3435 tur,
1276 3355 1478 3422 dilectissimi
1495 3358 1622 3435 fratres,
1644 3378 1700 3422 oro
1718 3365 1752 3422 et
1769 3378 1885 3422 moneo
1902 3378 1960 3423 vos
1977 3357 2013 3420 in
2030 3359 2166 3422 nomine

172 3445 355 3510 sententiae
372 3445 632 3528 subscripsimus,
655 3463 754 3526 quum
771 3441 865 3506 nulla
881 3437 974 3504 nobis
992 3437 1056 3502 alia
1073 3457 1141 3502 me-
1192 3453 1225 3507 et
1246 3443 1368 3508 virtute
1391 3443 1527 3508 Domini
1548 3443 1651 3508 nostri
1668 3443 1745 3507 lesu
1763 3441 1896 3520 Christi,
1918 3450 1957 3506 ut
1979 3445 2102 3532 uverpis
2121 3443 2164 3510 ab

171 3531 235 3595 lior
254 3531 339 3595 ratio
362 3541 534 3614 appareret
561 3550 626 3613 qua
654 3536 763 3593 vestro
792 3524 960 3591 commodo
987 3532 1021 3588 st
1042 3522 1142 3588 saluti
1192 3527 1378 3594 hominibus
1400 3529 1517 3594 animis
1539 3537 1572 3596 et
1593 3527 1755 3594 mentibus
1777 3529 1818 3594 ad
1841 3528 1974 3594 unicum
1994 3527 2087 3594 illum
2110 3550 2164 3594 re-

172 3617 425 3681 consulsrsmus.
470 3615 560 3696 Quin
581 3614 755 3698 integritas
776 3611 991 3678 eonscientiae
1012 3617 1143 3674 nocuas
1193 3611 1393 3696 demptorem
1413 3636 1472 3678 nos
1484 3614 1680 3691 attollamus,
1698 3613 1845 3696 illudque
1857 3623 2043 3696 reputemus
2057 3635 2161 3696 quan·

171 3711 339 3786 comperta
359 3703 404 3768 sit
424 3702 516 3766 vobis
537 3723 602 3765 nou
625 3699 746 3777 dubito,
775 3709 813 3763 ut
832 3705 975 3762 statuere
998 3693 1142 3760 debeatis
1194 3707 1265 3762 tum
1287 3701 1387 3766 sacris
1416 3701 1519 3782 ipsius
1548 3699 1711 3764 mandatis
1741 3699 1866 3764 deferre
1889 3709 2067 3764 teneamur.
2111 3701 2163 3768 Ao

171 3788 227 3854 bic
258 3785 342 3851 nihil
374 3809 440 3851 non
475 3808 517 3852 ex
539 3787 657 3851 ‘animo
689 3797 723 3850 et
752 3785 877 3849 sincere
908 3782 1031 3847 factum
1063 3801 1141 3846 esse.
1193 3785 1220 3848 si
1243 3783 1399 3868 quidquid
1422 3785 1477 3849 ille
1503 3787 1590 3850 iuter
1618 3807 1677 3850 vos
1705 3786 1849 3849 instituit
1877 3785 2068 3848 inviolatum
2091 3807 2164 3850 me-

171 3873 310 3938 Praeter
336 3872 488 3938 affectum
522 3893 613 3948 vero,
648 3873 717 3954 ipsa
749 3871 847 3934 etiam
881 3869 926 3932 rei
960 3867 1141 3948 disquisitio
1193 3871 1256 3934 rito
1278 3891 1348 3936 esse
1371 3869 1474 3948 debet,
1503 3871 1594 3936 nulla
1615 3872 1697 3935 ratio
1721 3893 1778 3936 vos
1805 3879 1912 3952 potest
1933 3869 2099 3935 dimovere
2121 3871 2165 3936 ab

172 3958 308 4041 perinde
327 3960 453 4024 sincera
473 3979 515 4023 ex
533 3978 585 4022 me
607 3957 738 4040 quidem
760 3956 830 4032 luit,
853 3963 890 4018 ut
910 3952 996 4017 nibil
1017 3952 1069 4017 hic
1090 3953 1140 4016 in·
1192 3956 1307 4033 officio,
1339 3963 1375 4020 ut
1398 3956 1629 4031 ministerium,
1658 3955 1741 4038 quod
1764 3967 1832 4020 tam
1854 3956 1938 4020 serio
1961 3953 2052 4020 vobis
2074 3977 2161 4022 oom-

173 4044 322 4108 volutum
336 4041 364 4108 'a
384 4065 438 4109 me
464 4043 619 4110 habeatis.
665 4042 775 4123 Quare
795 4039 887 4106 vobis
909 4041 993 4104 serio
1016 4039 1140 4120 prospi·
1190 4041 1339 4119 mandat,
1374 4051 1500 4106 sartum
1529 4049 1714 4123 tectumque
1747 4061 1814 4106 non
1843 4042 1987 4106 servetis.
2037 4042 2107 4106 Iam
2129 4042 2159 4106 si

172 4129 324 4195 ciendum
346 4141 397 4195 est
419 4151 461 4194 ne
483 4130 575 4197 facile
597 4128 787 4211 improbetis
804 4125 889 4209 quod
907 4124 971 4188 Dei
993 4125 1080 4188 servi
1099 4122 1140 4186 ad
1193 4126 1379 4210 disceptatis
1400 4137 1433 4190 et
1454 4125 1648 4192 contenditis
1670 4145 1744 4190 oum
1775 4127 1893 4190 vestris
1913 4126 2098 4207 pastoribus
2118 4125 2162 4192 ab

172 4223 321 4279 vestrum
343 4225 376 4279 et
398 4215 552 4281 eeclesiae
572 4213 779 4278 commodum
807 4221 841 4275 et
861 4210 1140 4276 conservationem
1192 4212 1282 4277 rixas
1311 4233 1413 4294 usque
1441 4225 1475 4277 et
1495 4214 1657 4289 convicia,
1686 4213 1736 4275 uti
1763 4211 1919 4278 accidisse
1940 4210 2050 4290 audio,
2079 4215 2160 4280 satis

173 4321 245 4365 esse
266 4303 484 4366 neeessariam
506 4298 701 4364 iudicarunt.
736 4297 886 4362 Alterum
909 4304 958 4360 est
979 4304 1017 4358 ut
1037 4295 1141 4376 iuspi·
1192 4306 1321 4362 constet
1341 4319 1379 4362 ca
1400 4299 1525 4362 radone
1546 4298 1766 4362 ministerium
1783 4299 1927 4380 ipsorum
1949 4298 1984 4362 in
2005 4320 2067 4380 quo
2089 4299 2159 4364 olu-

173 4387 280 4451 ciatur
300 4407 397 4468 quam
432 4385 578 4470 legitime
611 4385 790 4467 frangantur
815 4383 962 4464 partibus
990 4380 1073 4456 suis,
1102 4391 1142 4443 ut
1192 4404 1266 4448 cere
1298 4381 1410 4448 debuit
1441 4382 1595 4465 splendor
1625 4384 1748 4466 gloriae
1780 4381 1913 4446 Domini
1947 4384 2051 4448 nostri
2082 4385 2160 4450 Iesu

172 4472 392 4536 ministerium
414 4472 568 4538 eeclesiae
588 4469 756 4553 impleant
800 4471 908 4549 Atque
931 4467 1000 4542 bio,
1028 4466 1139 4542 fateor,
1193 4467 1326 4546 Christi,
1351 4467 1522 4552 opprobrio
1544 4481 1577 4533 et
1598 4468 1803 4534 contumeliis
1825 4467 1947 4545 subiici,
1971 4487 2008 4534 ac
2029 4477 2157 4534 tantum

173 4556 326 4622 discredo
353 4557 450 4640 plane
477 4557 655 4639 requiritur
689 4556 808 4638 (neque
836 4563 930 4618 autor
951 4551 1050 4616 velim
1071 4571 1141 4616 esse
1192 4575 1259 4620 non
1291 4553 1428 4638 pedibus
1461 4554 1587 4619 calcari.
1640 4553 1797 4619 Vestrum
1830 4563 1880 4618 est
1906 4553 2008 4638 igitur
2035 4563 2158 4618 attente
2216 4579 2219 4586 ·

173 4642 361 4726 tyrannidis
388 4642 487 4707 ullius
516 4642 553 4706 in
580 4641 750 4708 ecclesiam
779 4636 996 4722 invehendae)
1030 4649 1069 4700 ut
1096 4637 1141 4719 pii
1193 4639 1274 4704 illud
1296 4659 1410 4706 cavere
1432 4662 1483 4719 ns,
1502 4639 1580 4704 durn
1603 4639 1789 4705 hominibus
1810 4639 1967 4704 insultare
1990 4638 2156 4715 videmini,

172 4727 324 4794 homines
345 4728 487 4793 habeant
514 4747 573 4810 pro
596 4725 778 4809 pastoribus
800 4725 857 4808 qui
880 4722 1041 4789 vocationi
1063 4743 1142 4787 suae
1193 4725 1265 4790 Deo
1292 4726 1354 4808 ipsi
1382 4725 1503 4791 bellum
1532 4747 1568 4790 re
1602 4725 1674 4808 ipsa
1703 4722 1862 4790 indicatis.
1920 4725 2033 4805 Neque
2059 4743 2156 4805 porro

171 4833 239 4879 non
260 4814 423 4880 insistant
456 4813 518 4878 Est
536 4813 625 4877 enim
642 4811 700 4876 illa
715 4809 894 4896 indignitas
910 4829 979 4872 non
999 4805 1141 4886 terenda,
1193 4809 1275 4874 illud
1296 4811 1379 4876 levis
1400 4810 1560 4875 momenti
1577 4809 1680 4875 videri
1698 4809 1788 4876 vobis
1806 4809 1901 4876 debet
1917 4808 2002 4892 quod
2025 4809 2106 4871 fiant
2123 4817 2158 4872 st

173 4900 202 4965 si
223 4905 323 4964 certis
346 4900 494 4984 personis
520 4897 576 4962 illa
597 4899 782 4963 reverentia
803 4907 837 4960 et
858 4893 1065 4960 observantia
1086 4893 1141 4958 de·
1192 4897 1367 4960 foveantur
1386 4899 1422 4960 in
1443 4896 1578 4961 ecclesia
1597 4896 1775 4960 schismata
1791 4905 1825 4960 et
1842 4907 1956 4970 sectae,
1979 4891 2064 4974 quod
2083 4892 2157 4958 nul·

172 4985 311 5064 seratur,
340 5007 437 5068 quam
465 4983 629 5048 Dominus
657 4984 727 5066 ipse
754 4983 831 5047 unis
858 4979 951 5046 verbi
983 4978 1142 5045 ministris
1192 4979 1262 5044 lum
1285 4989 1396 5062 pectus
1417 4980 1632 5047 christianum
1658 4985 1728 5046 siue
1749 4981 1884 5048 horrore
1905 4980 2002 5044 stiam
2025 4977 2160 5045 auribus

172 5069 379 5156 adsignatam
401 5071 513 5136 voluit.
558 5067 701 5134 Proinde
721 5067 814 5133 facile
831 5065 922 5131 vobis
940 5063 1079 5131 concedo
1102 5064 1142 5130 de
1194 5065 1326 5131 haurire
1355 5067 1463 5150 possit.
1514 5065 1604 5148 Quin
1631 5089 1709 5132 vero
1738 5067 1785 5130 ita
1811 5087 1846 5132 se
1876 5085 1927 5129 res
1956 5063 2074 5127 habeat
2101 5064 2158 5130 ubi

172 5177 212 5222 eo
243 5158 299 5240 qui
332 5175 398 5220 nou
430 5155 575 5222 docuerit
603 5154 740 5220 verbum
769 5153 903 5218 Domini
932 5151 1036 5216 nostri
1064 5151 1142 5216 Iesu
1186 5149 1353 5234 eiusmodi
1374 5155 1534 5236 separatio
1555 5163 1606 5218 est
1627 5163 1660 5217 ct
1681 5154 1775 5234 quasi
1792 5151 1928 5216 secessio
1946 5151 2032 5212 inter
2049 5161 2158 5232 pasto·

171 5241 309 5322 Obristi,
328 5262 554 5324 quameunque
576 5241 710 5305 titulum
731 5238 785 5304 vsl
805 5235 1065 5323 praerogativam
1086 5235 1143 5302 ob-
1193 5257 1264 5302 rem
1285 5246 1319 5302 et
1339 5239 1503 5322 populum,
1530 5260 1583 5306 res
1604 5241 1676 5322 ipsa
1696 5239 1846 5320 loquitur.
1890 5232 2038 5299 Tandem
2058 5235 2167 5320 igitur

277 5344 386 5400 Getam
400 5358 491 5412 opera·
532 5343 590 5400 Vol.
607 5342 642 5396 X.
670 5341 704 5396 P.
721 5339 764 5395 11.
1920 5331 1955 5387 28
