4820 6016
168 312 230 374 157

1003 313 1085 376 1538
1106 309 1337 378 FEBRUAR

167 499 202 564 in
225 499 289 564 hoa
310 495 623 580 (1661666166666616
645 497 816 580 reliquum,
838 497 872 564 16
913 497 1032 564 6661116
1053 507 1141 564 reete
1191 495 1676 564 666111661611661661538.
1714 501 1803 584 NJ

167 584 320 650 instituta
347 591 404 648 aut
432 583 633 650 instituenda
662 583 762 650 situm
791 583 842 648 sit.
925 603 962 650 ec
988 585 1035 650 sic
1065 605 1139 648 sum

1277 581 1414 646 valliant
1478 633 1802 648 .......
1847 583 1879 648 fl.
1905 587 1942 646 14
1976 622 2007 633 -

168 669 373 736 6616616616
395 668 480 736 hanc
502 669 617 734 urbem
638 679 677 733 ut
695 669 745 734 vel
769 668 906 734 aliarum
928 668 1140 736 ecclesiarum
1191 665 1295 734 Audit
1316 689 1386 752 ung
1407 667 1515 733 bossot
1543 667 1583 734 de
1611 669 1666 734 vin
1688 667 1804 736 66166

166 757 294 822 1661666
320 754 441 832 eidem,
477 754 532 818 vel
560 753 720 820 carissimi
753 753 864 820 fratris
892 756 995 820 nostri
1023 753 1141 820 Mutati

166 840 383 918 incommodo,
406 839 591 907 consultum
612 839 720 906 velim.
766 837 828 905 Cui
849 861 977 924 semper
999 838 1140 904 liberum

166 925 268 992 fuerit
294 927 401 992 iacere
428 923 585 1008 quidquid
613 932 671 990 eut
697 927 837 991 suaserit
863 925 1063 992 conscientia
1082 933 1141 991 eut

165 1011 342 1078 1661666161
368 1012 487 1076 1661666
515 1011 557 1076 66
583 1009 722 1096 gloriam
748 1009 872 1077 Christi
906 1011 1011 1096 magis
1039 1012 1139 1094 perti-

165 1119 255 1164 nere.
300 1097 477 1164 Caeterum
506 1099 658 1179 quoniam
685 1097 721 1162 in
743 1095 939 1180 abnegandis
962 1097 1139 1162 666166166-

165 1183 326 1250 nitatibus
347 1183 421 1250 istis
443 1183 552 1266 impiis
573 1203 611 1248 aa
633 1181 836 1247 decernendo
863 1181 993 1248 scholae
1015 1183 1139 1264 stipen-

166 1269 221 1334 dio
248 1269 429 1351 recepimus
458 1267 543 1351 apud
572 1267 752 1351 principem
781 1277 814 1332 et
841 1267 943 1347 cives,
970 1276 1139 1333 curaturos

164 1377 234 1435 nos,
257 1363 296 1420 ut
317 1353 371 1420 hic
391 1351 570 1418 habeamus
597 1355 652 1436 qui
680 1373 800 1436 pueros
829 1375 897 1418 non
924 1352 1031 1418 solum
1058 1353 1137 1419 scri·

164 1441 244 1506 bere
272 1439 329 1506 sed
358 1439 460 1504 etiam
490 1440 624 1522 pingere
657 1437 785 1517 doceat,
819 1438 951 1504 obsecro
985 1460 1043 1506 vos
1077 1459 1138 1522 per

165 1527 339 1592 Christum
366 1533 404 1591 ut
430 1523 496 1592 huc
524 1525 628 1608 primo
657 1546 784 1608 queque
819 1531 964 1607 tempore
998 1524 1138 1590 mittatis

163 1612 380 1680 Franciscum
412 1611 512 1675 istum
541 1609 735 1689 Portarum,
768 1609 823 1694 qui
857 1609 943 1692 apud
970 1631 1030 1676 vos
1059 1609 1136 1694 agit,

165 1697 287 1780 quique
309 1718 367 1779 per
391 1695 559 1778 Pipaotam
586 1695 629 1760 ad
649 1718 701 1761 me
724 1696 867 1778 scripsit,
895 1696 989 1760 euius
1011 1694 1138 1778 pictura

162 1783 345 1848 fecissetis
367 1781 496 1861 nostris,
519 1789 553 1846 61
574 1783 693 1863 poterit
714 1782 888 1846 universae
910 1780 1039 1846 scholae
1061 1801 1136 1864 pro·

162 1869 307 1934 vinciam
329 1867 500 1946 sustinere,
523 1867 551 1931 si
573 1867 655 1932 farte
667 1865 824 1932 Maletum
847 1865 910 1932 alio
932 1867 1136 1932 vacaritDo-

162 1955 284 2020 minus.
328 1951 480 2018 Farettus
509 1973 561 2016 me
582 1959 713 2018 accusat
733 1952 818 2036 quod
841 1952 905 2017 huc
927 1959 995 2016 tam
1016 1951 1136 2018 multos

162 2059 293 2117 vocem,
328 2037 385 2104 sed
414 2038 476 2104 boe
506 2037 587 2103 facio
617 2036 703 2121 quod
731 2037 767 2102 in
795 2037 863 2104 dies
891 2046 1076 2104 exsectam
1104 2046 1137 2102 et

162 2145 295 2208 sperem
316 2123 415 2188 huius
439 2123 592 2190 eeclesiae
614 2124 898 2190 instaurationem:
928 2060 1047 2206 6116661
1069 2121 1136 2188 nol·

161 2211 270 2276 lemus
292 2209 346 2276 hic
368 2209 554 2288 consistere,
576 2231 635 2276 neo
653 2209 700 2276 sic
722 2209 895 2275 haeremus
917 2209 952 2272 in
973 2207 1035 2275 hoa
1056 2207 1135 2288 luto,

161 2295 243 2379 quin
265 2296 370 2378 parati
393 2296 496 2360 simus
517 2296 607 2360 omni
629 2295 710 2360 hora
732 2295 796 2360 alio
824 2295 1012 2378 confugere,
1040 2294 1069 2360 si
1090 2293 1136 2358 ita

160 2383 271 2448 visum
293 2381 392 2446 fucrit
412 2379 565 2458 Domino,
595 2379 651 2464 661
676 2401 734 2446 vos
764 2380 916 2446 ecclesiae
946 2401 1023 2444 suae
1045 2401 1136 2444 sauc-

158 2481 234 2620 sseb
249 2465 428 2532 incolumes
461 2477 578 2532 servet
629 2465 754 2532 Valete.
804 2465 1057 2550 Mombelgardi,
1084 2469 1133 2529 28.

193 2577 210 2618 6
235 2575 260 2618 r.
287 2555 377 2616 1538.
615 2595 619 2605 .

248 2635 398 2704 Salutate
419 2635 500 2702 mihi
529 2635 706 2719 plurimum
730 2635 929 2715 Merandam,
954 2633 1133 2716 Coraldum,

160 2721 358 2803 Soractem,
381 2721 575 2789 Olivetaaam
596 2735 629 2788 61
649 2729 792 2789 66616666
810 2722 936 2788 1661666.

775 2841 895 2907 Vester
915 2842 1089 2906 1116666666.

547 3067 566 3077 ,6.
593 3069 748 3077 ..m-q

622 3231 675 3301 tt.

383 3370 570 3439 COMP‘I'E
593 3373 656 3437 Da
679 3371 911 3438 BERNARD.

249 3541 361 3608 Retevt
382 3542 435 3608 666
456 3542 603 3626 repenses
629 3543 723 3626 saites
743 3563 809 3626 par
830 3542 986 3608 ardrado
1010 3540 1134 3608 0666661

156 3651 195 3695 eu
211 3627 329 3712 saoear
350 3628 403 3693 des
423 3629 583 3694 ministres
604 3629 642 3694 66
662 3629 781 3694 Genera
796 3629 937 3710 pendant
957 3629 991 3693 la
1007 3627 1133 3693 6666666

155 3715 267 3781 motti-t
288 3714 327 3778 66
347 3713 502 3780 tenaciae
530 3718 762 3780 1537-1538.

247 3885 389 3954 (Archives
406 3885 441 3938 de
458 3883 576 3938 (166666.
610 3883 704 3938 Picens
721 3883 885 3954 historiques
901 3883 935 3938 11.
955 3880 1047 3952 1176.)

244 4058 296 4123 Ire
323 4065 435 4123 conten
468 4055 507 4121 ds
537 4075 574 4120 oe
601 4075 664 4138 que
691 4055 821 4122 Claude
847 4055 998 4120 Bernard
1026 4077 1046 4121 a
1073 4055 1130 4120 de-

153 4148 280 4212 666666
307 4163 391 4226 6666
419 4141 468 4206 166
496 4140 681 4224 6666166616
710 4141 765 4206 166
796 4144 874 4206 1537
903 4161 963 4225 par
989 4143 1131 4226 vigueur

154 4231 250 4314 dung
271 4227 518 4294 comandament
540 4227 616 4291 16161
635 4227 666 4292 16
685 4230 734 4292 26.
748 4227 788 4292 66
800 4229 899 4312 juing
913 4229 992 4290 1137
1005 4248 1130 4293 661666

154 4337 264 4382 avons
285 4314 394 4379 veheu
416 4333 473 4378 sur
494 4312 525 4377 16
545 4313 683 4396 registra
705 4312 749 4377 du
772 4314 952 4378 sacraturo.

153 4458 188 4520 Δ
206 4452 340 4518 maistre
363 4448 464 4516 Gnill.
489 4447 585 4514 Faret
605 4449 636 4514 le
658 4454 708 4514 26.
732 4449 772 4514 66

150 4627 188 4691 A
214 4556 337 4688 6111111
356 4534 772 4710 alavrribirwfflbnssauj
816 4534 849 4599 fl'
894 4541 913 4598 4
957 4538 1025 4600 Μ’

188 4645 451 4774 ιι(6666ιῖ.
497 4753 504 4768 .
551 4642 663 4770 ..1.
710 4707 847 4772 ..6.
894 4710 1024 4774 crs

152 4792 262 4862 Audit
283 4792 313 4856 16
342 4795 369 4856 5.
393 4787 433 4854 66
454 4789 564 4874 julliot
592 4793 610 4854 2
632 4795 679 4881 V
700 4791 769 4858 val-

243 4879 327 4943 11661
337 4923 768 4942 .........
811 4879 844 4944 fl.
890 4882 908 4942 9
953 4885 1020 4942 46.

152 4963 265 5037 Audit
285 4963 316 5028 16
340 4965 387 5026 12.
410 4959 451 5026 66
477 4961 661 5044 septembre
682 4967 701 5026 4
724 4967 769 5055 V

243 5047 383 5115 vallisnt
444 5094 771 5116 .......
815 5049 847 5114 11
874 5051 912 5114 18
957 5051 976 5112 8
998 5069 1023 5116 s

190 5216 238 5278 66
257 5214 360 5286 1146-

1279 757 1359 816 1537
1389 761 1502 818 166661
1533 759 1580 818 11.
1608 756 1744 838 66611666
1770 762 1803 818 61

1275 847 1378 920 quant
1394 837 1422 923 jl
1444 859 1502 904 666
1524 837 1604 904 61161
1625 842 1659 924 je
1687 862 1729 905 en
1750 862 1802 904 ro·

1275 925 1364 1008 tiray
1381 936 1410 989 4.
1429 933 1526 1009 66616.
1546 933 1579 990 61
1595 925 1693 1011 demy
1711 927 1803 1010 ainsy

1276 1017 1361 1076 reste
1381 1013 1408 1073 6.
1429 1019 1527 1092 66616.
1547 1021 1579 1076 61
1607 1010 1705 1096 demy
1724 1033 1743 1076 6
1762 1014 1802 1075 26

1276 1117 1300 1160 6.
1323 1093 1354 1161 16
1377 1095 1496 1179 septiar
1531 1145 1802 1165 ......
1846 1096 1878 1160 11.
1904 1101 1942 1161 14
1988 1101 2051 1162 76.
2063 1096 2090 1182 ²)

1190 1183 1221 1246 A
1255 1181 1425 1246 Anthciue
1459 1181 1605 1246 Fromeat
1643 1189 1747 1266 quant
1778 1181 1802 1246 il

1275 1265 1439 1350 preschoit
1460 1289 1481 1332 6
1501 1266 1536 1332 Β.
1549 1267 1697 1334 Cervaix
1720 1272 1738 1332 3
1755 1273 1803 1358 V

1275 1352 1412 1418 valliant
1477 1403 1801 1418 .......
1845 1354 1877 1419 11.
1904 1359 1941 1418 14
1963 1389 2006 1404 -··

1189 1437 1221 1502 A
1239 1459 1309 1522 ung
1326 1436 1734 1524 6666166616616616663)
1756 1437 1801 1503 66

1274 1523 1559 1589 666ι6ι6666ιιι661
1569 1523 1609 1589 66
1620 1525 1801 1590 6666616666

1274 1609 2049 1696 21766111661.....11.946.

1188 1695 1220 1758 A
1247 1695 1382 1760 maistre
1411 1695 1525 1760 Caluio
1551 1717 1597 1760 uu
1623 1695 1733 1761 bossut
1760 1694 1800 1761 66

1274 1781 1328 1846 vin
1341 1788 1455 1846 tenant
1466 1781 1495 1846 9.
1508 1782 1645 1864 septiens
1659 1791 1691 1846 61
1702 1780 1800 1866 demy

1273 1889 1293 1930 6
1323 1871 1363 1930 26
1392 1889 1415 1931 s.
1439 1866 1469 1931 le
1497 1867 1624 1949 septier.
1674 1865 1799 1948 Leqrrel

1273 1950 1353 2015 16611
1386 1972 1441 2016 666
1474 1951 1578 2016 611661
1610 1954 1698 2016 avait
1731 1952 1800 2036 pris

1274 2036 1414 2120 dargcnt
1435 2036 1548 2104 dessus
1568 2039 1701 2121 iusques
1727 2060 1747 2102 6
1768 2037 1801 2102 16

1273 2145 1395 2188 somme
1413 2122 1453 2188 de
1472 2127 1489 2186 2
1510 2127 1556 2210 V
1578 2123 1717 2188 Restent
1738 2145 1801 2206 que

1269 2211 1326 2293 jay
1349 2209 1455 2273 retire.
1500 2210 1569 2274 Per
1592 2210 1685 2294 einsp⁷
1713 2221 1800 2274 reste

1273 2314 1336 2377 666
1358 2316 1410 2358 me
1432 2303 1482 2358 est
1504 2295 1640 2360 deheu.
1687 2346 1692 2358 .
1739 2343 1746 2358 .
1791 2346 1798 2358 .
1843 2297 2048 2361 1111106.

1187 2379 1219 2443 A
1240 2378 1273 2444 16
1294 2378 1403 2444 66666
1420 2379 1543 2445 Cranto
1560 2401 1642 2463 pour
1659 2379 1703 2444 du
1723 2381 1796 2446 bae-

1273 2485 1335 2531 666
1354 2487 1416 2548 666
1434 2466 1495 2530 6116
1514 2488 1533 2530 6
1549 2465 1646 2531 bailio
1664 2489 1684 2530 a
1701 2467 1799 2531 mais-

1273 2559 1324 2616 tre
1349 2551 1531 2616 Gm'llaame
1579 2601 1798 2616 .....
1842 2553 1874 2618 fl.
1920 2555 1938 2616 3
1965 2557 1999 2615 11
2031 2575 2057 2618 6.
2085 2553 2155 2620 96.

1186 2637 1241 2702 Au
1258 2636 1416 2701 minusier
1436 2659 1498 2719 que
1522 2639 1560 2702 iit
1577 2635 1624 2702 les
1642 2637 1799 2702 Remmcs

1272 2744 1312 2786 en
1342 2722 1374 2787 la
1403 2744 1538 2806 mayson
1566 2721 1607 2786 de
1628 2723 1799 2788 Monsieur

1272 2806 1312 2872 66
1334 2807 1366 2872 16
1385 2807 1630 2894 166666161661)
1686 2858 1692 2872 .
1737 2857 1744 2872 .
1789 2859 1795 2871 .
1840 2809 1871 2873 A
1917 2811 1935 2872 2
1983 2813 2048 2874 16.

1568 3067 1648 3076 nuo-*n-
1658 3068 1767 3076 -——--.

1643 3249 1693 3318 117.

1259 3386 1514 3455 CRYNAEUS
1537 3387 1758 3454 FARELLO
1779 3389 1839 3454 ET
1860 3388 2077 3455 OALVHtO.

1269 3541 1320 3609 De
1341 3541 1531 3608 Bamatibas
1551 3543 1650 3607 mimia
1670 3563 1721 3608 eoa
1741 3543 1832 3624 qamt
1852 3549 1880 3608 et
1900 3547 2008 3608 1666666
2029 3563 2153 3625 661666-

1183 3633 1230 3693 166
1256 3629 1365 3694 babere
1386 3629 1568 3707 arbitrator,
1590 3649 1722 3710 quoram
1743 3630 1902 3694 animosa
1927 3629 2155 3696 Geneaerrsr'bua

1183 3715 1311 3778 minione
1332 3714 1451 3778 etiams
1480 3714 1629 3796 affirmat.
1674 3713 1786 3779 Pacem
1815 3715 2056 3780 eteoooordiam
2077 3736 2155 3782 com-

1183 3800 1321 3878 mendat,
1353 3801 1515 3878 monendo,
1542 3801 1707 3882 precando,
1740 3799 1923 3865 obtestando.
1976 3799 2153 3866 Consanum

1183 3886 1321 3950 maximo
1341 3905 1361 3950 a
1378 3883 1480 3949 nimia
1497 3904 1603 3949 eorum
1619 3886 1778 3950 6666611616
1793 3885 1940 3966 uindicat,
1962 3905 2063 3952 mores
2082 3909 2154 3954 666·

1183 3971 1259 4036 tiras
1279 3975 1420 4050 6666661,
1451 3971 1558 4036 audio
1584 3975 1613 4036 et
1640 3971 1775 4036 indolem
1798 3970 1861 4035 6161
1887 3975 2037 4052 quantam
2052 3979 2154 4056 potest

1183 4061 1318 4121 6666661.
1354 4055 1504 4121 Privatae
1526 4055 1701 4122 simultates
1715 4055 1841 4138 publico
1861 4055 2057 4122 6666616666(
2074 4077 2152 4124 666(-

1181 4142 1271 4208 modo
1293 4143 1394 4208 666666
1415 4142 1625 4208 (1666666166
1646 4147 1811 4208 asseverat.

1182 4295 1237 4362 (cx
1255 4295 1422 4364 autographo
1441 4296 1510 4350 Bibl.
1530 4295 1695 4350 (1666666616
1713 4295 1778 4348 (166.
1797 4293 1860 4360 112,
1885 4295 1929 4349 iol.
1948 4294 2006 4350 165.
2041 4297 2151 4354 111111611-

1181 4365 1246 4418 lime
1269 4364 1341 4418 lecta
1363 4370 1395 4417 ut
1417 4366 1561 4434 pleraeque
1580 4363 1707 4435 Crynaei.
1747 4363 1836 4418 Dubia
1853 4365 1988 4418 asteriscis
2006 4369 2150 4436 notamus)

1265 4535 1438 4602 Fratribus
1464 4537 1500 4600 in
1530 4533 1673 4601 Domino
1699 4535 1875 4602 consumis
1902 4534 1991 4602 Guil.
2018 4537 2150 4604 Fursllo

1180 4627 1214 4684 61
1235 4619 1304 4686 Ioh.
1328 4621 1474 4688 Calvino.
1830 4654 1995 4722 eonem

1265 4788 1299 4856 S.
1335 4791 1402 4857 Per
1421 4789 1603 4856 Dominum
1623 4789 1793 4858 Christum
1822 4791 1943 4872 hortor,
1971 4800 2010 4858 ut
2031 4793 2148 4860 animis

1280 4943 1310 5008 2)
1329 4944 1370 4998 Le
1387 4947 1489 5012 compte
1505 4959 1540 4998 66
1553 4944 1651 5014 parate
1664 4961 1720 5014 par
1737 4945 1792 5000 are
1808 4953 1896 5006 66661.

1281 5011 1311 5076 3)
1336 5011 1439 5082 7111666
1457 5011 1504 5066 dre
1521 5014 1659 5070 66616666.

1280 5079 1308 5145 4)
1329 5077 1515 5146 Cart-adira
1539 5097 1605 5135 eane
1617 5081 1705 5151 doute,
1722 5081 1760 5135 (76
1777 5083 1899 5136 miramo
1915 5080 2072 5138 6666666661
2083 5089 2148 5139 66116

1177 5145 1266 5218 161166.
1291 5177 1323 5187 -·
1350 5148 1405 5204 Lae
1427 5149 1498 5204 (1666
1528 5150 1652 5205 (16661666
1682 5151 1790 5205 articles
1817 5151 1946 5204 caraimt
1966 5149 2060 5209 besam
2080 5151 2147 5209 raa

1178 5219 1366 5274 commentaire
1382 5219 1557 5290 6666161666
1575 5220 1697 5288 (beroen,
1714 5219 1790 5286 1666·
1807 5234 1916 5286 ramme,
1935 5217 2061 5288 6166616).
