4820 6016
295 340 358 402 235
1066 329 1328 397 EPISTOLAE
1353 331 1520 392 lan-137
2213 334 2264 396 ibt

295 531 463 590 natusest
488 523 634 600 Teneone,
663 539 722 584 nec
744 519 857 584 dubito
878 521 958 604 quin
980 521 1111 586 futurus
1133 521 1177 584 sit
1197 517 1268 584 ido·
1319 516 1411 596 quasi
1438 536 1516 582 vero
1551 516 1627 586 huic
1660 517 1806 600 agendae
1838 517 1967 584 fabulae
1999 519 2155 602 quispiam
2183 522 2266 588 luerit

294 629 384 675 neus.
419 606 627 673 Offerebatur
648 605 695 669 illi
718 605 973 671 aBernensibus
995 605 1148 670 ecclesiae
1170 604 1268 668 unius
1320 609 1376 666 tuo
1398 600 1507 667 vicino
1529 603 1642 683 aptior.
1688 603 1759 668 Iam
1789 602 1902 670 desino
1932 605 2054 669 mirari.
2098 604 2169 670 Non
2193 608 2265 673 eninr

294 696 451 778 regimen,
475 691 532 758 sed
553 691 785 756 imbecillitatis
814 711 892 756 suae
921 691 982 757 sibi
1011 691 1160 757 conscius
1182 691 1268 754 refu·
1320 687 1389 752 sine
1411 687 1539 752 Helena
1560 687 1640 752 haee
1663 701 1733 753 arat
1753 689 1802 754 illi
1825 691 2003 764 eontentio,
2033 690 2091 755 sed
2119 689 2192 757 bene
2211 693 2266 759 Do·

294 781 354 865 git,
375 800 480 861 neque
502 790 590 842 certe
618 799 728 860 parem
752 798 822 842 esse
851 777 984 842 confido.
1030 776 1145 842 Scribe
1166 776 1269 859 igitur
1319 774 1429 836 minus
1456 773 1620 838 consuluit
1646 775 1837 858 eeclniaess)
1873 774 1951 840 dum
1986 797 2053 840 nen
2080 779 2216 858 permisit
2239 791 2268 844 ut

295 887 392 949 qnam
426 867 583 946 primum.
619 885 726 927 annon
760 863 887 945 placeat
915 863 973 927 tibi
1006 862 1178 927 consilium
1207 861 1268 926 hoc
1319 858 1390 922 eius
1411 857 1581 924 lenociniis
1602 860 1817 942 pelliceretur.
1870 861 2010 927 antera
2030 863 2065 927 in
2092 863 2200 945 quibus
2218 865 2268 928 'nn-
2380 855 2381 910 l

296 951 381 1034 quod
404 951 486 1014 milri
509 949 628 1031 duplici
647 950 778 1012 nomine
796 947 892 1012 valde
915 947 1080 1030 probatur.
1116 948 1202 1012 Nam
1220 947 1268 1012 ita
1319 943 1431 1024 pediur
1453 945 1535 1008 mihi
1556 965 1675 1026 quaeso
1697 946 1847 1028 explices,
1874 949 2046 1029 praecipuo
2067 947 2151 1030 quod
2171 949 2269 1030 gallice

296 1045 520 1102 occurreretur
537 1055 649 1100 eorum
668 1036 824 1098 stultitiae
843 1036 898 1116 qui
919 1036 1074 1098 iuvenem
1097 1055 1162 1098 non
1186 1033 1267 1098 bene
1320 1028 1360 1092 do
1382 1028 1507 1094 duobus
1528 1033 1696 1108 ministris,
1719 1053 1796 1096 seue
1817 1054 1855 1100 ac
1876 1035 2011 1108 iuvene,
2040 1055 2183 1098 seorsum
2201 1037 2269 1099 rele-

294 1123 491 1188 instructum
515 1129 548 1184 et
569 1129 697 1184 tontum
719 1141 783 1184 non
811 1128 964 1203 tyronem
991 1121 1025 1184 in
1049 1120 1266 1184 ministerium
1319 1113 1460 1178 rebatur.
1470 1119 1482 1156 ⁴
1486 1135 1498 1194 p
1543 1117 1643 1180 Visus
1666 1139 1739 1182 sum
1760 1119 1841 1182 mihi
1863 1122 1971 1184 nescio
1992 1118 2070 1203 quid
2091 1119 2269 1186 suboliacere

290 1207 462 1273 intrudere
486 1206 609 1282 volunt,
633 1217 665 1269 ct
684 1205 822 1271 Mieltnel
843 1207 877 1270 iu
900 1227 973 1270 eam
994 1206 1194 1288 provinciam
1215 1225 1266 1267 ns·
1319 1199 1406 1282 quod
1434 1200 1475 1264 ad
1508 1201 1672 1286 Pereat)
1707 1205 1894 1286 pertineret.
1945 1204 2012 1270 Sed
2040 1205 2159 1288 pendet
2183 1217 2270 1270 totum
2380 1257 2381 1290 p

296 1299 457 1370 sumetur,
487 1292 544 1356 ubi
572 1291 779 1356 utilissimam
803 1313 934 1372 operam
957 1291 1018 1356 boc
1040 1299 1186 1372 tempore
1208 1309 1267 1353 na·
1319 1298 1521 1350 momentum
1543 1308 1563 1350 a
1584 1309 1724 1369 persona
1745 1290 1916 1371 loquentis.
1963 1292 2013 1356 Do
2035 1313 2089 1355 me
2111 1291 2270 1356 etiamnum

294 1380 400 1459 rabit,
433 1399 539 1460 neque
572 1376 682 1442 schola
711 1376 1032 1460 Monsbelgardensis
1065 1376 1267 1441 destituetur.
1319 1380 1462 1454 pergunt
1489 1393 1586 1456 agera
1609 1375 1882 1457 Argentinenses,
1911 1385 1948 1441 ut
1974 1377 2016 1442 ad
2042 1398 2078 1441 se
2107 1375 2268 1442 concedant

297 1463 398 1547 Cupit
419 1463 481 1528 tibi
503 1462 641 1528 Martae
669 1484 739 1527 esse
767 1464 967 1546 propinquus
988 1461 1117 1544 quando
1138 1463 1268 1542 utrique
1319 1455 1420 1539 Apud
1456 1457 1639 1539 &pansum
1678 1461 1818 1526 validius
1850 1462 2009 1528 insistunt
2044 1485 2149 1546 neque
2179 1473 2270 1526 amen

296 1559 445 1615 nostrum
475 1547 621 1613 nondum
647 1556 763 1631 potest.
810 1547 1039 1632 Fortunatusi)
1069 1547 1109 1611 ad
1132 1568 1267 1611 uxorem
1321 1542 1403 1606 mihi
1426 1544 1578 1608 affectum
1598 1567 1695 1610 suum
1717 1545 1932 1613 dissimulant.
1978 1549 2076 1613 Mitto
2097 1547 2141 1612 ad
2161 1557 2192 1612 te
2211 1569 2270 1631 pos·

297 1636 423 1701 scribit:
447 1644 521 1717 post
543 1634 628 1698 diem
651 1643 803 1716 quartum
826 1633 914 1697 abire
937 1634 1089 1698 instituit.
1124 1633 1268 1697 Tametsi
1321 1637 1443 1692 tremas
1465 1627 1585 1694 Bucari
1605 1631 1727 1710 literas,
1749 1634 1866 1715 quibus
1888 1655 1948 1716 pro
1969 1655 2060 1699 more
2077 1655 2138 1698 suo
2154 1632 2186 1698 id
2203 1633 2270 1697 mihi

298 1723 386 1786 enim
416 1721 560 1785 Bernam
593 1720 721 1802 scripsit
749 1719 790 1783 ad
822 1717 994 1786 &aeonum
1026 1731 1059 1784 et
1089 1718 1268 1796 Domum,
1321 1713 1459 1778 suadere
1481 1727 1677 1796 perseverat.
1722 1717 1867 1784 Firmius
1875 1721 1904 1802 ὃ)
1933 1721 2082 1802 plurimis
2113 1718 2272 1784 rationibus
2380 1723 2381 1784 3

298 1806 446 1891 responsi
475 1817 584 1869 tamen
608 1808 849 1888 exspectatione
878 1827 945 1869 non
973 1803 1170 1888 impedietur
1191 1804 1269 1886 quin
1322 1799 1489 1864 contendit
1510 1800 1543 1863 id
1564 1803 1671 1882 ipsum
1694 1803 1860 1886 expedire:
1895 1805 2052 1888 quasdam
2075 1807 2194 1888 accipio
2213 1815 2271 1869 tan·

298 1894 386 1958 viam
404 1893 566 1972 corripiat.
610 1891 749 1954 Interim
778 1903 871 1973 rogat
899 1901 936 1954 ut
963 1910 1056 1956 cures
1086 1890 1198 1954 literas
1228 1888 1268 1952 ad
1321 1906 1420 1966 quam
1442 1905 1484 1949 cx
1506 1887 1649 1954 huminis
1671 1889 1811 1972 ingenio.
1846 1891 1940 1956 Aliae
1962 1893 2068 1973 specie
2086 1912 2156 1956 non
2171 1899 2272 1957 carent
2380 1919 2381 1978 p

297 1999 433 2044 uxorem
456 1975 672 2059 perferendas.
718 1976 755 2040 Si
786 1975 863 2058 quId
891 1983 967 2039 ante
995 1977 1065 2040 eius
1092 1975 1269 2041 discessum
1322 1970 1445 2050 Quales
1463 1983 1554 2036 suut:
1578 1973 1730 2039 nonnihil
1752 1976 1833 2053 fore,
1862 1977 1965 2041 sime
1987 1976 2167 2042 adversarii
2186 1975 2271 2040 nostri

297 2065 517 2148 Argentorato
539 2062 750 2144 afferatur,⁴)
780 2061 821 2125 ad
851 2070 883 2127 te
905 2062 1136 2126 transmittam.
1181 2060 1270 2126 Huic
1322 2056 1429 2121 locum
1462 2056 1592 2122 dicendi
1603 2061 1631 2142 ⁷)
1670 2061 1705 2124 in
1737 2081 1776 2126 ea
1813 2061 1950 2128 eeclesia
1991 2063 2115 2128 habere
2154 2061 2274 2128 videant

298 2148 497 2234 pauperculo
525 2148 619 2212 fratri
653 2146 779 2211 videbis
815 2169 858 2210 an
884 2147 952 2211 ulla
979 2150 1104 2211 ratr'one
1131 2146 1269 2228 prospici
1322 2163 1419 2224 quam
1441 2154 1613 2224 coguntur,
1636 2145 1741 2211 velint
1763 2148 1883 2225 nolint,
1914 2149 2073 2213 revereri:
2104 2150 2134 2214 si
2156 2146 2194 2213 ad
2213 2168 2274 2212 con·

299 2235 385 2318 apud
406 2256 467 2299 vos
489 2241 593 2316 queat.
638 2231 722 2296 Vale
743 2234 864 2315 optime
886 2242 920 2297 et
942 2234 1136 2300 amicissime
1159 2231 1268 2296 frater.
1322 2241 1458 2293 ventum
1479 2230 1632 2294 veniatur
1659 2231 1733 2313 plus
1761 2233 1913 2316 penderis
1939 2256 2051 2300 vocem
2074 2255 2181 2300 meam
2200 2231 2274 2296 babi-

300 2319 417 2387 Saluta
440 2341 504 2384 non
526 2317 709 2404 vulgariter
738 2318 858 2383 amicos
886 2339 1000 2384 omnes
1021 2327 1159 2383 nostros.
1204 2317 1270 2380 Ba·
1322 2321 1440 2392 turam,
1464 2327 1560 2396 utque
1584 2315 1690 2381 instar
1711 2319 1902 2398 praeiudicii
1922 2322 2000 2394 fore,
2030 2319 2119 2402 quod
2140 2320 2214 2384 mibi
2234 2338 2274 2382 ee·

299 2406 409 2484 sileae,
434 2411 461 2468 8.
485 2407 570 2490 Aug.
669 2417 673 2424 '
1323 2399 1422 2465 closis
1443 2411 1536 2464 tanta
1564 2401 1784 2468 ministerium
1813 2405 1975 2471 detulerit.
2020 2407 2073 2470 Da
2094 2408 2218 2488 integro
2236 2413 2275 2466 ta·

300 2522 909 2677 Sitststtgttpppffr
1002 2559 1164 2624 eneae
1185 2568 1269 2622 r...
1323 2489 2058 2654 statuerentur.‚tt
2090 2487 2276 2642 artat

1323 2761 1485 2808 summam
1502 2745 1692 2810 ostendebat
1708 2749 1742 2810 in
1763 2747 1894 2812 illorum
1913 2749 2109 2814 sententiam
2126 2749 2275 2814 inclinare

746 2871 748 2875 ,
769 2870 784 2876 --
803 2871 836 2876 κ
859 2873 870 2876 -
959 2895 962 2900 ,
1324 2827 1363 2893 si
1380 2849 1432 2892 mo
1454 2829 1488 2891 in
1511 2828 1647 2914 longum
1668 2839 1798 2915 tempus
1819 2833 1954 2918 alligare
1971 2834 2105 2914 vellent,
2124 2856 2190 2900 non
2209 2837 2279 2897 esset

1324 2659 1388 2721 mei
1409 2656 1538 2721 fastidio
1566 2659 1734 2741 quidpiam
1761 2682 1859 2744 agere
1887 2661 2069 2741 videretur,
2097 2662 2221 2728 oondlii
2237 2657 2277 2724 sni

1324 2913 1465 2980 difficilis
1504 2913 1702 2982 deliberatio.
1766 2917 1834 2984 Sed
1873 2918 1965 2986 vides
2007 2920 2086 3002 quid
2122 2917 2278 3004 postulent

753 3049 815 3120 lat
1324 3000 1430 3064 Tuam
1449 3003 1646 3065 flflssiesstiam
1668 3006 1870 3088 exspectabo.
1915 3005 1969 3070 Ad
1991 3014 2023 3070 te
2044 3027 2088 3070 ne
2110 3007 2176 3071 cito
2196 3001 2278 3069 adro-
2380 3005 2381 3032 ³

1324 3084 1425 3165 lem⁹)
1448 3105 1568 3168 magna
1589 3089 1714 3154 ratione
1736 3091 1869 3155 retineri
1898 3091 2019 3157 videor.
2065 3090 2188 3158 Sinent
2206 3089 2279 3155 enim
2380 3111 2381 3144 1

537 3187 771 3256 GALVINUS
794 3189 1024 3256 FARELLO,
1324 3169 1450 3253 placide
1483 3171 1519 3234 iu
1551 3193 1647 3255 opero
1681 3174 1816 3240 Domini
1847 3184 1880 3241 te
1911 3198 2057 3262 pergere.
2112 3177 2279 3256 Utrumque
2380 3209 2381 3236 3

1325 3257 1525 3322 coniunctim
1547 3280 1613 3322 non
1633 3260 1749 3326 ferent
1765 3265 1805 3334 ¹⁰)
1846 3263 1972 3328 Vellem
1993 3263 2046 3328 bic
2068 3265 2170 3328 finem
2190 3263 2280 3326 iacere
2380 3265 2381 3268 ’

387 3347 663 3430 Argentoratum
688 3343 783 3408 moon
805 3349 896 3425 etque
921 3346 1015 3410 dmm
1036 3347 1155 3412 inomni
1176 3353 1210 3411 ut
1232 3348 1274 3413 ad
1324 3343 1444 3420 liceret,
1466 3364 1507 3407 ne
1528 3363 1571 3406 ex
1592 3365 1645 3410 mc
1666 3348 1797 3414 audires
1813 3347 1900 3430 quod
1917 3350 1976 3414 tibi
1993 3350 2209 3414 iniucundum
2224 3347 2279 3410 foro

301 3434 388 3516 ipsos
416 3430 566 3498 medat
618 3427 895 3495 decoramenta
927 3432 992 3512 ipsi
1012 3433 1214 3513 potissimum
1241 3453 1274 3497 co
1326 3430 1400 3495 scio.
1444 3426 1513 3494 Sed
1535 3450 1601 3494 non
1623 3431 1778 3499 dubitabo
1799 3431 1943 3500 indicare
1964 3433 2043 3516 qnid
2065 3437 2172 3519 egerit
2181 3431 2281 3498 Domi·
2380 3471 2381 3480 .

300 3519 424 3585 nemim
462 3515 603 3598 deplicet
634 3513 716 3596 quod
750 3513 913 3580 Ferocem
944 3537 1006 3584 oco
1039 3518 1136 3583 amm
1164 3523 1274 3584 comat
1326 3537 1398 3593 nus,
1421 3515 1451 3578 ei
1472 3515 1529 3597 qui
1551 3516 1620 3582 eius
1642 3519 1868 3601 providentiae
1894 3521 2034 3586 libenter
2055 3541 2172 3603 parere
2192 3527 2223 3583 et
2241 3515 2281 3580 di·

303 3604 403 3672 Ouius
423 3623 516 3686 nepos
537 3599 686 3666 Baetae
707 3605 794 3682 peste
820 3603 989 3669 assandus
1017 3609 1069 3670 est.
1121 3603 1275 3670 Maloitas
1327 3601 1406 3666 dicit
1428 3613 1462 3665 et
1482 3600 1563 3668 alios
1585 3601 1687 3668 docet
1732 3605 1842 3688 Nepos
1864 3615 1940 3671 tuus
1970 3605 2023 3671 die
2050 3605 2201 3672 sabbathi
2220 3623 2282 3686 pos

303 3693 392 3758 auat
411 3709 484 3755 mox
505 3706 631 3752 munere
651 3705 685 3750 se
707 3685 916 3786 abducturus
1326 3703 1431 3752 tremo
1452 3697 1543 3769 posto
1565 3701 1732 3772 correptus
1753 3691 1824 3754 fuit
1859 3691 1977 3757 Comes
1998 3694 2069 3756 eius
2091 3703 2125 3756 et
2147 3689 2280 3758 sumnus

1327 3775 1432 3850 faber,
1462 3775 1517 3855 qui
1546 3767 1701 3857 Lugduni
1731 3777 1955 3842 testimonium
1977 3777 2104 3844 Ohristi
2127 3773 2281 3860 evangelio

302 3844 489 4035 ffitffir·
508 3843 544 3963 ¹210
550 3839 860 3972 lfsl’lfofffifflprffffi
871 3841 952 3964 ἕξεί
962 3843 1023 3982 {lp
1025 3841 1081 3964 ῙῘΓ
1092 3843 1274 3983 vllffnighffg
1327 3859 1477 3935 reddidit,
1500 3862 1611 3924 statim
1633 3861 1674 3926 cd
1696 3883 1749 3927 me
1772 3862 1969 3927 detulerunt
2015 3863 2103 3943 Quin
2122 3865 2163 3929 ad
2184 3863 2282 3927 leran-

431 3981 485 4033 vol.
501 3977 537 4033 45
561 3994 630 4047 quac
654 3979 744 4032 omnis
769 3977 874 4031 Saecnli
893 3979 996 4034 XVII.
1020 3985 1091 4034 sunt.
1110 4011 1142 4020 —
1162 3981 1274 4051 Anglice
1328 3945 1411 4044 dllm·
1423 3945 1710 4044 fflpltl⁸,m⁰¹'b¹¹m
1732 3951 1893 4047 qai³P⁰ll²
1914 3969 2130 4048 sumpserim·
2152 3969 2216 4014 ¹¹⁰⁰
2236 3963 2282 4044 ΡΟ·

655 4051 746 4101 exstat
762 4048 779 4100 l.
799 4063 820 4100 c.
838 4063 863 4116 p.
882 4047 924 4101 53.
1327 4043 1377 4096 tur
1402 4052 1472 4114 1psc
1501 4031 1598 4097 adtre.
1649 4032 1771 4098 Omnia
1798 4043 1907 4099 tamen
1935 4047 1969 4099 et
1998 4035 2138 4100 fideliter
2164 4043 2196 4099 et
2221 4030 2283 4096 dilt-

1328 4129 1445 4201 genter
1471 4138 1553 4198 quae
1583 4118 1623 4182 ad
1652 4121 1796 4200 corporis
1824 4120 1963 4184 salutem
1990 4121 2192 4204 pertinerent
2216 4136 2283 4182 mox

305 4201 438 4286 Optimo
463 4210 497 4267 ct
517 4202 711 4268 amicissime
733 4201 827 4266 fratri
848 4221 921 4266 meo
944 4203 1123 4269 Guillelmo
1144 4203 1276 4270 Farello
1331 4277 1349 4282 Q
1399 4277 1456 4282 NJ

421 4287 510 4352 fideli
533 4287 765 4352 Nsocomcnsis
786 4287 941 4354 ecclcsiae
962 4289 1121 4354 ministro.
1134 4291 1156 4366 ¹)
1430 4355 1459 4423 3)
1478 4357 1605 4411 eeclesiae
1622 4357 1655 4411 i„
1670 4363 1737 4412 m
1809 4359 1844 4413 M
1862 4359 1930 4426 (m
1961 4359 2003 4412 tic
2069 4362 2075 4373 ,

392 4423 509 4489 Gratia
540 4423 675 4488 Domini
708 4435 823 4488 tecum.
879 4425 969 4490 Dum
1002 4427 1132 4508 saepius
1164 4427 1276 4493 literas
1429 4425 1460 4484 4!
1482 4395 1558 4494 (Μ
1579 4426 1625 4479 bk
1645 4361 1985 4495 Wffiwfflm
2006 4366 2284 4497 mdis·-

304 4517 378 4578 tuns
400 4509 517 4592 relego,
541 4508 693 4592 perspexi
715 4509 846 4574 tandem
876 4519 1041 4592 stuporem
1069 4532 1193 4590 meum,
1221 4515 1276 4596 qui
1329 4493 1436 4550 Mil
1452 4493 1632 4604 ‘'”ifflsswp
1651 4496 1690 4550 αὖ
1706 4512 1789 4564 sm
1805 4497 1948 4551 medem.

305 4597 342 4663 in
364 4595 497 4660 nomine
523 4593 660 4660 Ioannis
689 4593 854 4670 Comitisi)
883 4595 1078 4662 hallucinari
1104 4599 1275 4682 potuerim,
1430 4563 1461 4697 g}
1479 4563 1679 4688 ssmffll‘mm
1702 4634 1741 4688 ud
1760 4633 1886 4688 ΝΜ
1911 4635 1952 4689 10.
1969 4635 2056 4703 Iulii,
2083 4651 2170 4705 mm
2185 4631 2224 4686 N·
2242 4624 2284 4680 m

331 4836 336 4848 ι
409 4765 437 4832 a)
455 4762 635 4844 serane
658 4763 757 4846 eante
779 4765 845 4820 aa
867 4765 902 4820 aa
924 4783 952 4820 a.
971 4765 1035 4820 1531
1059 4767 1092 4848 l·
1115 4767 1153 4822 n.
1177 4768 1220 4823 st.
1244 4769 1278 4823 e·
1327 4701 1376 4756 ’ψ’
1393 4701 2125 4843 lilel‘ssdfftfflfflallllllta.

306 4975 360 5030 aba
375 4977 533 5028 centnm
1327 4975 1423 5032 bissa
1438 4978 1565 5033 amiam

297 5109 394 5190 ,a
409 5041 441 5244 ἐξ
457 5039 929 5246 iribmmffit...
938 5110 1277 5238 pamm
1328 5046 2068 5240 pfftptttttttattestata
2085 5049 2149 5170 tt
2185 5055 2286 5165 :tt

308 5246 417 5302 Boane
433 5247 527 5301 boba:
545 5247 632 5302 Ornaut
650 5247 731 5300 John.
751 5253 753 5258 '
1435 5253 1480 5319 10)
1501 5253 1571 5307 Vitis
1587 5269 1676 5322 aspra
1693 5252 1732 5308 N.
1752 5253 1802 5306 132
1820 5253 1870 5307 tob
1886 5253 1976 5320 Μ.
