4852 6022
183 299 247 362 409
1052 297 1133 358 1539
1154 290 1316 374 ΟΟΤΟΒ.
2117 301 2182 366 410

185 490 324 548 ιιιιιιιιι
348 489 398 549 est
419 483 556 568 gloriam
579 481 705 550 Christi
726 502 794 546 non
812 473 883 546 esse
901 481 963 546 sibi
984 500 1091 558 curae,
1122 489 1158 545 ut
1208 481 1405 564 exagitabat,
1428 479 1508 546 adeo
1532 489 1568 548 ιιι
1588 503 1706 566 parum
1728 491 1881 550 curarent
1902 482 2028 550 Christi
2048 506 2181 552 eausam

185 591 284 634 ausus
318 567 430 646 fuerit,
464 569 672 651 quantumvis
705 565 746 632 ad
773 565 1003 632 illustrandam
1032 565 1158 632 Christi
1209 573 1349 644 vastare,
1372 563 1466 632 modo
1488 588 1549 632 nes
1571 589 1638 632 una
1658 569 1841 652 perderent
1886 569 1961 636 Non
1983 579 2062 654 puto
2085 570 2180 636 Sata·

184 653 322 739 gloriam
344 655 552 732 incitaretur,
582 653 705 732 dicere,
733 675 768 718 se
787 651 872 718 velle
899 673 1013 717 omnes
1034 651 1157 717 intelli·
1208 673 1270 716 uae
1292 673 1407 718 verum
1429 674 1590 736 organum
1611 675 1759 737 unquam
1781 656 1827 720 ita
1850 655 2054 721 contendisse
2076 657 2123 723 sie
2144 665 2181 722 ut

183 749 265 824 gant
289 739 435 806 Coretum
457 741 614 806 scientam
637 760 716 816 esse,
739 737 888 822 quamvis
907 740 938 802 in
957 758 1058 802 arena
1080 737 1157 802 alie·
1209 759 1269 802 nes
1291 739 1498 820 opprimeret.
1530 739 1609 817 Nos,
1630 761 1731 822 quum
1752 748 1882 824 praeter
1904 741 2073 808 Christum
2095 741 2181 807 nihil

181 825 236 890 nis
266 847 338 892 sese
367 825 551 892 venditaret
579 825 717 908 plumis:
750 823 837 907 quod
865 845 930 888 non
963 821 1061 888 latuit
1088 845 1155 890 nos.
1208 821 1418 901 haberemus,
1451 826 1521 908 ipso
1549 825 1623 890 freti
1653 827 1810 892 stetimus.
1862 827 1989 893 Cecidit
2014 827 2118 894 hostis
2144 829 2179 894 in

184 911 326 996 Saepius
344 932 404 996 ego
427 932 464 977 ac
493 911 617 978 Virelus
639 931 723 993 quae
752 909 935 978 videramus
955 909 1036 992 ipsis
1059 909 1157 974 etiam
1208 907 1336 974 foveam
1359 929 1456 992 quam
1479 911 1570 986 fecit,
1600 911 1657 976 sed
1686 933 1750 976 non
1778 913 1849 978 sinc
1876 914 1971 996 gravi
1993 914 2179 994 offensione,

184 997 293 1062 verbis
322 997 511 1062 afferentem
543 1018 610 1062 non
636 997 772 1062 obscure
799 995 1025 1060 intelleximus
1059 994 1156 1078 etsil)
1208 1015 1268 1076 pro
1290 995 1517 1078 resipiscentia
1538 1016 1574 1062 ae
1597 997 1676 1072 iure,
1700 1019 1763 1080 quo
1786 999 1839 1064 vel
1861 999 1968 1082 quivis
1992 999 2047 1064 alii
2066 1009 2179 1064 tenen·

181 1081 351 1149 Dominus
378 1090 505 1148 tantam
538 1083 749 1148 ambitionem
782 1081 959 1164 plectebat,
991 1089 1029 1146 ut
1057 1081 1157 1146 etiam
1208 1089 1264 1144 tur
1286 1100 1323 1145 ac
1344 1089 1443 1160 stant,
1467 1083 1571 1147 factus
1588 1084 1716 1148 transtu
1741 1106 1768 1148 a.
1803 1081 1996 1150 Solodorum
2019 1095 2179 1168 properat,

183 1169 305 1252 scripta
331 1190 437 1252 neque
470 1170 549 1235 satis
582 1168 693 1252 legere
725 1187 830 1250 nequa
861 1167 984 1232 referre
1015 1166 1154 1232 valebat.
1208 1167 1340 1232 missam
1360 1176 1393 1232 et
1410 1168 1574 1248 privatam
1593 1167 1694 1244 audit,
1717 1105 1853 1234 damnat
1870 1171 2003 1235 missam
2021 1168 2178 1235 damnan-

184 1253 280 1336 Qnod
303 1251 359 1320 ubi
387 1275 454 1318 non
480 1254 649 1332 successit,
678 1253 764 1318 elam
790 1253 884 1338 virus
913 1274 1009 1318 suum
1032 1249 1155 1330 effirdit,
1208 1257 1267 1328 tes,
1292 1272 1329 1316 ae
1351 1253 1557 1318 contumeliis
1578 1253 1772 1336 proscindit,
1801 1255 1982 1322 doctrinam
2011 1277 2086 1320 cum
2108 1279 2179 1322 cae-

183 1347 222 1404 ut
244 1339 418 1423 impediret
444 1340 687 1423 pontificiarum
712 1339 920 1421 impietatum
943 1339 1154 1403 eversionem.
1181 1388 1184 1445 Ι
1208 1339 1372 1402 rameniis.
1406 1337 1488 1402 Inde
1510 1361 1545 1404 se
1567 1339 1682 1421 recipit
1698 1340 1902 1424 Lugdunum
1926 1361 1968 1406 cx
1991 1351 2120 1407 tonsore
2142 1363 2179 1410 ac

182 1425 314 1492 Rursus
326 1447 383 1508 spe
400 1425 587 1500 frustratus,
611 1425 723 1490 abiens
741 1427 775 1488 in
794 1425 915 1490 malam
934 1446 1013 1503 rem,
1035 1425 1070 1488 in
1089 1433 1156 1486 tra·
1181 1448 1184 1528 Ι
1208 1423 1351 1488 consiliis
1373 1445 1455 1506 quae
1484 1425 1649 1508 suggessit
1677 1425 1713 1490 in
1735 1427 1864 1491 ruinam
1886 1427 2030 1510 piorum,
2059 1427 2178 1494 notatis

183 1511 331 1576 ducendo
354 1510 479 1578 Christi
503 1533 600 1594 opere
627 1532 664 1576 ae
693 1508 878 1594 sugillando
907 1519 1019 1574 nostro
1041 1509 1155 1574 minis·
1209 1509 1407 1592 singulisne
1433 1509 1515 1574 clam
1535 1509 1644 1576 verbis
1666 1511 1784 1594 quibus
1809 1513 1914 1578 solent
1932 1514 1979 1596 pii
2001 1513 2179 1579 christiane

182 1599 263 1662 terio
282 1597 441 1674 incubuit,
464 1596 521 1662 sed
543 1597 637 1674 clam,
661 1605 698 1660 ut
719 1595 820 1662 bonos
842 1596 971 1660 anobis
993 1595 1155 1660 abaliena·
1208 1615 1243 1658 se
1264 1596 1440 1659 convenire
1461 1594 1655 1674 laboratum,
1678 1603 1716 1661 ut
1737 1599 1902 1664 manifesti
1930 1607 2040 1664 essent
2068 1599 2113 1681 pii
2140 1617 2177 1664 ac

181 1696 245 1749 ret:
276 1684 381 1748 movit
402 1683 569 1760 nonnihil,
600 1679 657 1746 sed
686 1703 754 1746 non
781 1683 950 1766 permovit.
998 1681 1154 1758 Vocatus,
1207 1677 1438 1763 plecterentur.
1482 1683 1605 1746 Actum
1627 1692 1796 1764 praeterea
1825 1693 1860 1748 ut
1889 1685 1989 1750 vineti
2016 1685 2177 1766 epistate

181 1767 279 1852 idque
301 1769 342 1834 ab
363 1790 447 1846 nno,
476 1777 534 1834 aut
563 1767 670 1833 nescio
692 1775 786 1850 quot,
813 1765 946 1832 tandem
969 1767 1025 1832 ubi
1047 1767 1157 1849 potuit
1208 1764 1249 1830 ad
1271 1765 1456 1847 pontificem
1478 1767 1662 1832 delicerent.
1707 1769 1821 1834 Testes
1848 1777 1926 1834 sunt
1953 1767 2016 1834 duo
2038 1769 2177 1849 liberati,

182 1873 354 1936 erumpere
376 1855 482 1938 coepit
503 1853 695 1932 doctrinam,
717 1854 869 1918 instituta
891 1851 1057 1932 damnare,
1080 1851 1154 1916 aliis
1207 1850 1325 1932 quibus
1352 1851 1564 1935 blasphemiis
1593 1853 1627 1916 in
1656 1851 1823 1918 Christum
1851 1863 1884 1920 et
1912 1855 2118 1939 evangelium
2146 1863 2180 1921 et

180 1939 374 2006 inducendis
398 1937 562 2015 laborare,
592 1956 664 2004 ιιοιι
687 1939 788 2004 fuisse
815 1937 1016 2003 intellectam
1045 1959 1155 2020 preca·
1206 1937 1358 2018 inprimis
1379 1939 1412 2000 in
1435 1938 1587 2004 ecclesias
1605 1937 1783 2005 helveticas
1805 1939 1848 2005 sit
1870 1948 1988 2018 aetum,
2011 1941 2047 2005 in
2068 1939 2178 2007 libello

181 2027 302 2090 tionem
324 2024 461 2090 Domini
484 2033 596 2108 aperte
623 2023 795 2102 detonare,
828 2023 869 2090 ad
892 2023 1019 2090 scholas
1041 2025 1154 2088 remit·
1178 2055 1182 2113 ι
1207 2022 1351 2104 supplice
1378 2032 1526 2106 porrecto
1554 2025 1714 2107 pontifici,
1742 2047 1838 2090 nemo
1868 2028 1946 2091 satis
1971 2027 2177 2109 expresserit.

181 2119 260 2189 tere,
283 2132 321 2176 ac
342 2109 469 2193 plenius
492 2109 625 2188 discere,
648 2111 742 2193 quasi
759 2109 847 2175 solus
870 2109 1002 2174 tandem
1025 2109 1155 2174 doceret
1205 2107 1253 2172 Et
1285 2115 1323 2171 ut
1358 2109 1486 2191 plenius
1518 2109 1683 2194 intelligas
1721 2133 1820 2193 quam
1854 2111 2017 2176 infensum
2050 2113 2178 2177 hostem

180 2197 259 2280 quid
292 2195 491 2279 precandum
526 2205 625 2276 esset,
659 2196 816 2278 nimirum
849 2217 908 2278 pro
938 2195 1092 2278 apostolis
1121 2205 1154 2260 et
1206 2191 1371 2272 duxerim,
1401 2215 1481 2259 sane
1509 2216 1576 2259 non
1604 2217 1738 2278 possum
1767 2219 1832 2262 non
1860 2197 1942 2262 mihi
1969 2197 2176 2280 persuadere.

180 2283 333 2348 omnibus
361 2283 417 2366 qui
444 2304 518 2347 eum
541 2281 676 2347 Christo
698 2280 887 2364 quiescunt,
916 2293 1055 2363 atquae
1077 2287 1155 2344 sunt
1207 2277 1360 2344 Christus
1382 2281 1474 2346 novit
1497 2301 1538 2344 an
1561 2281 1609 2346 ita
1631 2281 1756 2346 habeat.
1800 2281 1867 2348 Per
1883 2283 1993 2365 ipsum
2016 2284 2177 2362 ellectum,

180 2368 278 2434 huius
300 2367 441 2432 farinae:
470 2389 513 2432 ne
539 2388 789 2434 commemorem
816 2387 915 2450 quam
938 2367 1070 2450 petierit
1091 2365 1154 2432 sibi
1205 2373 1242 2430 ut
1262 2363 1434 2447 Philippus
1444 2366 1470 2447 ⁴)
1495 2387 1569 2431 cum
1588 2363 1747 2430 cardinali
1764 2367 2033 2434 cousuetudinem
2054 2369 2177 2434 habue-

180 2451 252 2518 dari
274 2453 474 2536 provinciam
496 2453 532 2518 in
554 2473 667 2518 omnes
679 2451 795 2518 Gallos
817 2453 873 2534 qui
895 2453 1093 2532 ministrant,
1116 2472 1154 2518 ae
1206 2451 1265 2528 rit,
1294 2471 1332 2515 ac
1360 2451 1623 2536 illius·pecuniis
1653 2452 1796 2520 effecerit
1823 2475 1905 2536 quae
1927 2455 2009 2538 egit,
2038 2453 2118 2520 adeo
2140 2460 2178 2518 ut

179 2537 292 2604 literas
314 2538 427 2622 quales
455 2559 524 2603 non
551 2549 630 2622 puto
658 2561 717 2604 nee
740 2539 908 2622 pontifices
931 2537 1154 2604 ducentesimo
1206 2535 1360 2601 ecclesiae
1382 2537 1512 2602 ruinam
1535 2538 1598 2620 ipsi
1625 2547 1790 2620 acceptam
1818 2540 1929 2604 feram.
1973 2539 2047 2605 Non
2069 2540 2176 2606 levem

180 2623 312 2689 demum
344 2623 531 2690 tranuidis
569 2645 655 2689 anno
688 2624 843 2688 emisisse.
899 2621 1006 2704 Quam
1039 2623 1155 2689 urebat
1204 2622 1282 2686 facit
1294 2642 1345 2685 me
1358 2621 1478 2687 habere
1489 2625 1707 2690 coniecturam
1725 2624 1902 2707 gratulatio
1914 2624 1954 2690 ad
1966 2626 2138 2692 Antoniam
2148 2624 2176 2712 ⁵)

179 2709 308 2794 quoda
337 2647 439 2775 Vheto
467 2709 653 2780 admonitus
679 2713 772 2774 iuxta
799 2707 833 2772 id
861 2709 945 2792 quod
974 2709 1154 2774 christiana
1205 2706 1290 2790 quod
1322 2727 1431 2772 aerem
1454 2708 1682 2774 Genevenscm
1712 2709 1846 2788 viderit,
1876 2719 1913 2774 ιιι
1942 2711 2076 2794 optabat
2104 2719 2176 2776 tan-

176 2795 283 2880 poscit
304 2796 432 2873 caritas,
463 2817 500 2862 ac
521 2805 620 2878 prout
641 2793 884 2879 praecipiebant
911 2794 1075 2880 principes
1097 2795 1151 2877 pii,
1205 2793 1295 2856 dem:
1326 2815 1386 2859 nee
1411 2795 1521 2858 minus
1547 2803 1635 2858 certe
1660 2797 1811 2878 reputavi
1838 2795 1878 2860 de
1906 2796 2010 2862 literis
2039 2797 2177 2862 Sadoleti

177 2888 216 2946 ut
243 2887 401 2963 tanquam
428 2883 590 2947 novitium
623 2881 809 2960 adiuvaret,
838 2903 876 2946 ac
904 2902 972 2946 non
1000 2881 1078 2946 satis
1105 2892 1153 2944 te-
1205 2877 1246 2942 ad
1277 2875 1439 2944 Senatum
1467 2888 1500 2944 et
1531 2879 1619 2944 cives
1651 2881 1876 2964 instigatorem
1908 2882 2045 2956 fuisseu
2078 2882 2176 2964 idque

177 2973 311 3032 nentem
333 2975 371 3030 ut
393 2989 428 3032 se
450 2989 523 3032 cum
545 2965 665 3052 populo
688 2967 820 3032 deberet
837 2987 960 3050 gerere,
983 2964 1154 3050 respondit
1203 2963 1378 3046 praecipue
1400 2973 1438 3028 ut
1459 2963 1685 3030 adAcloaium
1703 2965 1950 3032 etBeruordum
1972 2968 2137 3036 scriberet.
2146 2969 2173 3050 ⁷)

176 3058 216 3118 ut
238 3073 297 3118 sua
319 3063 465 3120 curaret:
489 3074 523 3117 se
544 3074 609 3118 non
632 3051 754 3134 aliquid
774 3053 936 3135 attingere
953 3050 994 3117 de
1011 3051 1052 3118 iis
1070 3072 1152 3134 quae
1203 3047 1290 3113 Nam
1323 3057 1462 3132 uterque
1495 3051 1596 3132 probe
1630 3059 1728 3116 notus
1757 3059 1807 3118 est
1836 3051 1952 3118 Carolo.
2002 3054 2106 3118 Taceo
2134 3051 2175 3118 de

176 3136 381 3222 praedicaret
409 3137 548 3218 Vastus,
582 3136 639 3202 sed
671 3135 810 3202 liberum
838 3137 901 3222 ipsi
934 3139 1041 3203 sinere
1073 3137 1152 3220 quid
1204 3133 1340 3218 dialogis
1368 3137 1486 3218 quibus
1510 3157 1563 3200 mc
1590 3135 1779 3218 loquentem
1806 3139 1841 3203 in
1870 3139 1937 3204 suis
1966 3137 2175 3205 concionibus

177 3223 280 3288 vellet
302 3223 563 3290 concionaretur:
592 3221 680 3288 idern
708 3229 741 3286 et
769 3223 831 3288 sibi
857 3223 997 3288 liberum
1020 3224 1150 3290 sineret.
1203 3220 1281 3285 facit
1302 3241 1411 3286 eoram
1432 3219 1504 3286 Deo
1526 3243 1564 3288 ac
1586 3243 1630 3300 se,
1659 3223 1752 3288 iuxta
1773 3233 2005 3308 argumentum
2029 3224 2173 3292 Sadoleti.

178 3307 343 3390 Quamvis
363 3307 554 3394 diligentius
576 3307 815 3374 subindicatum
838 3315 932 3387 essct,
955 3309 1053 3373 unius
1076 3329 1151 3374 cau·
1203 3303 1271 3370 Sed
1292 3304 1370 3389 quid
1390 3327 1518 3388 possem
1540 3307 1670 3390 singula
1691 3309 1863 3392 persequi?
1908 3310 1956 3376 Ut
1976 3321 2099 3376 taceam
2121 3331 2175 3374 me

176 3416 247 3462 sam
272 3416 343 3460 esse
364 3395 509 3474 alterius,
532 3415 600 3460 ιιοιι
621 3395 742 3460 hahere
764 3415 799 3458 se
821 3391 966 3460 diversas
989 3393 1150 3472 ecelesias,
1202 3391 1465 3458 haeresiarcham
1487 3393 1568 3458 falso
1589 3393 1706 3459 vocari.
1741 3393 1840 3461 Haec
1855 3417 1956 3478 quum
1979 3397 2087 3460 animo
2105 3395 2174 3462 vel-

177 3479 309 3547 diversa
334 3481 519 3566 evangelia,
554 3501 660 3564 noque
687 3479 875 3558 Christum,
903 3479 1083 3544 sedunum
1113 3500 1151 3544 ae
1202 3499 1323 3557 verem,
1347 3487 1380 3542 et
1401 3499 1480 3544 sane
1501 3479 1605 3562 plura,
1628 3499 1734 3562 nsque
1755 3501 1808 3545 me
1830 3481 1958 3564 fugeret
1979 3480 2058 3564 quid
2079 3481 2174 3546 amici

175 3565 265 3632 idem
286 3567 510 3649 gratissimum
537 3565 655 3632 debere
680 3565 856 3648 unicuique
878 3586 964 3642 esse,
995 3565 1023 3628 si
1051 3565 1151 3630 officii
1202 3562 1450 3642 contenderent,
1479 3563 1596 3648 quibus
1625 3573 1694 3630 tam
1721 3573 1815 3650 grata
1843 3572 1929 3631 esset
1954 3567 2058 3632 nostri
2078 3567 2174 3632 ruina

176 3649 408 3730 admoneatur,
439 3661 471 3717 et
492 3673 606 3718 eorum
628 3672 711 3734 quae
732 3651 858 3716 faciunt
880 3651 921 3716 ad
944 3671 1150 3716 communem
1202 3669 1299 3730 (luam
1322 3649 1489 3732 ingratum
1512 3659 1562 3715 est
1583 3672 1643 3714 nos
1666 3651 1786 3730 vivere,
1810 3673 1847 3718 ac
1870 3651 1992 3734 aliquid
2015 3653 2049 3716 in
2071 3653 2173 3718 eccle·

178 3737 449 3803 aedificationem.
495 3735 563 3804 Sed
595 3737 668 3803 lusa
701 3737 763 3802 luit
794 3758 901 3820 opera.
952 3736 1018 3802 Ubi
1052 3735 1151 3800 rediit
1202 3735 1251 3798 sia
1272 3731 1407 3798 Domini
1434 3755 1493 3816 psr
1519 3757 1579 3799 nos
1607 3735 1778 3801 Christum
1806 3738 1949 3820 operari,
1978 3743 2089 3803 tamon
2117 3737 2174 3803 uhi

177 3823 318 3889 Genava
348 3823 486 3904 Viretus,
514 3824 577 3888 fuit
604 3845 683 3888 mox
710 3831 892 3906 pertractus
920 3821 960 3886 ad
989 3830 1149 3886 senatum,
1202 3841 1243 3884 ex
1266 3819 1437 3884 horrendis
1459 3819 1524 3884 illis
1547 3821 1694 3886 animum
1715 3842 1824 3886 meum
1849 3822 1889 3888 ad
1911 3831 2049 3886 mortem
2073 3845 2173 3906 usque

175 3907 228 3974 Ibi
251 3910 358 3992 coepit
381 3907 514 3975 Carolus
535 3916 609 3992 post
631 3909 754 3992 aliquot
774 3909 934 3986 indicare,
964 3914 1149 3990 suspectam
1201 3905 1442 3990 pungentibus,
1470 3907 1643 3970 commissa
1670 3907 1814 3972 Domino
1847 3906 2057 3974 eeclesiarum
2085 3931 2171 3988 eura,

177 4015 214 4059 se
234 3993 357 4060 habere
386 3995 485 4060 Vireti
513 3995 627 4073 fidem,
656 4017 694 4060 ac
720 4017 797 4060 mox
825 4015 956 4080 poscere
985 3993 1150 4076 quandam
1201 3991 1452 4072 respiravimus,
1482 3999 1520 4056 ut
1546 3992 1655 4057 visum
1676 3993 1738 4056 fuit
1759 3995 1870 4075 paucis
1897 3993 2068 4072 fratribus,
2098 4014 2172 4060 cum

177 4081 427 4147 confessionem:
456 4101 537 4164 quae
559 4101 637 4146 sane
659 4077 847 4146 indicabant
869 4081 1016 4144 animum
1039 4079 1150 4162 deplo·
1202 4075 1327 4146 duobus
1360 4077 1478 4160 legatis
1510 4077 1731 4160 Agathopolin
1766 4079 1933 4156 venimus,
1972 4081 2171 4162 praefectum

175 4173 295 4232 ratum.
341 4165 407 4248 Qui
430 4188 507 4233 cum
534 4166 635 4232 fratre
663 4167 754 4249 prius
784 4165 961 4250 quidquam
983 4187 1050 4230 non
1073 4186 1150 4232 oon·
1200 4161 1269 4228 illio
1290 4183 1367 4228 cum
1389 4163 1514 4228 civibus
1537 4163 1660 4245 aliquot
1677 4163 1712 4226 in
1730 4163 1887 4246 colloquio
1909 4175 2094 4248 praesentes
2112 4166 2171 4230 ha·

175 4251 263 4330 tulit,
286 4275 347 4318 nec
365 4252 503 4318 verbum
521 4273 666 4334 unquam
684 4252 768 4330 lecit,
787 4259 925 4317 testatus
943 4259 993 4316 cst
1010 4273 1044 4316 se
1063 4251 1150 4316 nella
1201 4247 1340 4314 hulmus.
1375 4246 1472 4328 Quod
1492 4247 1565 4312 ideo
1587 4249 1708 4314 factum
1731 4249 1793 4313 suit
1814 4257 1860 4328 ut,
1883 4250 1912 4316 si
1933 4261 2062 4333 praeter
2079 4273 2170 4334 spem

175 4337 709 4422 nequemenerenequemoneri,
732 4336 840 4402 sedin
860 4345 976 4404 senatu
993 4335 1148 4402 traduxit.
1200 4335 1266 4398 iam
1302 4334 1491 4398 haerentem
1527 4341 1561 4398 et
1588 4334 1639 4398 eui
1673 4333 1764 4400 loeus
1797 4357 1863 4400 non
1896 4345 1983 4402 esset
2008 4337 2170 4403 Dominus

177 4421 235 4490 Sic
257 4423 347 4489 furor
369 4425 555 4508 exagitabat
576 4423 751 4502 hominem,
773 4431 810 4488 ut
828 4444 929 4506 quum
951 4443 1018 4488 non
1040 4433 1150 4505 posset
1200 4419 1299 4484 vellet
1327 4419 1459 4484 trahere
1487 4419 1528 4484 ad
1556 4440 1607 4496 ec,
1638 4441 1697 4484 nos
1719 4421 1808 4484 omni
1830 4421 1935 4487 officio
1957 4424 2098 4506 prompti
2119 4443 2170 4486 oo

184 4509 324 4576 Viretam
350 4509 488 4593 perdere
514 4511 547 4574 in
573 4509 828 4592 christophorum
853 4509 977 4574 rabiem
1003 4509 1146 4574 verterit.
1200 4523 1422 4570 curreremus:
1444 4506 1494 4570 sin
1517 4506 1637 4584 minus,
1660 4507 1823 4588 congestis
1845 4507 2039 4574 carbonibus
2060 4509 2096 4572 in
2117 4527 2169 4572 ca·

178 4593 247 4662 Sed
268 4595 346 4678 quid
368 4595 410 4660 ad
435 4595 598 4660 Veretum?
632 4596 686 4660 An
708 4601 804 4659 autor
822 4595 885 4659 fuit
908 4593 1147 4678 Christoptoro?
1387 4647 1391 4652 .

177 4681 247 4747 Nes
280 4702 406 4766 quoque
438 4679 561 4744 invasit
593 4702 630 4746 ac
663 4689 796 4746 conatus
829 4689 879 4745 est
911 4679 1090 4778 productos·
1113 4679 1148 4744 in
1301 4725 1333 4791 4)
1351 4725 1442 4779 Im
1459 4723 1592 4794 mma
1632 4723 1764 4794 mm
1786 4727 1899 4782 &1533
1937 4725 2044 4782 M.
2059 4730 2085 4778 a
2103 4724 2166 4778 σοι,

177 4767 359 4846 theatrum,
397 4773 435 4830 ιιι
467 4765 573 4830 bonus
611 4763 741 4831 satelles
776 4763 933 4846 Satanae,
967 4765 1149 4831 haereticos
1199 4797 1260 4851 Μ,-
1277 4795 1465 4860 mmm,
1490 4795 1538 4862 pai
1554 4765 1780 4848 afim-,1540
1832 4767 1962 4851 ,dmg
1978 4799 2126 4848 mm,
2142 4799 2168 4848 ,g

177 4855 294 4933 facere,
317 4861 355 4918 ut
371 4850 448 4918 inde
468 4859 574 4916 totum
592 4861 762 4927 everteret,
785 4852 870 4934 quod
887 4873 945 4934 per
967 4873 1027 4916 nos
1045 4851 1150 4916 erexit
1200 4865 1338 4934 supplicio
1362 4863 1476 4930 affectas
1497 4869 1551 4930 est,
1576 4879 1615 4918 aa
1631 4863 1706 4930 iare,
1731 4879 1765 4917 er
1811 4865 1888 4919 melli
1910 4863 2028 4918 arataeo
2046 4853 2168 4929 pean

177 4939 342 5006 Dominus
369 4939 406 5006 in
433 4937 605 5022 evangelio
635 4936 827 5002 aediticium.
870 4937 951 5021 Egit
970 4939 1149 5004 instructus
1200 4934 1304 5004 mcvii-
1342 4931 1376 4988 V·
1395 4931 1523 5000 0⁰&be
1547 4931 1574 4987 Ῑ-
1593 4931 1653 4986 307·
1690 4931 1804 5004 Gaiae,
1829 4933 1954 5004 palpes
1971 4945 2060 5002 papea
2073 4945 2106 4999 p.
2125 4931 2168 4987 18.

178 5046 258 5094 suae
286 5025 410 5092 munao
447 5023 650 5102 hominibus,
692 5043 772 5110 quos
811 5022 1033 5088 dissimulatus
1065 5021 1150 5090 livor
1304 5003 1334 5138 g}
1351 5001 1662 5140 fflfflffidm
1682 5069 1700 5124 ι,
1717 5069 1735 5124 3·
1752 5071 1887 5127 mm
1904 5067 1997 5122 om.
2016 5067 2168 5126 mm

180 5149 382 5160 “⁶‘—
1200 5141 1307 5197 acca.
1342 5142 1357 5210 (
1400 5156 1431 5210 p.
1477 5139 1522 5194 ΙΙ.
1540 5137 1613 5207 295.)

283 5210 313 5278 3)
331 5225 384 5266 eoa
401 5211 495 5268 dabie.
758 5291 762 5298 Ι
1307 5209 1333 5276 7)
1388 5223 1451 5264 eae
1468 5207 1743 5280 manutenentia
1761 5204 1947 5264 Geminis
1964 5219 2088 5274 worm.
