4782 6010
261 383 370 454 xm
1104 378 1376 448 amsuchan.

418 569 460 638 D.
508 569 616 636 Foede
644 569 791 652 franceis
819 571 914 649 3193,
944 567 1021 634 clim
1050 571 1133 633 8702
1165 566 1324 650 11111555,
1360 569 1421 636 551)
1453 568 1551 635 titulo
1580 567 1752 635 Mletot'rea
1781 567 1825 634 du
1855 569 1949 653 rause
1983 567 2021 633 dc
2048 564 2177 634 01555155
2202 565 2266 632 ΙΧ.

258 681 383 748 Insunt
402 682 456 750 151.
480 685 520 746 76
543 702 608 766 seq.
632 680 715 746 duae
737 679 893 764 epistolae
915 678 1046 747 0515151
1068 677 1110 745 51
1134 679 1340 750 5155155155
1360 679 1401 746 15
1422 678 1578 765 Ooligny,
1600 699 1620 746 5
1642 679 1794 746 Bonneto
1816 677 1933 758 editae,
1955 677 2188 764 autographae.

418 795 458 860 E.
504 791 612 860 Foede
631 792 817 858 1151158585
840 793 901 858 551
924 791 1032 858 titulo:
1068 791 1233 858 Gallorum
1247 792 1481 875 5555155155
1502 789 1655 874 55155151,
1677 790 1886 858 1515115155
1911 791 2116 858 5115555555
2139 789 2268 858 0515151

261 903 305 970 51
327 905 489 972 Abbatem
510 903 682 990 quendam,
705 903 783 970 clim
804 904 873 969 iam
894 925 915 970 a
935 904 1024 970 Besa
1045 902 1176 968 editam.
1220 903 1364 988 Legitur
1383 905 1419 969 in
1441 903 1550 970 codice
1571 901 1626 968 fol·
1641 907 1690 967 76.

415 1015 455 1084 F.
501 1013 610 1082 Foeda
635 1015 716 1080 tatic
742 1017 827 1080 8586
856 1015 918 1082 551
944 1013 1055 1080 titulo:
1086 1014 1214 1082 11551511
1241 1015 1279 1080 de
1298 1015 1402 1082 1511555
1422 1015 1531 1082 rouo
1556 1014 1578 1080 ὰ
1604 1013 1694 1080 Mat
1715 1013 1873 1082 Hotornua
1898 1019 2009 1098 etpur
2031 1035 2100 1096 555,
2130 1015 2184 1082 151
2211 1020 2270 1082 tao

260 1125 362 1192 etiam
383 1148 484 1192 unam
505 1126 649 1208 (1515151,
670 1134 703 1192 51
724 1127 829 1212 ipsam
850 1128 887 1192 in
905 1127 1164 1193 Hctmannianis
1184 1147 1283 1210 supra
1305 1127 1447 1194 laudatis
1469 1125 1603 1193 editam.

1205 1412 1230 1494 ς.
1253 1409 1333 1476 555.

1096 1545 1246 1600 comeus
1265 1545 1440 1603 GOTHAM.
1573 1621 1574 1624 Ἰ

415 1683 456 1750 15
478 1683 674 1752 bibliotheca
696 1683 803 1751 ducah
826 1684 983 1751 Gethone
1010 1691 1187 1751 servantur
1215 1681 1279 1750 duo
1306 1687 1444 1750 maximi
1470 1684 1649 1752 voluminis
1677 1683 1803 1752 codices
1831 1687 1888 1770 qni
1909 1685 1990 1752 55115
2013 1684 2160 1770 amplam
2179 1686 2268 1752 nobis

260 1813 403 1862 messem
424 1795 635 1880 epistolarum
656 1797 693 1861 in
713 1795 834 1864 155555
861 1805 975 1863 nostra
997 1795 1203 1863 referendum
1224 1795 1487 1880 suppeditavere.
1532 1797 1629 1862 Alter
1658 1799 1720 1861 807
1752 1795 1904 1862 loliorum
1933 1798 1970 1863 15
1997 1797 2149 1883 catalogo
2169 1795 2267 1864 11100

259 1905 302 1972 N.
326 1911 389 1972 404
410 1908 603 1993 insignitus,
631 1909 666 1974 in
689 1914 757 1973 toto
785 1911 846 1974 338
869 1909 1015 1975 continet
1043 1907 1255 1988 documenta,
1282 1908 1366 1974 alter
1387 1909 1427 1973 Ν.
1451 1912 1530 1987 405,
1559 1908 1711 1974 foliorum
1733 1913 1796 1973 708
1818 1907 2058 1995 quadringenta
2080 1910 2220 1996 triginta
2238 1915 2269 1975 51

260 2017 337 2086 duo.
380 2019 423 2085 In
440 2019 557 2102 quibus
578 2027 690 2086 tamen
710 2019 852 2105 plurima
874 2021 1069 2100 obveniunt,
1098 2020 1222 2087 seilicet
1243 2021 1334 2087 ultra
1356 2021 1541 2106 quingenta
1562 2029 1597 2086 et
1617 2019 1844 2106 quadraginta,
1866 2041 1951 2104 quae
1972 2029 2087 2106 utpote
2108 2041 2130 2086 5
2153 2022 2270 2087 nostris

259 2129 368 2198 aliene
385 2132 601 2216 negleximus.
645 2131 734 2198 Sunt
754 2132 899 2198 maxime
919 2133 1026 2198 Bezae
1048 2137 1082 2197 51
1101 2133 1282 2199 55155555
1308 2131 1464 2216 epistolae
1493 2139 1644 2212 mutuae,
1673 2141 1747 2216 post
1773 2153 1947 2200 excessum
1980 2131 2113 2198 demum
2137 2131 2268 2200 Caluini

258 2243 408 2326 scriptae,
430 2243 534 2327 iisque
545 2243 666 2311 saeculi
686 2243 775 2309 illius
792 2245 961 2329 vergentis
982 2243 1194 2310 historiarum
1212 2243 1502 2328 scriptorermulto
1524 2265 1599 2310 cum
1621 2244 1730 2310 fructu
1749 2244 1799 2309 uti
1820 2251 1985 2328 poterunt.
2009 2243 2123 2329 Ipsius
2135 2243 2268 2311 Caluini

256 2375 327 2420 non
344 2355 407 2421 5151
425 2356 562 2441 triginta
577 2368 703 2438 septem
721 2355 775 2422 hic
797 2361 938 2436 exstent,
959 2352 1017 2422 sed
1038 2355 1151 2438 paucis
1173 2357 1316 2440 exceptis
1333 2355 1571 2441 autographne;
1594 2354 1635 2420 ad
1660 2355 1802 2422 eundem
1824 2377 1845 2422 5
1865 2355 1971 2422 variis
1993 2355 2101 2436 datae,
2123 2357 2265 2440 itemque

257 2468 327 2532 fere
349 2487 463 2533 omnes
485 2468 625 2550 propriis
652 2475 805 2534 autorum
823 2468 975 2534 manibus
998 2467 1148 2551 scriptae,
1170 2467 1301 2535 circiter
1317 2475 1451 2535 centum
1473 2473 1507 2532 et
1530 2468 1711 2552 sexaginta
1757 2467 1915 2534 Caeteros
1939 2489 2078 2534 numero
2099 2469 2270 2552 pauciores

257 2586 293 2644 51
313 2578 525 2644 tricenarium
546 2580 604 2644 vix
625 2578 830 2658 excedentes,
853 2599 1038 2663 quanquam
1060 2577 1190 2646 Caluini
1207 2600 1327 2646 nomen
1344 2601 1448 2664 neque
1469 2577 1707 2663 primo'neque
1731 2577 1875 2646 5555515
1895 2579 1966 2646 loco
1987 2600 2067 2664 prae
2089 2600 2125 2646 se
2149 2579 2267 2658 icrunt,

202 2744 205 2752 .
258 2695 371 2757 tamen
392 2697 431 2756 ut
452 2691 592 2757 5155555
614 2697 647 2756 et
668 2691 844 2758 conamina
864 2689 1065 2756 illustrantes
1091 2691 1271 2774 praeterire
1292 2691 1465 2758 noluimus

413 2803 467 2868 Ex
497 2803 550 2868 his
583 2801 710 2868 duobus
741 2801 905 2870 codicibus
931 2803 1059 2886 primus
1096 2803 1262 2886 superiore
1297 2803 1426 2870 saeculo
1454 2799 1533 2868 015.
1563 2800 1633 2887 sig.
1662 2801 1784 2882 Liebe,
1813 2803 1935 2868 nostris
1961 2803 2169 2886 temporibus
2197 2803 2267 2871 (lar.

259 2911 406 2998 Theoph.
428 2911 685 2980 Bretsohneider
713 2913 873 2980 nonnulla
900 2934 984 2998 quae
1013 2911 1055 2978 ad
1084 2913 1214 2982 Caluini
1236 2916 1379 2981 maxime
1406 2936 1459 2982 res
1485 2914 1700 3000 pertinebant
1734 2913 1855 2997 publici
1887 2913 1969 2980 iuris
2002 2915 2164 2981 lecerunt
2218 2913 2267 2982 De

257 3025 430 3109 utriusque
451 3025 570 3092 studiis
589 3046 690 3109 supra
710 3026 790 3092 satir
813 3025 944 3092 dictum
988 3025 1043 3090 Ex
1064 3025 1143 3092 051.
1167 3030 1229 3092 404
1252 3026 1484 3111 5551551155
1507 3026 1571 3092 alio
1594 3025 1663 3091 loeo
1685 3024 1803 3110 legum
1823 3025 1969 3093 civilium
1991 3047 2011 3092 5
2032 3025 2266 3093 0515155555-

259 3135 458 3221 scriptarum
479 3137 664 3222 fragmenta
683 3143 759 3222 poet
776 3137 1092 3204 Bretechneiderum
1115 3136 1286 3218 edidimus,
1308 3138 1383 3206 ride
1404 3158 1504 3222 supra
1525 3135 1600 3204 Vol.
1624 3135 1668 3202 X.
1696 3135 1789 3202 Part
1812 3137 1839 3203 L
1869 3157 1942 3222 pag.
1966 3141 2026 3202 126
2049 3159 2141 3222 seqq.
2188 3137 2266 3205 055-

258 3253 367 3314 15555
388 3249 566 3332 impressas
594 3269 709 3315 omnes
734 3269 811 3317 oum
837 3249 1026 3336 archetypis
1055 3250 1253 3318 authenticis
1281 3248 1530 3335 diligentissime
1559 3247 1695 3315 collatas
1723 3269 1743 3314 5
1769 3249 1864 3315 55115
1893 3267 1982 3328 esee,
2010 3271 2076 3316 555
2104 3247 2268 3335 estquod
2378 3321 2379 3344 ἶ

257 3359 408 3445 pluribus
427 3381 629 3428 moneamus.

413 3473 595 3539 Rarissime
616 3493 700 3556 quae
722 3473 775 3538 115
797 3472 962 3540 codicibus
981 3474 1192 3539 continentur
1213 3474 1312 3540 etiam
1331 3472 1409 3540 alibi
1429 3479 1616 3540 occurrunt
1663 3473 1759 3539 Duas
1774 3471 1913 3540 schedae
1936 3473 2122 3558 reperimus
2140 3493 2264 3560 quoque

256 3584 294 3650 in
313 3584 549 3664 Bonnensibus,
578 3590 613 3650 51
633 3606 674 3650 ex
695 3584 749 3651 his
770 3605 791 3650 a
812 3583 954 3652 Simlero
976 3585 1171 3669 1555515155
1201 3584 1341 3651 duarum
1370 3585 1511 3652 aliarum
1539 3584 1728 3670 apographa
1756 3583 1891 3651 exhibet
1921 3583 2031 3652 Codex
2059 3586 2267 3654 Genevenns
2378 3675 2379 3690 χ

261 3701 319 3760 111
345 3718 386 3777 5.,
408 3703 549 3780 quatuor
571 3694 675 3761 edidit
696 3697 794 3764 Beaa

412 3807 465 3873 De
487 3806 653 3874 codicibus
680 3809 760 3892 ipsis
788 3809 824 3874 in
845 3807 1076 3879 bibliothecam
1099 3803 1289 3874 Gothunam
1318 3807 1447 3876 saeculo
1477 3793 1644 3893 superiore
1671 3829 1691 3873 5
1717 3807 1759 3874 V.
1789 3808 1982 3878 01551155.
2007 3807 2265 3896 8510555155
2378 3811 2379 3880 ζ

257 3917 360 3986 illatis
381 3919 479 3986 adeas
500 3919 608 3986 Liebii
629 3919 874 4005 praefationem.
919 3919 988 4003 Qui
1013 3927 1123 3987 tamen
1146 3941 1260 3986 eorum
1287 3923 1354 3986 1515
1380 3942 1448 3987 555
1473 3922 1563 3986 omni
1590 3943 1632 3987 ex
1660 3925 1755 4004 phrte
1781 3921 1947 3988 illustrare
1969 3921 2084 3990 veluit
2131 3921 2267 3989 0555151

260 4041 372 4096 15555
400 4031 509 4097 virum
537 4031 678 4098 nobilem
701 4031 781 4098 055.
812 4031 946 4117 Sigism.
977 4033 1187 4099 aZastrisell
1209 4035 1384 4100 Moratum
1406 4033 1514 4098 Bonae
1542 4032 1740 4117 octogenarii
1769 4031 1996 4100 bibliothecam
2026 4033 2133 4118 pretio
2164 4033 2266 4100 soluto
2378 4027 2379 4050 ¹

260 4141 447 4223 redemisse,
470 4143 522 4209 cui
545 4144 599 4210 hio
621 4143 712 4210 illam
735 4143 949 4227 epistolarum
970 4145 1171 4229 farraginem
1189 4144 1354 4211 addidisse
1374 4143 1514 4211 videtur.
1559 4144 1642 4210 Mox
1663 4143 1751 4210 inter
1778 4143 1854 4210 belli
1878 4144 2044 4211 tricenarii
2065 4145 2183 4212 155155
2204 4145 2266 4212 115·

261 4254 442 4338 555-515551
464 4254 579 4322 deletis
600 4256 739 4322 caeteris
760 4254 853 4322 libris
875 4255 938 4320 hee
959 4256 1214 4339 pretiosissimae
1235 4257 1393 4340 reliquiae
1411 4254 1544 4321 tandem
1565 4255 1678 4321 sedem
1698 4255 1843 4339 quietam
1864 4257 2073 4324 invenerunt

417 4363 535 4431 Studia
556 4368 726 4434 nostruin
751 4368 804 4434 his
825 4367 920 4434 libris
941 4366 1107 4434 05115515
1132 4367 1335 4435 excutiendis
1356 4367 1506 4452 ponenda
1527 4367 1764 4434 humanissime
1790 4366 1918 4434 adiuvit
1944 4369 1997 4434 vir
2023 4365 2267 4453 praestantisei-
2378 4357 2379 4428 ἶ

260 4497 337 4543 mus
359 4475 573 4544 bibliothecae
600 4479 706 4544 ducali
735 4486 770 4545 et
791 4478 935 4546 archivis
963 4480 1147 4563 preelectus
1169 4481 1210 4546 A.
1235 4479 1341 4562 Beck,
1371 4481 1428 4564 qui
1453 4479 1675 4550 intercedente
1697 4478 1816 4546 055515
1839 4473 2029 4546 Schwaraio
2057 4479 2267 4546 celeberrimo

262 4589 490 4661 concionatore
519 4588 676 4656 Gethone
701 4598 735 4656 et
763 4590 1113 4674 55515515555555515,
1150 4613 1205 4658 eos
1230 4613 1316 4660 mmo
1353 4595 1432 4656 1865
1462 4595 1723 4677 Argentoratum
1753 4592 1871 4658 missos
1902 4592 1938 4656 in
1971 4597 2084 4657 nestro
2121 4591 2266 4675 1555555

260 4719 376 4766 museo
397 4720 458 4783 per
479 4701 582 4765 otium
604 4701 776 4767 retraetari
798 4703 981 4782 mucescit·
994 4711 1170 4787 postquam
1191 4703 1256 4768 iam
1279 4703 1402 4787 aliquot
1424 4702 1802 4798 5551555155οο1155,
1831 4702 2003 4770 Pertsohio
2023 4703 2065 4767 V.
2087 4703 2129 4768 D.
2153 4701 2266 4768 mina

262 4813 372 4878 trante
395 4819 560 4896 acceptos,
587 4833 673 4878 unus
702 4819 852 4877 nostrum
874 4815 996 4898 raptim
1016 4813 1156 4900 perlegit
1183 4835 1361 4898 eorumque
1382 4815 1499 4881 titulos
1525 4815 1673 4901 singulos
1699 4815 1735 4880 in
1757 4815 1947 4882 5155555515
1968 4814 2092 4880 retulit
2138 4814 2267 4897 Quibus

263 4923 396 5006 optimis
417 4923 540 4990 laboris
561 4923 667 4988 nostri
688 4923 881 5004 fautoribus,
904 4925 990 4992 sicut
1011 4926 1090 4994 olim
1111 4927 1276 5012 privatim,
1295 4949 1383 4994 nunc
1404 4927 1533 5011 publice
1555 4925 1679 4994 debitus
1701 4937 1814 5012 grates
1835 4926 2060 5004 libentissime,
2085 4927 2149 4992 etei
2170 4925 2266 5011 paulo

262 5033 390 5102 tardius
410 5055 514 5118 quam·
531 5034 751 5118 cupiebamus,
773 5035 1002 5119 persolvimus
1302 5023 1306 5032 ⁸
