4782 6010
248 389 369 460 ιιιιι
656 335 657 340 ¹
1115 383 1387 452 ιιιιιοιιι.

248 578 420 644 nobiscum
442 578 704 648 communicavit
750 575 983 662 Oantabrigine
1004 575 1163 641 nonnulla
1185 575 1250 642 hnc
1271 576 1471 660 pertinentia
1492 584 1623 656 exstare
1647 599 1689 642 cx
1711 575 1897 660 Anglornm
1925 575 2018 642 libris
2045 575 2142 641 editis
2171 574 2249 640 didi·

247 691 361 770 oimus,
384 691 421 754 in
443 688 563 772 quibus
584 695 696 755 tamen
718 688 895 756 subsistere
917 687 1067 754 nolentes
1088 709 1209 754 novam
1238 687 1528 772 investigationem
1556 699 1590 754 et
1616 689 1646 755 si
1673 708 1755 772 opus
1783 687 1884 754 buerit
1904 687 2112 755 collationem
2133 687 2249 754 facien

247 800 325 868 dam
345 801 542 868 curabimus.

400 911 564 996 Denique·
583 913 682 978 etiam
711 913 747 976 in
768 911 908 978 Polonia
935 908 1172 977 et'Lithuania
1199 911 1359 994 quasdam
1385 911 1523 977 fortasse
1550 910 1663 976 Nostri
1690 911 1844 994 epistolas
1873 911 2064 979 delitescere
2085 913 2250 998 suspicati,

247 1026 336 1091 viros
363 1023 474 1090 doctos
502 1023 688 1090 academiae
709 1023 976 1107 Petropolitanae
1002 1044 1062 1106 per
1088 1023 1165 1089 clar.
1192 1023 1351 1116 amicum,
1380 1021 1537 1088 Oarolnm
1558 1007 1778 1101 Frommann‚
1807 1023 1966 1090 ecclesiae
1983 1023 2198 1090 Lutheranae
2218 1025 2251 1088 ιιι

247 1137 385 1219 imperio
416 1135 541 1200 mesico
570 1155 735 1201 summum
769 1136 956 1219 episcopum
984 1133 1141 1214 adiimus,
1173 1146 1341 1218 sperantes
1368 1135 1437 1200 fore
1466 1143 1505 1198 ιιι
1533 1135 1596 1200 hac
1622 1135 1679 1199 via
1705 1135 1845 1200 certiora
1873 1134 2075 1202 edoceamur.
2128 1135 2252 1202 Verum

204 1329 207 1336 y
247 1247 328 1312 haec
348 1246 553 1330 percontatio
575 1247 671 1312 irrita
692 1248 755 1312 fuit
776 1269 882 1330 noque
904 1244 1146 1313 sciscitantibus
1168 1245 1346 1330 quidquam
1368 1247 1419 1314 vel
1442 1245 1525 1312 lucis
1547 1245 1603 1311 ιιι
1624 1247 1829 1312 incitamenti
1850 1245 1988 1313 allatum
2010 1257 2068 1313 est

1223 1436 1297 1500 .X.

1050 1437 1446 1602 cambuttam

402 1650 476 1717 Iam
505 1659 540 1716 tu
572 1672 612 1714 ne
641 1648 770 1730 credas,
802 1651 960 1717 benevole
982 1650 1116 1728 Lector,
1150 1658 1244 1715 tanta
1269 1650 1305 1713 in
1332 1647 1524 1714 evolvendis
1552 1649 1735 1717 innumeris
1761 1649 1927 1718 codicibus
1958 1661 1991 1718 et
2022 1655 2252 1738 conquirendis

249 1761 393 1846 undique
415 1761 620 1830 documentis
649 1759 796 1827 adhibita
825 1761 995 1847 diligentia
1021 1761 1055 1827 id
1081 1763 1233 1828 effectum
1257 1781 1337 1842 esse,
1360 1769 1399 1826 ut
1419 1760 1479 1825 tibi
1501 1759 1699 1826 Oslviniana
1720 1764 1831 1827 omnia
1853 1785 1935 1847 quae
1957 1764 2118 1848 hodieque
2140 1787 2252 1851 super-

248 1884 327 1942 snnt
354 1876 389 1940 in
417 1873 479 1940 hoo
508 1881 619 1940 nostro
648 1872 803 1940 thesauro
840 1883 1032 1941 coacervata
1060 1875 1177 1940 offerre
1205 1873 1384 1958 possimus,
1419 1892 1534 1964 neque
1557 1873 1630 1937 fieri
1656 1894 1751 1956 posse
1783 1882 1822 1939 ut
1852 1876 1989 1958 posthac
2022 1877 2141 1962 aliquis
2178 1880 2253 1945 felir

250 1993 397 2070 repertor
418 1985 559 2050 cundem
582 1985 818 2069 supplementis
840 1971 973 2071 augeat,
1002 1995 1149 2052 nostram
1181 2005 1272 2065 vero,
1301 1984 1328 2050 si
1357 2005 1421 2067 qua
1442 1983 1555 2062 fuerit,
1583 1983 1714 2050 landem
1742 1985 1903 2071 gloriosus
1924 1988 2062 2055 minuat
2108 1991 2254 2056 Tantam

248 2099 340 2164 abest
368 2106 407 2162 ut
436 2098 513 2164 huic
540 2119 645 2162 vanae
675 2097 814 2164 fiduciae
849 2097 1096 2183 indulgeamus,
1126 2092 1164 2164 ut
1191 2097 1299 2181 potius
1331 2096 1418 2161 ultro
1446 2103 1479 2161 et
1512 2095 1617 2161 libere
1648 2099 1880 2177 confiteamur,
1916 2100 2075 2166 eiusmodi
2109 2104 2255 2168 auctaria

248 2209 467 2295 exspectanda
495 2230 581 2288 esse,
608 2231 675 2274 non
702 2210 834 2292 quidem
864 2209 985 2276 multas
1012 2231 1071 2294 pro
1100 2230 1159 2275 sua
1186 2207 1335 2293 quodque
1363 2208 1513 2291 partein
1535 2207 1680 2274 medium
1703 2209 1871 2292 prolatura
1893 2210 2057 2295 reliquias,
2080 2213 2138 2279 sed
2160 2235 2254 2281 raras

248 2322 375 2405 aliquas
398 2319 583 2401 schedulas,
606 2323 700 2405 quasi
722 2323 923 2387 rorationem
944 2323 1098 2406 guttatim
1120 2343 1162 2386 ex
1182 2321 1252 2387 suis
1274 2316 1418 2385 fontibus
1440 2318 1617 2404 delapsam,
1640 2320 1836 2386 exhibitura.

404 2431 493 2498 Sunt
523 2433 611 2498 enim
639 2453 706 2498 non
734 2453 839 2516 pauca
865 2433 1026 2500 nobilium
1052 2431 1250 2499 familiarum
1280 2415 1482 2497 chartularia
1504 2432 1544 2495 ιιι
1566 2432 1682 2514 quibus
1711 2434 1832 2515 scripta
1858 2409 1948 2500 illius
1975 2437 2095 2502 aetatis
2118 2438 2254 2520 reperiri

247 2565 343 2628 posse
368 2565 447 2610 ιιιο
476 2543 564 2609 haud
594 2545 742 2610 absimile
771 2543 918 2624 videtur,
950 2545 1068 2628 quibus
1096 2555 1207 2610 tamen
1234 2542 1498 2627 pervestigandis
1520 2549 1554 2608 ct
1574 2544 1785 2610 recensendis
1807 2567 1874 2611 non
1895 2567 1935 2612 ea
1956 2545 2125 2632 hucusque
2147 2549 2254 2616 dicata

247 2666 298 2722 eet
319 2677 406 2736 cura,
430 2665 467 2720 ut
489 2655 566 2740 quid
586 2658 622 2721 ιιι
640 2677 767 2740 quoque
789 2657 859 2722 loco
882 2665 940 2720 aut
961 2655 1183 2740 quaerendum
1206 2661 1264 2721 aut
1285 2653 1434 2738 publicae
1460 2653 1595 2719 utilitati
1623 2655 1896 2722 commodandum
1924 2659 1968 2723 sit
1989 2659 2090 2744 vulgo
2117 2682 2253 2746 cognos·
2378 2703 2379 2714 ι

247 2774 350 2834 catur.
396 2765 467 2847 Sic,
496 2775 535 2832 ut
562 2768 624 2834 boc
652 2789 718 2833 uno
741 2768 890 2852 exemplo
907 2776 1054 2848 utemur,
1083 2767 1189 2833 Iulius
1210 2767 1357 2846 Bonnet,
1387 2767 1517 2850 saepius
1544 2785 1564 2829 ι
1585 2767 1679 2834 nobis
1710 2774 1743 2831 ιι
1765 2767 1917 2834 laudatus
1938 2777 1973 2834 et
1994 2769 2191 2852 laudandus,
2213 2795 2252 2839 ex

246 2879 441 2946 bibliothece
462 2879 707 2946 Tronchiniana
731 2881 766 2945 ιιι
789 2881 859 2948 vico
881 2881 1038 2967 Laviguy
1059 2858 1161 2964 prope
1183 2878 1369 2956 Genavam,
1400 2877 1441 2944 ad
1463 2898 1562 2962 quam
1590 2877 1697 2944 aditus
1726 2879 1819 2945 uobis
1847 2901 1916 2946 non
1941 2881 2064 2965 patuit,
2093 2885 2253 2952 nonnulla

246 2989 349 3058 edidit
377 2991 505 3076 gallica⁴
521 3012 603 3076 quae
626 2993 693 3056 iam
718 2991 758 3058 ab
781 2993 852 3076 ipso
874 2993 1015 3058 mutuari
1040 2992 1227 3070 debuimus,
1257 2989 1321 3068 alia
1342 2989 1451 3070 etiam,
1475 2991 1538 3056 nisi
1559 2990 1714 3070 fallimur,
1742 2991 1846 3058 latina
1870 2991 2017 3059 editurus
2040 3002 2121 3061 erat
2169 2995 2253 3063 Sunt
2378 3063 2379 3092 ¹

249 3113 359 3168 autem
382 3113 416 3169 et
436 3103 491 3168 alii
512 3103 607 3168 multi
628 3125 687 3187 per
713 3123 826 3170 omnes
848 3111 967 3184 terras,
997 3103 1141 3169 maxime
1162 3123 1241 3168 vero
1264 3102 1300 3165 ιιι
1322 3101 1496 3166 Britannia
1517 3108 1550 3166 et
1573 3100 1698 3182 Gallia,
1725 3103 1874 3170 homines
1898 3107 2100 3188 βιβλιομανῶν
2119 3109 2252 3176 nomine
2378 3095 2379 3112 ι

247 3213 337 3282 haud
365 3216 528 3281 immerito
556 3215 726 3300 appellati,
755 3217 791 3280 in
820 3216 927 3301 specie
956 3215 1234 3301 autographornm
1268 3211 1471 3291 oollootores‚
1504 3213 1561 3296 qui
1589 3215 1728 3297 siquae
1756 3215 1920 3281 clarorum
1942 3218 2090 3284 virorum
2118 3209 2256 3287 chartae

247 3326 385 3394 subinde
406 3328 538 3394 venales
560 3335 723 3412 prostant,
753 3327 839 3411 quod
862 3329 1019 3392 etiam-in
1046 3325 1241 3392 oalviniauis
1267 3324 1343 3410 plus
1365 3323 1465 3390 semel
1488 3332 1605 3394 nostra
1621 3327 1782 3391 memoria
1803 3327 1958 3396 accidisse
1980 3337 2120 3409 constat,
2150 3333 2251 3398 multo

247 3460 322 3504 aere
339 3438 526 3525 redemptas
547 3440 582 3504 in
605 3461 665 3506 sua
686 3440 807 3506 scrinia
827 3439 974 3520 referant
994 3439 1104 3522 ibique
1135 3437 1280 3522 sepultas
1301 3416 1407 3502 iacere
1430 3437 1549 3518 sinant,
1572 3437 1620 3502 ita
1636 3445 1674 3502 ut
1696 3459 1793 3503 nemo
1813 3439 2009 3521 mortalium,
2032 3442 2126 3509 ouius
2148 3444 2251 3528 inspi-

246 3571 320 3618 cere
340 3573 396 3618 cas
417 3553 601 3632 interesset,
630 3574 673 3617 ne
695 3553 854 3618 exsistere
876 3549 1006 3636 quidem
1028 3552 1195 3630 resciscat,
1224 3569 1345 3632 eaeque
1366 3569 1434 3614 uon
1457 3549 1520 3614 nisi
1542 3545 1621 3640 cas'u
1641 3551 1775 3616 fortuito
1797 3560 1925 3635 etpost
1946 3551 2046 3639 longa
2067 3565 2251 3640 temporum

247 3663 424 3729 intervalla
445 3685 464 3728 ι
486 3664 670 3730 carceribus
692 3664 761 3730 ιιιιι
781 3664 985 3729 emittantur.
1031 3661 1124 3728 'l'alia
1144 3662 1211 3727 iam
1232 3661 1374 3726 maiores
1396 3661 1500 3726 ιιοιιιι
1522 3663 1659 3744 experti,
1689 3669 1847 3746 quantum
1869 3665 1904 3728 in
1926 3665 2005 3748 ipsis
2026 3673 2099 3731 erat
2116 3689 2252 3756 operam

247 3775 370 3841 dabant
397 3797 440 3840 ne
470 3777 537 3840 situ
566 3777 714 3859 perirent
740 3797 823 3858 quae
851 3776 991 3860 passim
1002 3774 1249 3860 detegebantur.
1293 3773 1449 3838 Nostram
1470 3793 1549 3840 vero
1571 3779 1727 3854 aetatem,
1756 3775 1791 3840 in
1813 3797 1925 3840 rerum
1947 3785 2113 3860 gestarum
2137 3801 2251 3845 monu-

246 3887 368 3951 mentis
395 3885 509 3952 sedulo
536 3886 720 3992 relegendis
748 3895 815 3951 tam
842 3885 998 3952 laudabili
1027 3885 1188 3950 industria
1217 3885 1267 3950 uti
1295 3883 1369 3949 solit
1356 3891 1438 3962 tam,
1466 3884 1600 3949 minime
1627 3885 1879 3969 vituperandam
1899 3885 2036 3966 dixeris,
2066 3890 2095 3954 si
2116 3890 2252 3976 indigne

247 3996 362 4072 tulerit
386 3997 474 4080 quod
505 4019 588 4083 qpae
616 3981 699 4063 doct
677 4007 775 4064 ιιοιιι
811 3997 906 4064 avide
942 3996 1092 4063 ambiunt
1120 3996 1160 4061 ab
1186 3995 1326 4062 indoctis
1357 3976 1539 4060 invidiose
1550 3995 1805 4076 abscondantur,
1840 3997 1893 4064 vel
1925 3997 2025 4063 etiam
2058 3999 2251 4068 invidiosius

248 4110 433 4193 petentibus
455 4108 668 4194 denegentur.
714 4105 824 4194 Atque
845 4130 887 4174 ue
906 4101 1050 4193 iniquius
1072 4129 1172 4192 quam
1194 4129 1254 4192 par
1272 4115 1322 4173 est
1343 4106 1383 4171 de
1406 4106 1467 4172 hoc
1488 4129 1622 4192 genere
1631 4109 1722 4190 queri
1743 4099 1930 4188 videamur,
1958 4109 2037 4194 quid
2058 4111 2251 4198 nobisipsis

249 4221 425 4305 contigerit
454 4223 572 4305 accipe.
625 4220 741 4304 Quum
771 4222 914 4310 primum
937 4221 1043 4302 Gallis
1068 4220 1198 4303 publice
1225 4218 1397 4284 consilium
1424 4227 1575 4284 nostrum
1604 4217 1644 4284 de
1669 4218 1802 4286 edendis
1831 4219 1963 4286 Caluini
1988 4215 2140 4306 operibus
2167 4249 2251 4318 nup·

249 4333 372 4399 ciatum
394 4333 504 4412 fuerit,
526 4333 640 4399 literae
667 4333 708 4398 ad
736 4354 795 4399 nos
823 4333 969 4418 perlatae
990 4340 1069 4398 sunt
1089 4332 1176 4397 inter
1197 4331 1320 4412 multas
1349 4330 1429 4395 aliae
1457 4330 1556 4394 etiam
1578 4330 1715 4397 He'nrioi
1738 4329 1863 4397 Sarrau
1889 4331 2062 4412 cuiusdam
2089 4335 2251 4422 Burdiga·

248 4443 359 4524 lensia,
380 4445 436 4528 qui
454 4465 490 4510 se
511 4445 663 4536 epistolas
683 4447 834 4530 antiquas
856 4445 985 4511 circiter
1007 4443 1125 4528 viginti
1145 4443 1365 4527 autographas
1386 4441 1551 4524 possidere
1574 4442 1779 4527 significavit,
1809 4465 1947 4528 quarum
1967 4445 2135 4532 catalogue
2157 4450 2251 4532 quin-

224 4557 355 4622 ·decim
384 4545 426 4621 ad
448 4555 624 4622 (lalvinum
654 4555 761 4637 datas,
790 4565 824 4621 ιι
851 4555 911 4622 has
939 4556 1089 4640 quidem·
1093 4575 1208 4620 omues
1230 4554 1308 4620 alibi
1330 4575 1395 4618 non
1418 4562 1585 4620 exstantes
1607 4555 1827 4638 promittebat.
1872 4555 1940 4622 Nos
1959 4563 2027 4621 tam
2050 4558 2171 4624 bonam
2189 4561 2252 4626 for-

247 4677 367 4734 tunam
389 4688 432 4734 ne
454 4667 588 4752 ignaria
610 4667 865 4750 dimitteremus,
892 4669 1004 4734 statim
1035 4666 1262 4749 rescripsimus
1284 4675 1438 4756 rogantes
1466 4673 1506 4730 ut
1532 4667 1625 4732 nobis
1652 4665 1871 4750 inspiciendae
1899 4675 1933 4732 ιι
1961 4667 2191 4738 describendas
2212 4671 2253 4738 ed

248 4779 374 4864 aliquot
394 4779 464 4844 dies
486 4778 684 4844 concederet
730 4763 845 4859 Quem
863 4780 975 4846 ιιιιιιιι
997 4801 1058 4844 nos
1081 4785 1261 4861 stuporem·
1276 4777 1455 4860 perculisse
1475 4785 1571 4861 putas
1594 4789 1724 4863 accepto
1746 4798 1916 4861 responso:
1946 4791 2051 4865 neque
2077 4782 2164 4849 foras
2187 4793 2253 4850 ιιι-

250 4889 355 4957 ditum
377 4892 428 4971 iri,
451 4911 557 4974 neque
578 4890 655 4972 ipso·
669 4899 843 4974 praesente
871 4891 1065 4957 amanuensi
1088 4888 1285 4968 tractandas,
1316 4888 1374 4954 sed
1403 4890 1469 4954 cmi
1494 4909 1590 4994 posse
1617 4891 1722 4956 sexies
1752 4889 1843 4954 mille
1872 4889 1965 4956 libris
1993 4891 2132 4977 gallicisl
2186 4895 2252 4961 Pro

250 5003 368 5088 quibus
400 5024 481 5068 mox
519 5003 745 5068 recusantibus
779 5023 901 5068 novum
929 5011 1002 5086 pret
1002 5004 1071 5069 inm
1098 5002 1175 5068 fecit
1161 5001 1303 5066 ttrium
1338 5000 1495 5078 millium,
1527 5001 1650 5086 insigni
1685 5021 1765 5066 usus
1792 4997 2005 5087 indulgentia
2063 5003 2192 5070 Verum
2219 5013 2252 5071 et

251 5115 337 5180 hauc
358 5116 541 5198 pactionem
563 5111 833 5180 fortunatioribns
855 5113 969 5179 cedere
991 5115 1093 5181 coacti
1115 5113 1241 5178 honest
1219 5113 1344 5178 t1ssimo
1368 5113 1438 5178 viro
1461 5111 1546 5178 nihil
1568 5111 1708 5196 amplius
1730 5112 1968 5236 respondimus,
1991 5123 2042 5182 sat
2042 5117 2070 5182 is
2028 5115 2252 5183 thubeutes

249 5225 414 5292 titulos
386 5247 457 5292 erus
479 5225 548 5291 suis
569 5224 648 5328 locis
670 5226 883 5312 recensuisse,
905 5225 944 5289 iu
962 5233 1156 5311 perpetuam
1176 5225 1226 5288 rei
1246 5224 1446 5290 memoriam.
