4820 6016
170 285 234 348 nr
700 244 703 250 ’
956 291 1038 356 1537
1056 290 1392 372 lon-sucoso.
2109 315 2171 382 us

163 468 263 654 titt
280 489 355 656 tt
372 476 549 639 tssttt
562 471 770 626 iiiiii&
787 473 1145 644 tttt‘tttdttt
1196 486 2006 664 tto{tatttttttgdtttnttjtc
2024 497 2170 669 iiiii

163 639 258 719 fidet,
281 650 387 706 vitare
408 645 682 712 concertationem
711 644 895 712 verborum.
938 645 980 712 In
1003 647 1055 714 his
1078 670 1143 716 ero.
1196 657 1420 740 evangelium,
1449 669 1547 745 etque
1576 661 1637 730 hoo
1664 665 1806 747 proiecto
1833 676 1947 733 contre
1976 671 2077 736 enimi
2103 672 2170 738 mei

164 724 272 806 Quod
302 725 451 792 Oarolani
476 729 610 808 attinet,
638 731 803 798 hominem
835 751 942 816 neque
975 733 1144 800 absolvere
1196 743 1401 810 sententiam.
1445 746 1610 830 Receptus
1632 761 1682 815 est
1703 751 1783 816 item
1805 750 1999 836 Bipotius,²)
2021 757 2073 822 vir
2093 756 2169 839 phi-

161 833 278 895 nsqne
304 810 460 910 domuere
492 833 633 914 possum.
680 817 735 882 Ex
768 837 870 916 ecquo
899 818 987 916 enim
1018 819 1144 919 Odoini
1195 823 1358 908 Iosephus,
1381 831 1519 898 scientis
1535 855 1683 918 magnus,
1701 845 1805 918 poete,
1828 837 2015 922 linguonum
2033 842 2167 924 peritus,

163 905 414 997 accusationem
435 907 469 964 et
492 897 611 1000 Ooroie·
627 913 892 986 repurgetuonem
919 924 1050 988 1gnoro,
1079 905 1144 970 mei
1197 912 1329 978 iuterim
1364 917 1458 982 miles
1487 927 1521 984 et
1550 918 1726 999 homicide,
1762 925 1972 1006 quemobrem
2009 925 2168 994 hacteuus

163 983 257 1082 quod
280 984 352 1050 diro
373 985 531 1068 quaedam
548 985 689 1071 legimus
706 1008 850 1072 appense
866 989 902 1054 in
921 990 1058 1089 epistoio
1073 990 1144 1058 Cot·
1196 999 1300 1062 ceruit
1320 1003 1427 1084 gretia
1450 1004 1544 1086 regis.
1589 1006 1636 1072 Et
1665 1018 1814 1090 receptus
1842 1017 1893 1074 eet
1918 1009 2074 1078 beneficio
2100 1033 2169 1078 osu

162 1089 238 1136 uene
259 1069 303 1134 ad
324 1068 373 1170 D..
392 1069 580 1154 Grpnaeum,
604 1072 644 1138 nd
666 1095 748 1154 quae
769 1083 863 1173 cente·
881 1074 1044 1174 obstupm,
1067 1097 1144 1142 neo·
1196 1081 1355 1152 diualium
1377 1088 1588 1170 quorundam.
1634 1093 1724 1158 Dum
1751 1093 1805 1160 hio
1833 1095 1911 1176 fuit,
1940 1097 2062 1180 incepit
2086 1097 2169 1183 Gry-

163 1153 248 1220 dum
271 1155 418 1256 mtelhgo
448 1178 512 1239 quo
540 1167 696 1258 spectent.
706 1161 734 1258 ξ)
785 1159 878 1226 Nun
905 1159 1020 1260 dehis
1042 1163 1144 1260 scrip·
1196 1189 1272 1236 noeo
1294 1170 1425 1240 doctore
1446 1195 1560 1258 sapere
1582 1175 1622 1242 de
1641 1176 1773 1244 Christo
1794 1179 1944 1262 pulchro:
1968 1203 2058 1249 nuno
2079 1190 2168 1266 post-

162 1251 287 1306 serunt
307 1243 402 1308 nob1s
423 1242 592 1308 Bernctes.
634 1244 727 1310 Nihd
756 1265 833 1330 ergo
862 1245 902 1310 dc
925 1244 977 1310 hus
999 1246 1143 1313 indicere
1196 1275 1293 1336 quam
1316 1258 1507 1326 beneficium
1530 1264 1648 1341 sensit,
1677 1264 1742 1328 imo
1771 1265 1868 1348 plane
1895 1269 2019 1350 aceepit
2040 1266 2168 1336 abillis

161 1347 313 1410 possum.
357 1327 427 1426 Neo
454 1330 482 1428 si
509 1350 637 1412 possem
665 1329 776 1428 dcirco.
821 1331 942 1430 Debeo·
955 1339 1065 1397 eutem
1087 1355 1143 1402 cu·
1195 1339 1286 1421 viris,
1308 1345 1417 1412 nescio
1438 1347 1558 1412 iterum
1580 1347 1658 1431 quid
1680 1351 1827 1433 cogitem.
1861 1352 1975 1417 Timeo
1997 1353 2062 1418 iem
2085 1355 2167 1420 elte-

162 1431 242 1478 rnre
266 1421 303 1478 ut
325 1433 432 1479 omms
451 1422 539 1480 mter
559 1413 678 1482 fratres
699 1414 858 1483 dissensio
875 1425 1029 1500 sopietur.
1067 1418 1144 1486 Huc
1195 1447 1269 1490 rum
1291 1449 1362 1494 esse
1384 1431 1440 1513 qui
1468 1433 1582 1498 relicta
1603 1435 1787 1518 cognitione
1811 1437 1956 1503 veritatis
1978 1439 2064 1504 inter
2086 1439 2168 1506 Gal·

162 1519 272 1583 quum
293 1505 330 1565 tu
350 1501 659 1600 quoquuhorteris,
687 1501 823 1568 studebo
850 1503 955 1587 magis
982 1502 1142 1586 scdulo.⁸')
1195 1511 1244 1577 los
1265 1535 1427 1580 remoram
1448 1516 1582 1595 iniicint.
1627 1519 1763 1586 Utinam
1785 1541 1852 1586 non
1875 1544 1952 1588 vere
1974 1521 2125 1592 divinem.
2137 1525 2167 1609 ⁸)

166 1621 204 1635 -
230 1619 277 1633 -
299 1620 341 1642 ν·-
363 1623 404 1636 -
426 1585 512 1666 Ιιὼι,
535 1590 586 1652 23.
610 1588 708 1654 Anno
734 1591 824 1654 1637·
879 1672 881 1676 ⁸
1194 1633 1238 1646 -
1257 1635 1297 1647 -
1320 1635 1362 1648 -
1383 1637 1426 1647 —
1448 1603 1607 1684 Besileee,
1629 1609 1679 1671 26.
1702 1605 1779 1672 Iulii
1802 1628 1887 1674 enno
1909 1613 1999 1674 1537.

710 1723 755 1791 Η.
777 1723 991 1812 Bulliugerus
1013 1731 1099 1794 tuus.
1838 1745 1875 1810 Τ.
1895 1745 2078 1830 Myconius.

554 1981 757 1994 Ἥ

1580 1997 1782 2010 --ι-

629 2165 681 2236 ἵὶ.
1465 2171 1467 2174 ’
1655 2181 1707 2251 'id

366 2302 610 2371 MYOONIUS
632 2303 950 2373 BULLINGERO.
1194 2317 1256 2384 Lu
1268 2301 1420 2386 sium
1436 2319 1500 2384 DE
1517 2319 1675 2386 Bnnnn
1687 2322 1718 2386 A
1728 2321 1886 2390 PAREL
1901 2323 1962 2390 ΕΦ
1979 2323 2165 2395 OALVIN.

258 2471 395 2540 carnae
422 2475 458 2540 in
483 2473 626 2542 Gallione
651 2495 795 2541 reversus
822 2477 1014 2544 Lntieronis
1043 2479 1142 2545 recic-
1281 2487 1496 2574 mpnmanee
1523 2511 1567 2558 aa
1587 2491 1667 2573 noa
1687 2492 1725 2557 de
1750 2491 1819 2558 ieter
1839 2495 2063 2579 neseipnernent
2083 2497 2165 2566 rdo-

161 2560 408 2658 nroreflde'citnr.
463 2561 548 2640 Quid
573 2563 622 2627 rei
648 2562 691 2628 eit
717 2563 857 2628 nondam
889 2565 971 2630 satis
1002 2571 1141 2648 apparet.
1193 2573 1235 2656 tif
1254 2595 1298 2640 au
1318 2575 1425 2659 dapne
1450 2577 1489 2642 de
1517 2576 1550 2642 lo
1578 2577 1698 2656 tonte,
1726 2579 1811 2643 etde
1836 2578 1905 2645 leur
1925 2582 2102 2662 prdtention
2127 2583 2166 2650 de

163 2647 307 2711 Interim
332 2645 370 2712 de
401 2645 509 2713 Gallis
536 2648 707 2746 timendam
734 2647 839 2748 neob
860 2649 1017 2750 evangetio
1034 2651 1142 2733 potins
1192 2659 1278 2742 faire
1306 2663 1404 2727 croire
1439 2682 1482 2728 ou
1504 2661 1614 2745 pndlie
1639 2681 1700 2744 gae
1725 2662 1793 2728 icor
1815 2665 1988 2746 confession
2012 2667 2051 2732 de
2077 2669 2165 2735 Lon-

162 2731 404 2832 absterreontar
425 2751 521 2833 quant
541 2737 577 2797 nt
597 2734 680 2834 tiled
700 2738 863 2818 receptent.
908 2734 1023 2803 Snnele
1043 2757 1143 2803 ποω-
1193 2765 1292 2812 senne
1323 2748 1431 2812 arrad
1461 2745 1507 2814 ot
1543 2747 1764 2832 officieilement
1793 2751 1966 2833 opproande
1998 2752 2019 2818 ὰ
2050 2751 2166 2838 Beroe,

159 2816 258 2902 plane
279 2817 393 2885 dnicae
411 2819 489 2901 fider
508 2838 543 2883 tn
563 2817 700 2903 Bryoteo.
1193 2833 1300 2898 tondis
1321 2833 1560 2916 qn’eanmdmes
1580 2855 1602 2918 y
1622 2836 1746 2901 avaient
1765 2837 1901 2902 nnete·
1921 2839 1942 2903 ὰ
1963 2839 2122 2914 sousorire
2144 2839 2167 2908 ὰ

161 2988 227 3055 (ΠΙ
243 2987 412 3058 sungrapha
429 2988 541 3042 Archiv.
560 2989 649 3042 Turio.
673 2989 746 3043 Plut.
763 2989 813 3045 VL
837 2991 890 3045 vol.
915 2989 967 3046 155
983 2992 1053 3047 'olim
1070 2993 1141 3063 Epp.
1192 2918 1265 2985 cene
1285 2919 1323 2986 de
1344 2917 1434 2986 ΒΜ

382 3058 412 3112 Τ·
430 3056 473 3125 ὅθι
490 3057 536 3112 ¹⁰2
555 3057 614 3114 1⁶⁸·
632 3058 851 3114 ·⁸i1¹²¹⁰¹”t⁰¹=
869 3057 929 3128 43·)
1194 3087 1341 3154 (Antinoe
1363 3087 1398 3143 es
1415 3089 1513 3144 neme.
1549 3088 1657 3146 nanu
1675 3089 1857 3146 uino-nuo
1880 3091 1912 3146 ε.
1936 3091 1982 3147 nn
2001 3091 2034 3148 ιε
2051 3112 2076 3148 v.
2110 3094 2165 3152 un·

1192 3157 1279 3228 prime'
1296 3157 1363 3212 daus
1381 3159 1476 3228 Roget,
1494 3157 1559 3214 hist.
1576 3157 1613 3212 du
1621 3158 1780 3294 ¹85?dess
1800 3157 1910 3215 Genius
1927 3161 1952 3218 1.
1967 3160 2011 3216 67.
2047 3163 2162 3236 Buchet,

161 3229 209 3296 D.
239 3227 422 3296 Heinrioho
449 3227 644 3313 Bullingero
672 3229 859 3296 doctissimo
885 3231 980 3298 fratri
1008 3231 1045 3297 in
1071 3232 1141 3298 Do·

437 3315 529 3379 mino
550 3335 609 3380 suo
631 3315 868 3390 colendissimo.

1056 3451 1142 3536 quod
1194 3396 1226 3462 A
1247 3397 1381 3463 maistre
1409 3395 1599 3464 Guilloume
1624 3397 1747 3464 Pherel
1779 3399 1957 3482 presohsur
1985 3397 2026 3467 de
2051 3401 2165 3487 leglise

255 3449 291 3518 S·
318 3447 464 3552 casdim
493 3449 588 3516 audi⁰
617 3457 784 3534 ¹⁰⁰⁰Pt¹¹m
811 3452 847 3516 iu
870 3450 996 3551 Galim
1010 3449 1055 3604 qq
1112 3539 1119 3552 .
1194 3490 1228 3548 et
1247 3482 1351 3549 Iehen
1373 3481 1517 3549 Gsulvin
1537 3483 1662 3550 leeteur
1683 3505 1725 3550 en
1747 3484 1780 3548 ln
1801 3485 1924 3552 saincte
1945 3487 2166 3571 escripturee

160 3560 228 3606 rex
250 3533 392 3602 nud1ent
419 3558 528 3620 ipsum
556 3535 735 3602 reclamare
763 3537 973 3604 Luthercms.
1057 3560 1141 3606 escuo
1449 3569 1586 3636 (gonew
1606 3591 1689 3636 nous
1710 3570 1792 3636 bom
1814 3589 1917 3655 my&

162 3625 194 3692 si
218 3644 273 3688 res
294 3622 342 3688 ita
361 3623 488 3688 hebent
532 3621 620 3688 Illud
642 3632 769 3688 certum
792 3631 858 3702 eet,
886 3623 1050 3708 evangelii
1071 3645 1141 3690 seo·

161 3717 290 3788 totores
312 3729 379 3772 non
401 3708 442 3774 ob
464 3708 563 3773 eliam
584 3729 716 3776 osusem
738 3709 831 3794 peius
858 3708 945 3792 opud
967 3709 1060 3774 illum
1083 3731 1141 3776 su·
1278 3703 1441 3772 Senvnnts
1470 3705 1606 3772 discrete
1635 3707 1743 3774 chiers
1772 3713 1806 3772 et
1833 3705 1915 3772 bons
1946 3727 2049 3794 smys,
2082 3731 2165 3780 nous

162 3793 248 3874 dire,
271 3793 334 3860 nisi
356 3793 443 3876 quod
464 3801 559 3877 putot
580 3815 636 3860 eos
657 3815 725 3860 non
746 3803 834 3860 recto
854 3795 977 3860 sentire
995 3793 1035 3860 de
1058 3795 1140 3862 divi·
1193 3812 1298 3858 eomes
1321 3800 1390 3858 este
1411 3791 1556 3858 advortis
1570 3812 1629 3876 por
1646 3793 1803 3878 culcungs
1822 3789 1862 3858 do
1879 3814 1962 3858 nous
1980 3793 2166 3878 predicente

161 3881 271 3947 nitate
293 3877 427 3945 Christi.
472 3877 569 3960 Quod
591 3880 619 3944 si
640 3901 730 3946 nuno
757 3880 933 3962 recepisset
960 3880 1078 3960 istum,
1103 3889 1141 3946 ut
1193 3886 1266 3942 tant
1287 3877 1328 3942 de
1349 3877 1381 3942 lc
1403 3885 1490 3944 terre
1512 3877 1553 3944 do
1575 3878 1651 3945 Gex
1681 3901 1743 3962 que
1772 3877 1980 3962 cultrosque
2008 3879 2165 3950 cherches

163 3965 209 4034 ad
233 3985 294 4032 nos
316 3965 434 4030 nobilis
464 3966 516 4032 vir
544 3973 578 4030 et
606 3967 680 4050 pius
702 3965 798 4032 hodie
827 3965 940 4030 retulit
967 3968 1139 4044 commis
1192 3964 1356 4030 tousiours
1390 3961 1431 4029 de
1462 3963 1550 4029 leurs
1585 3963 1760 4048 joculquer
1793 3971 1905 4030 vostre
1932 3966 2100 4049 jutention
2130 3975 2165 4036 et

160 4073 282 4122 vereor
298 4050 450 4134 frigidam
461 4051 645 4116 suffusurus
665 4061 750 4117 esset
767 4073 834 4116 non
853 4052 1006 4134 seguiter.
1038 4053 1138 4118 Affir-
1192 4049 1325 4132 opinion
1347 4048 1387 4114 de
1410 4049 1443 4116 lc
1462 4049 1579 4114 nullite
1602 4049 1660 4116 dcs
1677 4059 1781 4116 moctn
1804 4050 1915 4114 trinite
1938 4059 1972 4116 et
1991 4072 2163 4138 personne,

162 4137 271 4206 mavit
298 4135 401 4214 idom,
433 4133 580 4202 Coretum
609 4135 842 4220 propemodum
865 4137 1021 4216 delirare,
1051 4137 1139 4204 uude
1191 4155 1273 4218 pour
1294 4134 1413 4219 yceulx
1431 4135 1552 4220 jedictz
1574 4135 1759 4218 predicante
1782 4134 1893 4202 deviet
1911 4133 1951 4201 de
1968 4135 2002 4202 la
2019 4147 2165 4206 costume

184 4222 298 4288 uidem
319 4219 478 4298 divinant,
501 4243 583 4304 ques
604 4223 691 4298 iacit,
711 4244 776 4287 non
794 4223 875 4288 bene
893 4221 955 4286 sibi
972 4223 1139 4289 conscium
1191 4227 1224 4285 et
1245 4220 1391 4285 muniere
1418 4219 1458 4286 de
1485 4221 1576 4304 parle
1589 4225 1613 4304 ¹)
1641 4219 1681 4286 de
1708 4221 1821 4287 trinite
1847 4221 2009 4304 recephue
2037 4222 2077 4289 de
2099 4225 2164 4290 les-

159 4245 279 4375 iecore.
324 4307 486 4390 Equidem
504 4307 613 4373 nescio
634 4305 712 4392 quid
733 4309 780 4373 rei
801 4307 852 4373 sit.
887 4306 1054 4388 Quamdiu
1076 4309 1140 4374 fnit
1190 4305 1273 4389 glise
1295 4305 1498 4389 Ontholique‚
1521 4315 1555 4371 et
1575 4315 1793 4372 mesmement
1812 4315 1862 4372 est
1882 4329 1986 4374 venue
2008 4328 2029 4373 e
2049 4319 2162 4377 nostro

161 4393 251 4478 opud
273 4413 334 4458 nos
362 4393 472 4458 taliter
501 4394 568 4477 egit
596 4400 635 4458 ut
662 4393 823 4460 iuressem
852 4393 975 4459 bonum
998 4415 1069 4461 esse
1091 4395 1139 4462 vi·
1190 4392 1297 4456 notice
1319 4411 1383 4474 que
1405 4413 1485 4458 vous
1510 4389 1643 4462 Caninio
1672 4414 1751 4476 oyes
1778 4393 1899 4475 escript
1928 4415 1992 4459 une
2019 4393 2162 4462 leotree

794 4481 797 4488 “
1190 4478 1315 4543 certain
1337 4477 1489 4564 frencoys
1510 4483 1618 4544 ostent
1639 4477 1781 4558 nBosle‚
1804 4477 1940 4560 discute,
1963 4499 2027 4564 que
2048 4489 2161 4548 vostre

266 4578 299 4645 2)
318 4577 385 4633 Non
402 4579 487 4633 cotan
504 4579 642 4634 rabiosam
660 4579 771 4635 bestiam
788 4585 940 4647 oocooerot,
957 4579 1007 4636 sed
1022 4586 1048 4636 et
1065 4597 1137 4637 seor·

161 4656 286 4712 morem,
304 4648 471 4717 contheam,
490 4649 650 4702 homicidam
659 4649 793 4718 sanguine
802 4655 959 4703 sanctorum
979 4649 1138 4720 medentem,

162 4733 280 4801 wan
297 4719 442 4770 eriminum
465 4718 537 4771 retia
554 4717 742 4786 Battinperone
763 4714 858 4770 Oaroti
873 4717 1059 4774 antecedentia
1075 4720 1137 4785 sote
1291 4716 1322 4781 2)
1344 4715 1418 4772 (ἔπε’).
1436 4715 1527 4786 Bipot,
1543 4732 1577 4772 ea·
1594 4715 1695 4784 oppido
1713 4715 1805 4770 Loooi
1821 4715 1968 4783 oriundus,
1994 4732 2054 4771 curn
2072 4717 2159 4788 iegato

160 4791 334 4859 manum
350 4786 479 4853 sopiebat.
522 4785 588 4840 Vide
611 4785 639 4840 T.
665 4786 729 4842 VH.
747 4784 808 4840 302.
826 4785 877 4840 326
895 4802 931 4842 se.
1188 4786 1260 4854 repis
1284 4783 1335 4838 Da
1358 4785 1455 4855 Bettoy
1478 4785 1511 4840 de
1535 4783 1649 4854 Lnnpey
1670 4785 1701 4839 in
1726 4784 1902 4840 (demonium
1927 4791 2036 4846 venerat
2061 4792 2085 4839 et
2110 4787 2160 4842 ali·

267 4853 297 4918 3)
319 4853 430 4908 caetera
447 4854 499 4907 nne
515 4871 571 4909 non
584 4855 731 4924 pertinent.
1207 4853 1320 4908 condia
1343 4852 1481 4924 Tnbinpoe
1494 4855 1636 4922 professor
1653 4855 1843 4923 ptetoeopiioe
1858 4855 1920 4920 suit.
1956 4853 2055 4908 Postea
2073 4855 2157 4911 Baei·

200 4922 296 4985 721)
316 4923 411 4976 Benna
431 4921 595 4976 Sotodarum
621 4939 648 4976 ne
671 4927 808 4990 receperat
833 4923 906 4978 ande
932 4923 1021 4978 medio
1046 4938 1136 4978 nense
1187 4873 1245 4978 dene
1262 4921 1374 4992 degebat
1395 4923 1444 4978 nbi
1465 4923 1544 4976 etiam
1567 4938 1656 4976 mense
1674 4921 1819 4977 Decerntre
1842 4921 1910 4976 1536
1932 4923 2156 4981 consecrabatur.

162 4991 249 5048 Innio
270 4989 308 5045 od
331 4991 545 5046 Lousonnenses
567 4992 684 5060 scripsit.
726 4991 835 5062 Abeqne
857 5008 934 5047 moro
957 4995 987 5045 in
1014 4990 1135 5046 Gaumrn
1194 4991 1306 5046 Videtur
1331 5006 1392 5046 aere
1415 4994 1549 5061 sequentis
1571 4992 1642 5046 anni
1664 4991 1694 5044 in
1715 4989 1833 5046 Gelliam
1850 4991 1977 5058 rediisse,
2000 4991 2049 5048 udi
2060 4999 2158 5062 posteo

159 5059 251 5116 redon
272 5059 446 5116 Cerdinotem
469 5059 503 5114 de
525 5059 654 5115 Toarnon
674 5066 823 5129 petronam
846 5077 946 5115 nocam
969 5059 1040 5115 odiet
1057 5067 1082 5115 et
1099 5061 1134 5117 no
1188 5059 1324 5116 Nemansi
1339 5064 1365 5113 et
1389 5057 1498 5116 Tolosae
1515 5061 1570 5115 redi
1585 5061 1751 5115 domicilium
1766 5061 1850 5129 clepit

160 5146 192 5186 eo
212 5128 328 5184 Ronorn
346 5129 446 5184 missae
469 5129 600 5185 abiurata
621 5129 728 5186 tecereei
749 5129 942 5186 nsotananen
965 5137 1065 5186 nactus
1087 5135 1133 5187 ert
1288 5127 1318 5191 3)
1338 5127 1426 5183 Ptarc
1442 5131 1589 5184 omutinne
1605 5145 1624 5185 a
1641 5131 1744 5184 nostrie
1760 5129 1859 5184 cinna.

164 5197 284 5264 Baetae,
306 5195 336 5252 V.
353 5195 388 5252 40
404 5213 474 5268 seqq.
1224 5193 1270 5257 73.
1289 5197 1319 5266 l)
1337 5197 1402 5252 le'eee
1418 5199 1517 5268 parler.
