4820 6016
161 355 225 422 aaa

160 543 377 626 instituimus,
400 565 634 630 nonnunquam
652 545 862 613 destruimus.
894 543 1059 612 Dominus
1081 545 1137 612 ad·

162 631 205 696 sit
217 627 287 710 tibi,
304 631 435 698 roboret
451 639 485 696 te
502 633 670 716 patientia
702 629 807 716 Spero
824 633 893 698 tore
908 643 945 696 ut
962 630 1137 716 aliquando

162 715 396 783 conveniamus
418 725 451 783 et
472 716 584 782 omnia
604 717 741 802 pulchro
762 737 1002 802 componamus.
1046 717 1136 783 Inte-

161 799 418 954 rimSDotminus
447 813 479 869 te
507 803 700 886 tranquillet
726 804 763 868 iu
787 803 948 870 omnibus.
1000 805 1137 889 Argent.

164 891 213 952 n·
266 909 306 972 ep
822 973 869 1040 M.
892 973 1051 1040 Bncerus.

251 1141 364 1228 Cupito
386 1151 417 1210 te
439 1143 617 1229 plurimum
637 1145 766 1212 emutat

549 1403 753 1416 ...u-—

616 1604 687 1674 142.

403 1739 652 1810 FARELLUS
675 1741 892 1810 OALVINO.

251 1913 452 1981 Οοιιιιιιιιιιὰαι
478 1915 614 1997 aliquan
640 1913 780 1996 fratrem.
826 1911 950 1996 ensem
977 1913 1138 1980 etlcnar-

158 2001 224 2066 dns
253 2000 380 2066 Genecc
407 2001 509 2081 palei.
565 2000 648 2081 Quos
675 2000 731 2082 qni
764 2000 933 2084 ειαρίιιιυιι
961 1999 1138 2066 Merendae

158 2087 231 2168 ipse
251 2087 464 2152 ministeriam
484 2085 621 2151 monebas
649 2085 719 2150 sais
745 2083 860 2167 foedet.
908 2085 1052 2152 Geneom
1072 2107 1137 2151 om·

158 2173 218 2236 nia
241 2191 356 2253 nepae
376 2171 480 2254 cimae.
527 2169 613 2237 Orare
636 2189 813 2254 pauperum
842 2171 989 2236 decoctori
1010 2175 1137 2240 credito.

161 2255 337 2342 Collepiant
356 2257 423 2341 sere
444 2277 591 2322 censam.
639 2255 752 2322 Omnia
774 2275 865 2321 neers
886 2257 1035 2324 ιιὶἀοιιιιιι.

158 2425 217 2496 (Ex
237 2427 406 2498 autographo
424 2427 490 2480 bibl.
515 2425 904 2560 ριὴιιωοᾞιιιῃὶιὲἳοῗιιιιιιιίιιιιι.
947 2428 1017 2498 Epp.
1035 2427 1137 2482 Farelli

249 2667 365 2734 Ioanni
389 2667 528 2734 Calvino
551 2667 605 2751 pio
627 2667 795 2732 carissimo
817 2667 910 2730 lratfi

828 2753 1048 2836 Argentorati.

249 2871 284 2939 S.
319 2871 417 2954 Quod
439 2873 520 2955 petit
547 2871 648 2938 irater
676 2893 743 2938 nou
765 2883 815 2940 est
836 2881 874 2937 ut
894 2873 1008 2938 multis
1030 2871 1134 2958 expli-

156 2981 233 3028 cem
256 2980 294 3025 ac
322 2957 561 3025 commendem:
591 2957 672 3023 satis
696 2959 767 3041 ipse
794 2979 871 3042 ages
901 2957 988 3042 apud
1017 2959 1134 3026 iratres

156 3046 262 3112 etiam
283 3066 352 3110 non
373 3053 519 3129 rogatus,
541 3065 643 3126 quum
664 3044 698 3109 id
721 3066 773 3110 res
794 3052 906 3128 poscat
929 3045 981 3110 vel
1002 3045 1134 3111 nemine

995 359 1079 426 1⁶88
1100 353 1327 426 SltPt'uMB.

2096 363 2161 430 250

1189 565 1276 612 ram.
1310 543 1426 628 Nuper
1447 543 1670 628 deprehensus
1687 553 1737 614 est
1753 547 1901 616 insidens
1918 547 2008 614 illius
2024 551 2160 634 gremio,

1189 651 1309 696 manus
1330 629 1466 696 iniectas
1482 629 1607 698 habeus
1625 631 1720 708 sinui,
1743 632 1841 716 idque
1857 643 1913 699 tur
1936 635 2054 714 issima,
2077 636 2161 702 siout

1189 736 1265 782 cum
1287 713 1422 781 alterius
1443 737 1546 781 uxore
1568 729 1718 801 repertus
1739 719 1854 784 fueret.
1933 730 1984 786 rat
2005 742 2048 785 ne
2069 720 2103 784 id
2124 719 2160 786 iu

1190 801 1386 866 deteriorem
1408 813 1569 884 usurpent
1585 811 1726 886 partem:
1750 823 1821 870 esse
1843 804 2073 872 bunoGallias
2089 826 2160 872 mo-

1189 908 1269 952 rem.
1305 885 1362 952 Sic
1384 887 1491 968 turpis
1513 888 1722 954 concionator
1738 911 1806 955 uon
1824 901 1954 955 tantum
1974 891 2082 956 foedat
2098 893 2160 958 mi·

1189 973 1378 1050 nisterium,
1407 971 1465 1037 sed
1487 981 1521 1036 et
1543 971 1689 1038 Galliam
1719 996 1798 1040 suae
1825 975 2037 1060 turpitudinis
2059 987 2160 1044 notat.

1190 1058 1258 1122 Alii
1285 1055 1399 1122 itidem
1425 1057 1595 1123 insaniunt
1621 1060 1657 1124 in
1685 1063 1819 1144 eosqui
1848 1061 1888 1125 do
1916 1083 1951 1127 se
1972 1063 2160 1145 loquuntur.

1191 1142 1386 1225 Εῳοναιιιι
1406 1143 1460 1208 vir
1480 1144 1637 1226 optimus,
1668 1167 1742 1212 oum
1764 1168 1867 1212 uxore
1890 1149 1967 1212 item
1988 1149 2051 1231 pia,
2073 1149 2161 1214 able-

1190 1239 1288 1380 ffitus
1315 1227 1378 1292 tuit
1405 1247 1425 1292 a
1452 1249 1531 1296 cura
1559 1250 1755 1314 pauperum:
1783 1233 1984 1298 substitutus
2011 1233 2089 1298 hnic
2111 1241 2161 1300 est

1230 1315 1366 1398 oyninne
1387 1311 1549 1394 decoctor,
1576 1317 1631 1399 qui
1660 1325 1830 1400 paternam
1857 1319 2072 1384 substantiam
2095 1341 2160 1386 uon

1189 1419 1335 1482 parvam,
1359 1420 1396 1464 ac
1417 1401 1546 1480 uxoris,
1578 1411 1611 1466 et
1639 1422 1788 1468 sororum
1816 1403 1926 1470 uxoris
1948 1405 2160 1488 consumpsit

1190 1485 1270 1550 adeo
1292 1493 1330 1550 ut
1346 1485 1474 1550 miseris
1492 1485 1599 1551 elevet
1621 1507 1699 1552 suae
1720 1487 1796 1554 fidei
1818 1489 2015 1568 commissas,
2037 1497 2077 1554 ut
2097 1491 2161 1557 sois

1190 1567 1231 1634 de
1253 1569 1432 1655 illaquam
1453 1570 1597 1637 molituri
1617 1572 1783 1656 iungebat,
1812 1574 1897 1658 quod
1920 1595 1987 1639 non
2009 1575 2161 1659 probari·

1190 1676 1273 1720 mus.
1317 1655 1393 1720 Non
1420 1667 1549 1739 poterat
1577 1659 1743 1724 scelestius
1768 1660 1820 1744 agi
1848 1681 1922 1726 eum
1952 1660 2160 1744 pauperibus.

1190 1741 1295 1806 Periit
1315 1741 1381 1806 iem
1403 1749 1473 1806 teta
1496 1741 1619 1820 domus,
1649 1743 1822 1828 collegium
1843 1753 1991 1830 superest
2012 1745 2161 1812 dimidia-

1189 1833 1276 1892 tum:
1299 1827 1364 1891 nisi
1383 1828 1470 1912 quod
1491 1829 1587 1912 paulo
1632 1829 1719 1895 lures
1741 1829 1840 1896 habet
1857 1853 1960 1912 rasus,
1983 1853 2083 1916 quam
2105 1833 2161 1898 alii

1189 1913 1244 1996 qui
1266 1923 1343 1978 sunt
1364 1913 1400 1978 iu
1422 1913 1571 1998 collegio,
1599 1851 1639 1980 db
1665 1937 1728 1998 qno
1757 1917 1823 1982 iam
1852 1927 1960 1982 actum
1988 1925 2040 1983 est
2067 1939 2162 1984 ever·

1189 1996 1299 2077 tendo,
1322 2019 1360 2065 ac
1382 1999 1491 2082 agitur
1512 2001 1547 2064 in
1570 1999 1654 2081 dies,
1684 2023 1745 2067 nec
1767 2001 1940 2068 cessabunt
1961 2009 2032 2067 tum
2054 2003 2162 2086 capita

1189 2083 1280 2150 urbis
1301 2089 1374 2149 tum
1396 2087 1450 2170 qui
1473 2085 1519 2151 sio
1541 2095 1727 2170 pascuntur,
1750 2109 1816 2152 nou
1835 2089 1932 2168 cives,
1955 2089 2034 2172 quin
2051 2091 2162 2155 omnia

1189 2169 1393 2235 subvertant.
1444 2169 1575 2236 Sciebat
1609 2173 1711 2256 igitur
1737 2172 1795 2238 ille
1825 2174 1948 2257 optime
1977 2175 2164 2240 consultum

1190 2255 1425 2321 Generatibus.
1468 2256 1661 2342 Lupanaria
1687 2265 1795 2324 erecta
1824 2267 1910 2324 sunt.
1954 2257 2162 2343 Oetabepris-

1189 2349 1242 2406 tae
1264 2341 1407 2424 quotidie
1428 2363 1505 2406 suas
1530 2341 1653 2408 habent
1674 2346 1852 2410 conciones.
1897 2345 2019 2410 Missae
2039 2348 2161 2430 passim

1190 2425 1353 2491 dicuntur.
1387 2425 1509 2492 Omnia
1531 2439 1609 2494 sunt
1630 2429 1761 2495 inversa
1782 2451 1843 2496 nec
1863 2439 1995 2514 possent
2017 2430 2160 2498 deterius

1188 2511 1318 2577 habere.
1330 2510 1357 2597 ⁸)
1391 2511 1642 2580 Oonoionatores
1660 2521 1790 2580 tantum
1808 2527 1910 2600 egunt
1932 2516 1971 2580 de
1994 2515 2035 2581 iis
2052 2539 2072 2583 a
2089 2519 2161 2601 qui·

1188 2597 1250 2662 bus
1271 2611 1463 2681 arguuntur.
1508 2599 1559 2664 Ne
1582 2600 1662 2665 haec
1684 2611 1798 2684 poetae
1820 2601 1933 2666 lolium
1955 2617 2045 2686 puta,
2072 2603 2159 2688 quod

1187 2681 1272 2747 nihil
1295 2681 1335 2748 de
1355 2683 1422 2748 illis
1443 2683 1567 2762 audias,
1589 2687 1617 2750 si
1639 2685 1730 2752 locus
1747 2686 1864 2770 aliquis
1886 2707 1956 2753 esse
1974 2697 2084 2772 posset
2103 2687 2160 2755 ubi

1187 2789 1254 2832 non
1277 2769 1430 2834 audiatur
1457 2778 1548 2835 tanta
1574 2771 1755 2854 impuritas.
1808 2773 1926 2837 Ruunt
1946 2783 1981 2837 et
2002 2773 2086 2839 aliae
2107 2795 2159 2840 eo-

1187 2853 1313 2919 clesiae.
1364 2853 1421 2920 Ire
1453 2863 1504 2920 est
1531 2855 1596 2921 Dei
1623 2857 1824 2942 gravissima.
1878 2857 2014 2924 Fratres
2046 2879 2160 2924 omnes

1187 2938 1376 3006 admonebis
1409 2941 1436 3005 si
1469 2961 1534 3026 qna
1564 2943 1668 3026 possit
1699 2943 1835 3008 concub.
1885 2941 2003 3010 Saluta
2034 2965 2158 3026 omnes,

1189 3023 1369 3106 Capitonem
1390 3028 1573 3112 praecipue,
1595 3025 1669 3094 enm
1691 3027 1823 3110 Bneero,
1845 3027 2016 3095 Bedrotnm
2038 3037 2071 3094 et
2084 3027 2158 3095 aa·

155 3131 325 3197 hortante.
370 3127 495 3196 Omnes
524 3131 670 3213 graviter
697 3129 831 3194 ferimus
860 3138 894 3194 te
923 3137 992 3194 tam
1020 3131 1135 3214 procul
1185 3131 1263 3175 'mm
1283 3133 1321 3178 ²⁰
1345 3111 1529 3178 Slutmtum·
1575 3111 1730 3180 Ssslutssssl
1751 3123 1783 3181 ἱθ
1806 3115 1932 3180 fratres·
1976 3115 2157 3181 Nemo-18·

155 3217 274 3282 abesae
297 3223 418 3300 tuoque
440 3215 493 3280 hio
510 3215 634 3300 privari
651 3215 843 3280 ministerio.
879 3213 977 3296 Quod
998 3223 1135 3281 tameat

154 3301 255 3368 nobis
276 3301 497 3368 necessarium
514 3311 552 3366 ut
568 3301 718 3366 maxime.
752 3299 876 3383 Οαιραι
893 3309 927 3366 et
937 3300 1096 3368 Ianardat
1110 3301 1133 3384 ¹)

155 3387 363 3454 instantibus
386 3385 666 3452 concionatoribus
688 3386 775 3470 pulsi
802 3395 880 3451 sunt
901 3385 1052 3452 Genera:
1080 3385 1133 3452 hic

156 3473 241 3538 dum
264 3473 377 3540 scribit
398 3472 434 3536 in
456 3471 611 3538 concione
633 3471 748 3538 charta
769 3471 831 3554 ipsi
853 3471 886 3536 vi
907 3473 1054 3554 eripitur,
1076 3471 1133 3538 ille
1248 3539 1253 3548 ,

156 3557 240 3624 dum
261 3563 336 3642 post
357 3558 544 3624 contionem
566 3557 669 3624 amice
690 3559 844 3624 convenit
864 3558 1133 3624 concionatorem.

154 3643 263 3709 Furit
279 3641 457 3709 Merendae
478 3643 575 3726 qnia
602 3644 696 3710 nobis
722 3643 904 3728 Comitemi)
926 3643 1132 3723 abalienavit,

155 3727 250 3794 uude
283 3728 370 3812 apud
405 3727 578 3795 Ocneennm
610 3727 774 3806 incendia,
807 3737 845 3793 ut
876 3728 943 3793 iam
974 3729 1080 3794 intelli
1104 3750 1132 3794 o.

157 3813 231 3881 Sed
253 3813 329 3880 audi
351 3835 449 3898 quam
477 3815 545 3880 sint
572 3813 665 3880 nobis
692 3814 806 3880 fatales
834 3825 867 3879 et
893 3814 1047 3880 ecclesiae
1103 3815 1134 3880 ei

159 3899 344 3966 Serbonici.
388 3900 451 3966 Vir
478 3901 552 3983 pius
579 3900 688 3966 Gallia
711 3901 776 3966 huo
806 3899 966 3966 concessit
992 3901 1033 3966 ob
1059 3922 1133 3966 ver-

156 3984 250 4066 bum,
268 4006 306 4052 ao
327 4007 403 4052 cum
425 4007 463 4052 eo
484 4007 576 4052 uxor.
609 3985 689 4070 Egit
710 3986 797 4069 apud
817 3985 963 4052 Comitem
983 3993 1057 4069 post
1077 3984 1133 4051 de·

155 4092 291 4138 cessum
318 4071 384 4136 riri
411 4093 508 4150 uxor,
537 4073 590 4140 oui
616 4093 683 4136 non
711 4073 790 4138 satis
817 4071 1032 4137 conveniebat
1058 4093 1132 4138 cum

154 4177 265 4222 uxore
295 4155 431 4224 Comitis.
475 4157 568 4224 Abiit
593 4179 708 4223 rursus
737 4178 812 4224 oum
840 4157 996 4224 Macedo
1022 4157 1132 4223 Gene-

183 4377 250 4439 142.
270 4379 299 4444 1)
318 4378 561 4434 Smtnaconaaslto
585 4377 612 4432 d.
631 4379 672 4432 10.
690 4377 870 4458 et1738ept.
889 4377 961 4458 1538Ι
976 4375 1090 4458 (inopen
1107 4383 1134 4432 et

154 4445 302 4502 roenna
320 4448 368 4514 (ct.
378 4445 524 4515 Ειιαιὰιιι,
535 4447 675 4570 maner}
686 4447 801 4503 snare
818 4465 851 4500 tn
860 4445 976 4515 Collepw
995 4446 1040 4513 (de
1048 4445 1131 4515 Rene)

155 4515 288 4572 manet
305 4517 401 4570 mantio
418 4517 527 4570 medan
543 4522 616 4570 ιιιιιι.
674 4515 794 4585 cmpacb.
809 4533 842 4585 p.
860 4516 920 4584 348,
938 4515 1050 4583 amen,
1067 4516 1131 4570 bist.

155 4583 277 4640 dcent.
296 4584 329 4638 de
340 4585 412 4640 Rioe
424 4603 456 4654 p.
475 4585 505 4638 9:
524 4587 637 4640 blusuite
655 4605 689 4640 ou
707 4591 761 4639 s'en
779 4589 836 4655 prit
853 4583 869 4638 ἐι
886 4603 929 4639 ses
946 4587 1017 4638 deux
1036 4587 1131 4640 bache·

155 4657 228 4708 licre
238 4655 348 4724 Eynard
368 4653 527 4724 elGespard
546 4657 592 4724 qui
609 4655 700 4708 iurent
717 4655 814 4708 bannis
832 4671 894 4707 sons
912 4655 1037 4724 pretextu
1055 4653 1131 4722 qn'ils

1187 3193 1435 3284 sepoembw)
1816 3285 1966 3352 Farellus
1988 3293 2062 3354 tuus

1571 3543 1772 3554 ...ῃ-..-

1640 3727 1709 3800 143.

1390 3864 1568 3932 OALVIN
1590 3866 1689 3933 AUX
1713 3865 1961 3934 GENEVOIS.

1272 4035 1376 4101 Ledre
1392 4038 1562 4120 punctulo.
1607 4037 1668 4103 Les
1694 4037 1774 4103 liene
1795 4058 1862 4119 pon
1884 4039 2016 4120 lesquels
2038 4041 2065 4105 il
2085 4040 2158 4107 s’ect

1184 4123 1289 4188 bonne
1310 4123 1430 4188 cunelae
1458 4123 1478 4186 ὰ
1500 4143 1560 4188 eac
1578 4143 1643 4204 per
1662 4123 1743 4188 cain
1770 4123 1863 4189 d'nne
1883 4126 2020 4190 vccmt'cn
2041 4127 2155 4208 divine,

1184 4228 1223 4272 ne
1244 4209 1408 4273 coarctent
1435 4211 1497 4273 atre
1523 4209 1664 4275 declines
1686 4229 1752 4290 par
1772 4209 1806 4274 le
1827 4211 1915 4274 mein
1935 4211 1991 4276 dee
2012 4211 2155 4278 tannes

1186 4292 1224 4356 Il
1249 4295 1313 4358 soit
1335 4294 1544 4376 perpendes
1572 4295 1718 4376 tpreanes
1749 4299 1777 4360 et
1803 4295 1891 4376 quen
1921 4297 2056 4380 denyem
2087 4299 2156 4363 lesen

1185 4379 1281 4463 delire
1302 4380 1441 4444 mininne
1461 4381 1483 4444 ὰ
1497 4399 1631 4462 passer,
1660 4385 1688 4444 et
1709 4379 1779 4445 lae
1793 4380 1908 4462 praete
1930 4381 2101 4464 thamnae,
2123 4384 2156 4448 ln

1181 4463 1340 4548 penitence
1361 4471 1390 4529 et
1411 4465 1444 4530 lc
1464 4465 1617 4546 cmitence
1638 4487 1674 4530 en
1697 4465 1790 4530 laide
1810 4467 1849 4531 de
1866 4465 1960 4545 Diea,
1982 4470 2094 4534 ‹teecnt
2114 4468 2154 4532 le-

1185 4552 1255 4631 quel
1276 4551 1302 4615 il
1322 4552 1464 4617 sinaitae
1483 4552 1565 4616 donc
1583 4551 1758 4616 termines
1779 4552 1961 4632 sentimenta,
1984 4559 2046 4618 teat
2068 4573 2105 4617 en
2122 4573 2155 4618 se

1184 4642 1311 4720 croynnt
1334 4637 1474 4702 innocent
1496 4636 1515 4700 ὰ
1537 4637 1658 4720 l'epcrd
1677 4636 1717 4702 de
1736 4657 1767 4700 ce
1788 4639 1844 4718 qai
1865 4642 1937 4702 t’est
1952 4640 2057 4721 pesce.

156 4741 195 4778 ue
220 4723 345 4777 iaisaient
369 4739 421 4792 que
445 4725 582 4777 controler
611 4725 650 4778 les
663 4724 874 4805 predicebam,
905 4723 982 4791 qu’ils
999 4729 1131 4804 apparte-
1185 4777 1293 4783 ,,,,,
1314 4777 1335 4782 ,
1366 4776 1376 4782 ,

157 4794 257 4846 naieut
278 4791 363 4846 auus
387 4797 460 4846 seete
478 4793 512 4845 de
534 4809 600 4862 gens
624 4811 671 4861 qur
695 4810 729 4845 ue
754 4791 926 4846 eberchaiaut
949 4791 1010 4861 qu’a
1033 4798 1131 4844 mettre

157 4862 238 4916 noise
256 4861 296 4914 les
315 4879 364 4914 uns
383 4867 459 4914 entre
478 4861 518 4913 les
535 4869 635 4926 autres,
660 4861 738 4929 qn’ils
756 4879 789 4914 ne
809 4859 947 4914 roulaieut
962 4861 1038 4941 point
1056 4861 1132 4913 obeir

1286 4857 1315 4924 3)
1333 4855 1476 4911 Ferellan
1498 4857 1543 4912 bic
1562 4857 1651 4927 pente
1670 4859 1796 4926 pleniore
1818 4873 1865 4914 ore
1888 4865 1965 4912 actae
1987 4859 2028 4912 rei
2044 4859 2153 4914 medana

157 4948 215 4984 aux
233 4931 397 5000 magistrats,
416 4935 443 4982 et
462 4929 540 4997 qn’ils
558 4931 666 4982 avaient
683 4929 772 4983 refusa
789 4927 890 4982 d’aider
907 4927 924 4981 d
941 4929 1088 4982 distribuer
1105 4929 1132 4980 lo
1183 4925 1324 4994 entem,
1349 4927 1453 5006 qnippe
1475 4928 1524 4996 qni
1548 4941 1615 4980 anae
1634 4929 1729 4996 panis
1751 4925 2154 4995 antecantamenta

157 4998 236 5052 e'eue.
269 4999 364 5052 Sonier
386 4997 525 5050 intercide
541 4996 712 5052 inutilement
731 5015 764 5051 en
781 4997 841 5049 leur
858 4997 959 5050 lavaur.
986 4999 1024 5051 lls
1042 4997 1132 5050 iurant
1179 5009 1234 5064 ptr
1250 5011 1278 5050 se
1295 5009 1359 5048 vero
1377 4995 1463 5048 atinde
1481 5001 1520 5050 eat
1537 4993 1779 5064 etKompecbnllt'i

157 5065 266 5136 obliges
283 5067 316 5120 de
334 5065 437 5134 quitter
455 5067 480 5118 la
498 5067 568 5120 ville.

1285 5062 1314 5132 4)
1332 5063 1459 5132 Διιίιιια
1476 5081 1576 5118 nanae
1593 5067 1766 5134 antepropbo
1779 4999 2061 5142 odbddabdsidedulbdd‘tt
2071 4997 2152 5120 (ditia

265 5135 294 5201 2)
312 5133 357 5189 De
374 5133 482 5188 Ioanne
506 5131 608 5188 Cende
632 5149 722 5203 snpra
744 5131 866 5190 nataae
888 5133 928 5188 N.
952 5131 1002 5186 134
1024 5137 1049 5187 et
1071 5133 1131 5188 136.
1182 5131 1233 5186 boe
1257 5131 1390 5186 Perrotas
1414 5134 1446 5186 in
1472 5133 1538 5188 Vite
1563 5133 1668 5188 Farelli
1692 5136 1859 5204 annunciare
1884 5131 1999 5186 cndnnr.
2041 5131 2150 5204 Kamp-

157 5204 239 5262 Erat
254 5209 345 5258 tomen
362 5203 445 5258 etinn
462 5202 536 5258 cline
552 5203 637 5260 baina
662 5203 783 5260 nonan
800 5201 908 5258 Beatos
926 5200 1016 5258 ecce
1036 5201 1070 5258 V.
1090 5201 1130 5258 D.

157 5271 206 5330 ΙΙ.
225 5273 305 5342 αμα
321 5271 546 5332 mammem.

1184 5200 1317 5254 ammittas
1335 5201 1459 5270 αιιὸιιικ
1477 5202 1510 5256 de
1525 5202 1615 5256 ecdem
1633 5203 1700 5258 dicit
1714 5222 1745 5273 p.
1758 5203 1817 5258 353.
1847 5201 1947 5256 Veram
1962 5203 2152 5270 profestorum

1185 5269 1297 5338 Oollcpii
1313 5285 1423 5339 nupera
1440 5272 1534 5329 aenio
1550 5287 1607 5328 rem
1624 5271 1704 5330 aliter
1720 5269 1902 5342 ιιιριιιιιιᾱιιιιι
1919 5285 1976 5325 nee
1993 5271 2078 5328 docet.
