4804 6012
129 366 186 430 285
945 362 1039 432 PRO
1061 361 1309 432 FALLESIO.
2069 371 2133 432 286

127 574 220 638 quam
236 551 381 620 deiectus
398 553 526 630 inerim,
545 574 649 637 quum
666 553 700 618 in
815 565 902 620 esset
918 554 970 620 vis
987 555 1102 620 morbi.
1155 572 1268 628 cnoro,
1301 574 1384 636 quae
1416 553 1518 618 fuerit
1549 551 1708 620 hactenus
1741 573 1814 618 mea
1845 553 1969 638 religio.
2025 553 2134 637 Quam

127 639 192 705 Neo
213 649 303 705 certe
324 639 485 716 existimo,
509 638 650 704 voluisse
670 649 713 718 te,
765 650 1035 716 aureamento
1052 640 1103 705 ni-
1155 640 1254 702 etiam
1278 641 1420 704 retinere
1442 659 1518 722 spes
1539 651 1598 716 εει,
1621 637 1778 722 quamdiu
1801 640 1964 706 Dominus
1992 661 2044 706 me
2073 661 2134 708 suo

127 725 302 790 hilominus
324 725 413 790 vitae
433 745 526 790 meae
548 724 691 808 periculo
713 723 913 792 discederem
936 728 1101 810 Argento-
1155 725 1273 807 spiritu
1294 725 1497 808 gubernarit:
1530 724 1564 790 id
1587 723 1673 808 quod
1695 725 1764 790 fore
1786 725 1914 792 conlido
1936 747 2003 792 non
2024 727 2134 794 minus

127 823 203 876 rato.
248 810 405 892 Quinimo
425 810 505 876 mihi
533 810 697 894 persuasi,
727 831 829 894 aequo
856 821 890 876 te
918 813 1028 876 animo
1052 823 1102 876 ιιι-
1155 811 1191 874 in
1212 819 1318 875 morte
1340 832 1439 894 quam
1461 819 1529 876 tcta
1552 811 1629 876 vita

126 896 209 976 lisse,
233 896 318 978 quod
337 897 392 962 hic
410 897 579 962 haererem
601 897 636 960 in
658 896 739 972 looo,
761 897 812 963 oui
835 918 888 962 me
905 895 1039 964 morbus
1057 899 1104 962 ita
1241 894 1331 974 Seis,
1361 895 1501 976 Caesar,
1528 895 1654 961 nullam
1677 917 1747 962 esse
1770 906 1838 962 tam
1862 897 1969 963 levem
1991 919 2133 978 causam,

126 985 288 1059 affixerat,
314 991 354 1046 ιιι
383 1004 436 1047 me
463 981 555 1048 nullo
577 981 672 1048 modo
694 981 772 1048 dare
795 983 831 1046 in
853 983 939 1048 viam
963 1004 1101 1068 possem.
1156 980 1196 1046 de
1223 1003 1288 1064 qua
1315 982 1425 1058 liceat,
1459 984 1522 1048 nisi
1552 985 1683 1066 cognita
1710 993 1744 1048 ει
1771 995 1960 1068 perspecta,
1986 1004 2134 1066 pronun-

127 1067 250 1134 Saltem
273 1067 354 1134 illud
381 1077 507 1134 eertum
535 1077 568 1133 et
595 1069 803 1152 perspicuum
835 1082 899 1146 est,
930 1069 1021 1134 nulla
1049 1090 1103 1134 me
1155 1068 1250 1132 aiere.
1294 1067 1401 1147 Nunc,
1425 1069 1452 1132 si
1475 1081 1538 1151 quo
1561 1068 1624 1133 Dei
1654 1067 1770 1134 tirn'ore
1796 1069 1930 1152 eiusque
1952 1071 2134 1138 maiestatis

127 1155 175 1220 vel
197 1155 441 1236 contemptione
459 1153 513 1220 vel
532 1153 709 1219 rebellione
727 1151 859 1220 laesisse
876 1165 966 1219 tuam
984 1157 1102 1220 maies-
1155 1155 1339 1219 reverentie
1361 1165 1547 1238 tangamur,
1574 1161 1662 1218 certe
1682 1174 1783 1220 causa
1805 1152 1845 1220 de
1868 1177 1934 1238 qua
1955 1177 2043 1220 nunc
2064 1158 2133 1239 agi-

127 1249 239 1305 tatam:
262 1239 537 1322 quemadmodum
559 1251 670 1304 tamen
692 1239 782 1305 curia
803 1252 862 1304 tua
883 1240 1103 1322 Machlinian·
1155 1247 1211 1304 tur
1232 1260 1332 1321 supra
1353 1239 1434 1304 alias
1453 1239 1555 1322 digna
1577 1251 1640 1314 est,
1670 1261 1753 1322 quae
1775 1251 1810 1305 et
1831 1241 1982 1325 religiose
2004 1251 2038 1306 ει
2059 1240 2133 1306 dili·

126 1327 168 1392 sis
189 1327 316 1404 statuit,
336 1327 413 1408 quia
429 1325 506 1391 hino
518 1324 691 1392 abscedere
713 1323 889 1402 differrem,
911 1347 964 1392 me
987 1335 1103 1390 contu·
1154 1334 1271 1408 genter
1293 1324 1499 1408 expendetur
1527 1335 1624 1408 atque
1651 1325 1844 1392 excutiatur.
1896 1328 2018 1410 Agitur
2045 1329 2133 1392 enim

126 1413 246 1479 masiae
272 1433 343 1478 esse
364 1409 594 1476 damnandum.
639 1411 737 1476 (lerte
766 1412 821 1476 ubi
843 1411 980 1476 facultas
1002 1411 1102 1491 deest,
1155 1411 1195 1474 de
1217 1411 1275 1475 illa
1286 1409 1350 1476 Dei
1374 1410 1531 1488 doctrina,
1560 1411 1594 1475 in
1617 1433 1682 1493 qua
1704 1421 1769 1476 tam
1793 1412 1863 1478 eius
1882 1413 1988 1480 honor
2009 1413 2132 1480 cultus-

127 1497 162 1564 de
190 1497 362 1563 voluntate
391 1496 529 1564 iudicari
557 1519 623 1562 non
652 1505 768 1580 potest
826 1495 965 1562 Constet
991 1513 1101 1563 autem
1154 1517 1216 1579 que
1239 1498 1321 1562 situs
1339 1505 1389 1560 est
1406 1517 1503 1579 quam
1521 1505 1590 1561 tota
1607 1509 1720 1562 nestra
1737 1498 1840 1563 salus:
1864 1519 1946 1582 quac
1964 1509 2132 1582 sceptrum

126 1585 163 1650 ab
180 1605 221 1649 eo
244 1593 401 1666 tempore,
433 1603 500 1648 non
521 1583 665 1666 potuisse
694 1603 765 1660 me,
794 1584 856 1648 nisi
886 1603 1006 1666 magno
1028 1603 1102 1648 meo
1154 1593 1205 1648 est
1232 1582 1401 1665 spirituale
1428 1583 1549 1648 summi
1576 1582 1666 1647 illius
1698 1585 1842 1667 imperii:
1877 1583 1961 1666 quod
1984 1590 2057 1664 [pag.
2077 1591 2132 1664 aa]

126 1670 220 1744 mulo,
243 1691 286 1735 ne
309 1667 403 1734 domo
425 1667 558 1750 quidem
579 1689 653 1734 mea
675 1667 790 1751 pedem
813 1689 955 1734 movere.
1153 1676 1247 1750 pater
1269 1667 1416 1732 coelestis
1427 1667 1562 1733 Christo
1581 1669 1723 1734 Domino
1745 1681 1857 1734 nostro
1879 1671 2026 1750 contulit,
2049 1692 2133 1753 quae

208 1753 368 1838 Superest
390 1755 524 1820 tertium
547 1754 588 1820 de
616 1755 674 1820 illa
702 1776 802 1837 quam
822 1756 1003 1837 imperaras
1023 1775 1101 1838 pur-
1154 1754 1297 1822 fructum
1319 1754 1433 1818 mortis
1455 1755 1559 1836 ipsius
1581 1755 1673 1820 nobis
1692 1755 1829 1820 confert:
1852 1777 1935 1838 quae
1953 1757 2040 1820 vitae
2058 1779 2131 1822 nos·

126 1842 255 1926 gatione
278 1850 390 1925 eaput:
415 1841 500 1924 quod
518 1849 552 1906 et
573 1841 785 1925 praecipuum
808 1850 859 1906 εει
880 1843 936 1920 (ex
958 1863 996 1906 eo
1013 1841 1102 1906 enim
1154 1850 1224 1905 trae
1245 1839 1300 1904 lex
1318 1851 1369 1904 est
1385 1849 1419 1904 et
1436 1839 1563 1923 regula:
1587 1838 1727 1923 denique
1744 1863 1808 1923 qua
1826 1862 1939 1908 omnes
1957 1841 2133 1926 aliquando

126 1929 233 1992 omnia
254 1927 381 2010 reliqua
402 1924 601 2010 dependent)
621 1937 655 1992 ει
719 1935 840 1990 ειιειιιιι
862 1948 938 2009 pars
956 1927 1020 1992 erit
1041 1926 1101 1992 hu·
1154 1925 1225 1990 sive
1247 1926 1421 2008 principes,
1444 1925 1514 1992 sive
1537 1925 1662 2007 plebeii,
1685 1926 1911 1992 iudicabimur.

125 2013 210 2078 iusce
232 2034 325 2078 meae
348 2012 555 2078 defensionis.
591 1947 751 2093 andoud
774 2014 941 2094 superiora
962 2011 1021 2078 illa
1038 2013 1102 2080 ori-
1239 2011 1328 2076 Illud
1350 2031 1478 2094 quoque
1500 2031 1520 2074 a
1541 2023 1573 2076 te
1592 2011 1731 2096 supplex
1751 2021 1836 2095 peto,
1859 2012 1991 2090 Caesar,
2010 2029 2048 2078 ut
2065 2035 2133 2080 me·

125 2099 221 2176 mina,
244 2120 383 2182 quorum
403 2097 509 2164 obiter
531 2097 691 2164 hactenus
712 2099 912 2162 mentionem
935 2098 1005 2175 feci,
1035 2117 1101 2163 non
1153 2096 1290 2162 mineris
1315 2119 1418 2162 unum
1447 2119 1482 2163 se
1509 2117 1599 2161 nuno
1623 2112 1697 2162 tuae
1726 2099 1889 2164 maiestati
1917 2099 2047 2178 sistere,
2076 2101 2132 2184 qui

125 2186 254 2250 omnino
276 2205 387 2251 coram
410 2193 452 2262 te,
476 2186 608 2262 Caesar,
631 2184 838 2250 obiiciantur.
873 2185 919 2248 Et
939 2195 1026 2250 uerte
1045 2205 1101 2250 va-
1153 2192 1242 2248 tutus
1268 2191 1345 2248 tuus
1375 2191 1440 2260 εει,
1471 2183 1589 2266 quique
1618 2203 1660 2248 ex
1689 2183 1791 2250 nobili
1815 2193 1907 2249 ortus
1934 2185 2058 2250 familia
2086 2186 2133 2252 sio

125 2271 215 2336 niora
235 2275 310 2350 [pag.
330 2277 382 2348 30]
403 2271 490 2348 sunt,
514 2291 611 2352 quam
630 2281 667 2334 ut
688 2280 797 2352 speret
818 2270 989 2352 quisquam
1012 2271 1051 2335 iis
1069 2279 1101 2335 te
1153 2279 1310 2352 perpetuo
1340 2269 1434 2346 vixit,
1464 2277 1503 2334 ut
1530 2267 1571 2334 de
1598 2291 1636 2334 eo
1668 2271 1722 2334 vix
1751 2271 1923 2353 quisquam
1945 2271 2017 2336 iure
2039 2271 2131 2354 queri

125 2355 219 2420 fidem
241 2355 441 2421 habiturum.
494 2353 562 2422 Sed
588 2376 671 2438 quae
699 2367 790 2420 tuam
817 2357 1020 2420 maiestatem
1044 2355 1101 2420 ad·
1152 2356 1263 2438 possit.
1307 2354 1404 2420 Nunc
1431 2375 1469 2420 ee
1498 2365 1628 2419 tantum
1650 2357 1783 2421 nomine
1812 2355 1972 2435 defertur,
2002 2357 2089 2441 quod
2112 2379 2133 2422 a

126 2464 253 2508 versum
279 2463 333 2508 me
360 2443 491 2506 irritare
518 2441 642 2524 potnit,
669 2461 735 2506 una
764 2450 813 2506 est
842 2441 981 2508 offensa:
1016 2439 1103 2524 quod
1153 2440 1217 2506 fide
1250 2440 1412 2506 catholiea
1443 2439 1616 2506 dissentire
1649 2441 1752 2505 aiunt
1815 2441 1978 2524 Equidem
2017 2445 2130 2523 fatcor,

125 2527 207 2592 male
230 2529 406 2611 suspiceris
428 2527 469 2592 de
490 2549 564 2592 mea
586 2527 754 2610 religione.
798 2527 903 2592 Porro
925 2549 989 2592 non
1008 2527 1101 2612 iguo-
1154 2547 1255 2610 grave
1274 2525 1308 2590 id
1331 2537 1364 2590 et
1386 2535 1481 2592 atrox
1511 2528 1634 2591 ειιιιιειι
1663 2527 1740 2592 fore.
1793 2525 1860 2593 Sed
1887 2549 1987 2610 quum
2010 2529 2133 2594 iniuria

126 2635 184 2690 rus,
207 2613 339 2693 Caesar,
361 2634 416 2678 me
437 2634 497 2696 per
514 2611 653 2678 eundem
671 2612 765 2677 illum
784 2614 902 2690 virum,
925 2635 1022 2698 quem
1040 2614 1101 2678 mi·
1154 2634 1207 2678 me
1228 2612 1375 2678 accusari
1397 2610 1607 2678 contendam:
1637 2613 1808 2695 permittat
1836 2614 1917 2678 mihi
1941 2625 1998 2680 tua
2020 2615 2131 2698 aequi-

127 2719 227 2778 seras,
258 2699 321 2766 hac
350 2720 478 2782 quoque
506 2700 541 2764 in
572 2719 608 2764 re
638 2699 823 2764 satisfacere
852 2699 909 2764 tibi
938 2711 1100 2766 conatum.
1154 2707 1219 2774 tas,
1249 2698 1386 2774 Caesar,
1414 2707 1451 2762 ut
1480 2697 1610 2774 audiar,
1641 2698 1744 2766 donec
1771 2721 1842 2764 rem
1870 2709 1973 2764 totam
1999 2703 2131 2784 penitus

126 2785 199 2852 Misi
225 2787 315 2850 enim
344 2785 509 2868 quandam
538 2785 670 2850 brevem
700 2804 791 2850 meae
820 2784 896 2850 fidei
925 2785 1101 2852 confessio·
1130 2785 1359 2872 perspexeris
1380 2791 1414 2848 st
1435 2784 1614 2867 prudenter
1641 2785 1844 2868 expenderis.

127 2891 207 2950 nem,
229 2873 265 2936 in
287 2893 353 2954 qua
375 2871 460 2936 nibil
483 2879 590 2936 astute
612 2871 709 2936 finxi:
733 2869 791 2936 sed
814 2871 900 2954 quod
923 2872 1033 2936 animo
1050 2871 1100 2936 in·
1239 2868 1326 2950 Quia
1348 2890 1428 2935 vero
1456 2867 1490 2933 id
1519 2890 1581 2935 usu
1604 2872 1717 2935 venire
1738 2870 1905 2951 videmus,
1934 2880 1971 2936 ut
1998 2880 2133 2956 propter

127 2955 249 3023 elusum
271 2955 442 3034 habebam,
465 2977 521 3022 ore
543 2977 616 3022 sum
638 2957 813 3022 confessus.
854 2957 970 3040 Neque
991 2964 1101 3022 tamen
1152 2975 1264 3020 rerum
1283 2956 1514 3034 ooufusionem,
1537 2955 1642 3038 qualis
1664 2977 1753 3023 nunc
1775 2965 1834 3036 est,
1863 2957 1968 3022 multa
1989 2966 2024 3023 et
2045 2979 2132 3026 nova

127 3042 271 3124 pluribus
291 3041 403 3108 verbis
425 3043 568 3127 explicui
590 3042 722 3126 singula
744 3043 860 3124 cupita,
888 3043 965 3126 quia
986 3065 1045 3109 nee
1067 3041 1101 3106 id
1153 3049 1187 3106 et
1207 3041 1296 3106 mala
1318 3040 1500 3120 videantur,
1523 3062 1605 3123 quae
1627 3050 1737 3108 tamen
1754 3043 1819 3108 Dei
1840 3052 1929 3122 sunt,
1952 3052 1986 3110 ει
2003 3061 2047 3109 ει
2062 3045 2132 3112 eius

127 3147 203 3210 opus
224 3131 294 3194 fore
317 3129 482 3211 putabam.
533 3127 601 3194 Sed
631 3127 716 3192 nihil
742 3127 801 3193 illa
826 3130 987 3208 continet,
1015 3126 1101 3212 quod
1152 3126 1253 3194 verbo
1276 3127 1462 3209 desumpta:
1498 3127 1580 3192 illud
1601 3128 1695 3192 initio
1718 3150 1739 3194 a
1760 3139 1818 3194 tua
1838 3130 2018 3208 maiestate,
2048 3131 2132 3197 Gae-

128 3232 197 3280 oum
217 3233 298 3280 vera
324 3213 473 3280 doctrina
496 3213 675 3280 christiana
694 3214 791 3298 plane
813 3235 880 3281 non
902 3215 1100 3282 consentiat:
1153 3233 1215 3292 sar,
1238 3221 1349 3296 petere
1370 3233 1477 3298 cogor,
1500 3221 1539 3277 ut
1559 3213 1645 3296 quod
1667 3214 1727 3280 tibi
1749 3213 1965 3298 omnibusque
1987 3217 2059 3282 sani
2079 3217 2131 3282 iu·

127 3308 163 3363 ut
182 3303 276 3367 testis
299 3300 382 3365 mihi
404 3321 475 3366 esse
497 3301 606 3383 possit,
628 3300 711 3366 illud
732 3301 815 3366 mihi
836 3299 925 3366 cordi
948 3311 981 3366 et
1002 3321 1101 3367 curae
1153 3298 1229 3365 dicii
1253 3299 1438 3364 hominibus
1460 3311 1662 3381 compertum
1684 3309 1744 3378 est,
1766 3301 1802 3364 in
1824 3302 2015 3368 memoriam
2037 3324 2131 3374 revo-

128 3405 202 3465 esse,
228 3395 268 3452 ut
289 3387 400 3452 Deum
422 3407 504 3470 pura
526 3385 733 3470 simplicitate
754 3387 849 3451 iuxta
870 3389 941 3452 eius
963 3385 1100 3454 verbum
1152 3406 1220 3462 ces,
1255 3385 1413 3468 plurimos
1445 3385 1480 3450 in
1508 3385 1679 3450 ecelesiam
1711 3387 1926 3452 christianam
1959 3387 2130 3471 irrepsisse

129 3472 233 3538 colam.
279 3473 384 3556 Atqui
409 3473 500 3538 curia
522 3483 579 3538 tua
604 3473 864 3550 Machliniensis,
896 3471 1033 3552 Caesar,
1061 3492 1100 3538 eo
1152 3471 1287 3548 abusus,
1317 3471 1373 3554 qui
1395 3471 1532 3536 stiram
1557 3472 1693 3536 Domini
1716 3493 1781 3536 non
1803 3471 1922 3538 leviter
1941 3483 2130 3556 provocant,

127 3560 253 3624 nomine
266 3559 509 3642 pronunciavit,
527 3557 704 3624 descivisse
721 3581 773 3624 me
791 3579 811 3624 a
828 3559 892 3624 fide
910 3558 1099 3625 christiano.
1153 3577 1190 3622 ae
1219 3571 1257 3622 ut
1283 3558 1492 3639 corrigantur
1519 3577 1652 3624 neeesse
1679 3566 1739 3622 est.
1792 3558 1925 3624 Abusus
1958 3558 2031 3626 dico
2064 3581 2131 3626 non

127 3643 286 3727 Equidem
299 3665 366 3710 non
388 3665 427 3709 ea
444 3645 546 3710 stulta
563 3644 742 3709 ambitione
764 3643 875 3722 ducor,
895 3653 933 3710 ut
949 3645 1101 3710 literatus
1153 3643 1247 3708 modo
1270 3653 1403 3725 propter
1427 3643 1510 3708 vitia
1531 3641 1716 3719 hominum,
1746 3649 1818 3722 [pag.
1838 3649 1891 3724 33]
1920 3645 1990 3710 sive
2018 3653 2130 3711 conta-

130 3729 230 3796 videri
252 3732 411 3798 affectem.
464 3727 532 3796 Sed
558 3751 625 3796 non
653 3751 787 3813 possum
815 3737 927 3796 tamen
948 3751 1016 3796 non
1038 3730 1100 3794 mi·
1152 3729 1311 3794 minatam
1328 3735 1497 3812 pastorum
1510 3729 1673 3810 totiusque
1684 3728 1763 3794 cleri
1774 3730 1893 3794 vitam:
1912 3730 1970 3796 sed
1987 3732 2130 3798 maximo

130 3817 199 3897 rari,
222 3815 301 3900 qnid
323 3815 456 3882 tandem
477 3817 512 3881 in
533 3815 591 3880 illa
612 3836 686 3882 mea
707 3815 916 3895 confessione,
945 3815 1030 3898 quod
1052 3817 1101 3882 ita
1152 3821 1285 3897 propter
1313 3813 1462 3880 exitiales
1496 3814 1746 3896 superstitiones
1775 3825 1809 3880 et
1835 3836 1980 3895 errores,
2013 3815 2130 3900 quihus

131 3900 311 3980 damnaret,
339 3903 464 3987 legerit.
516 3901 609 3968 Nihil
631 3903 718 3968 enim
741 3902 901 3980 continet,
928 3901 1012 3986 quod
1035 3923 1100 3968 non
1152 3900 1273 3968 infelici
1295 3899 1423 3982 populo,
1447 3909 1543 3982 atque
1565 3899 1646 3964 adeo
1668 3901 1870 3984 principibus
1892 3901 1973 3985 ipsis
1990 3901 2130 3986 imponi-

131 4007 238 4054 nmnes
261 3997 294 4054 et
313 3989 501 4073 prophetae,
523 3997 558 4054 et
580 3987 735 4070 apostoli,
765 3995 799 4053 et
823 3997 988 4070 martyres
1016 4009 1100 4052 sem·
1152 3995 1216 4051 tur.
1261 3985 1401 4052 Constat
1422 3986 1511 4051 enim
1533 4007 1635 4070 supra
1654 4007 1753 4068 quam
1776 3985 1840 4051 dici
1861 3996 1988 4070 posset,
2019 3991 2131 4056 omnia

130 4093 183 4154 per
213 4075 352 4140 confessi
385 4075 459 4140 sint
515 4073 587 4140 Nisi
615 4074 643 4137 si
676 4073 759 4138 forte
791 4073 875 4139 illud
908 4095 974 4139 non
1007 4074 1100 4152 ferat,
1153 4071 1383 4155 degenerasse,
1415 4083 1450 4136 ει
1477 4071 1518 4136 ab
1552 4093 1591 4137 ea
1619 4093 1703 4154 quae
1736 4074 1956 4155 apostolorum
1982 4081 2130 4158 tempere

131 4159 211 4242 quod
232 4182 359 4226 errores
381 4182 436 4226 eos
457 4180 523 4224 non
545 4157 739 4242 amplectar,
767 4181 848 4242 ques
870 4160 1004 4224 omnino
1024 4161 1100 4224 reii·
1152 4159 1214 4223 fuit
1232 4157 1376 4241 puritate
1398 4155 1570 4223 decidisse:
1593 4157 1761 4242 multaque
1783 4169 1954 4242 praeterea
1975 4159 2016 4225 ab
2034 4161 2130 4228 annis

131 4265 198 4314 uere
219 4267 327 4331 cogor,
350 4245 508 4329 siquidem
518 4245 590 4310 Deo
612 4244 790 4312 reclamare
811 4245 920 4312 nolim.
954 4247 1002 4310 At
1018 4267 1101 4328 quae
1152 4243 1399 4328 quadringentis
1416 4251 1493 4308 nato
1510 4263 1590 4321 esse,
1614 4264 1698 4326 quae
1720 4243 1819 4328 plane
1837 4245 1954 4311 vitiosa
1975 4257 2068 4312 sunt:
2091 4256 2130 4312 ut

132 4331 256 4399 tandem
279 4333 360 4400 haec
384 4339 456 4412 [pag.
476 4337 530 4412 31]
553 4351 664 4411 εειιειι,
694 4351 754 4398 our
774 4333 821 4396 ita
904 4332 987 4398 viter
1009 4331 1100 4396 dam·
1153 4329 1193 4395 de
1214 4329 1448 4396 recentioribus
1471 4329 1518 4393 nil
1540 4327 1656 4394 dicam.

132 4429 206 4484 nent
224 4417 463 4502 repudientque
485 4415 678 4496 doctrinam,
701 4439 783 4501 quae
801 4419 847 4482 mi
876 4419 975 4483 'oum
994 4418 1100 4487 omni·
1238 4414 1367 4480 Deinde
1389 4423 1423 4480 ει
1443 4413 1526 4479 illud
1548 4411 1724 4497 expendas,
1746 4415 1878 4495 Caesar,
1907 4436 2005 4499 quam
2026 4439 2129 4502 grave

132 4499 189 4570 bus
213 4507 290 4588 piis,
319 4513 354 4570 et
379 4505 535 4570 universa
558 4503 623 4568 Dei
654 4503 790 4570 eeclesia
817 4505 999 4570 eommunis
1027 4503 1098 4570 est?
1152 4502 1252 4566 fuerit
1278 4500 1475 4566 christianae
1501 4501 1735 4580 conscientiae,
1763 4501 1804 4566 iis
1831 4521 1915 4584 quae
1942 4503 2030 4569 mala
2057 4524 2129 4570 esse

133 4587 222 4670 Quod
244 4591 285 4657 ad
306 4598 339 4656 ιε
360 4589 488 4666 attinet,
511 4588 642 4669 Caesar,
664 4587 815 4672 equidem
832 4611 927 4672 spero
949 4591 1101 4673 aequiore
1152 4588 1292 4662 noverit,
1315 4585 1369 4652 vel
1391 4586 1552 4664 assentiri,
1574 4586 1629 4652 vel
1651 4585 1791 4670 aliquem
1813 4587 1970 4654 simulare
1992 4609 2128 4654 eonsen-

134 4675 236 4742 animo
264 4684 431 4760 acceptam
458 4696 537 4741 esse.
589 4672 656 4741 Sed
686 4675 762 4758 quia
789 4695 857 4740 non
884 4677 1018 4741 omnino
1046 4675 1100 4743 hic
1152 4695 1236 4738 sum.
1281 4671 1354 4756 Ego
1376 4681 1464 4738 certe
1485 4679 1577 4736 tanto
1605 4672 1749 4756 graviori
1774 4671 1838 4738 Dei
1859 4673 1980 4739 iudicio
2001 4695 2128 4756 preme-

133 4771 234 4828 eertus
255 4784 326 4830 esse
346 4783 489 4846 possum,
512 4759 630 4844 hicque
649 4759 731 4826 niihi
753 4767 915 4826 statutum
937 4769 1002 4840 est,
1031 4782 1100 4826 om·
1153 4781 1216 4838 rer,
1238 4779 1302 4842 quo
1323 4757 1430 4843 magis
1447 4757 1515 4822 iam
1536 4757 1614 4822 olim
1637 4757 1782 4824 discussa
1802 4760 1910 4824 fuerat
1931 4760 2126 4843 ignorantia
2241 4821 2245 4830 .

133 4867 188 4914 nes
209 4869 324 4915 causae
345 4869 438 4913 meae
460 4857 569 4930 partes
590 4847 662 4914 sine
682 4845 751 4912 ulla
767 4845 1026 4912 dissimulatione
1043 4870 1100 4914 ex·
1153 4846 1221 4910 Vix
1248 4844 1337 4908 enim
1365 4864 1469 4909 annos
1497 4851 1594 4910 natus
1620 4865 1710 4910 eram
1740 4843 1943 4927 quindecim,
1971 4866 2073 4928 quum
2094 4843 2129 4910 id

133 4953 260 5014 ponere:
282 4955 345 5000 nee
364 4933 475 5013 debeo,
493 4953 553 4998 neo
574 4953 715 5016 possum,
737 4952 905 5000 summum
929 4933 990 4998 hoe
1006 4953 1101 5015 prae·
1153 4943 1287 5018 gustare
1309 4931 1399 5014 coepi
1422 4929 1508 5013 quod
1531 4930 1612 4995 mihi
1633 4937 1747 5014 postea
1764 4927 1928 4997 Dominus
1949 4952 2009 4996 suo
2028 4931 2128 4998 bene-

134 5018 320 5104 eipunmque
342 5031 440 5104 eaput
460 5018 620 5084 omittere.
654 5017 743 5084 Illud
766 5038 844 5084 vero
864 5038 885 5082 a
904 5025 945 5096 te,
969 5017 1100 5096 Caesar,
1152 5018 1225 5083 ficio
1251 5015 1380 5099 plenius
1408 5015 1569 5100 patefecit
1619 5015 1660 5082 Id
1687 5013 1819 5098 quidem
1847 5015 1955 5098 aliquo
1982 5027 2128 5100 tempere

134 5105 265 5256 supplex
293 5115 385 5190 peto,
413 5115 451 5172 ιιι
478 5125 580 5204 quum
609 5104 695 5205 nihil
714 5104 776 5204 ‘hie
804 5123 900 5204 agam
929 5103 1100 5182 malitiose,
1152 5102 1257 5170 veluti
1278 5101 1443 5201 sepultum
1465 5103 1501 5202 in
1525 5122 1673 5200 maesse
1701 5100 1878 5168 videbatur.
1923 5099 1991 5167 Sed
2011 5100 2128 5168 Domi·

134 5209 184 5342 ih
206 5189 1101 5359 ,fttfftfftttffftslfilit,titi:
1152 5209 1226 5340 tlt
1242 5207 1388 5340 diti?
1408 5187 2015 5358 fflfthlttfftffiftrtt
2033 5210 2128 5340 iiii
