4846 6016
859 1702 1490 1839 PROLEGOMEN
1491 1707 1575 1838 A.

1048 1977 1254 2065 CAPUT
1300 1978 1373 2064 Iu

423 2184 739 2284 DECRETA
773 2181 1283 2282 ECOLESIASTIOA
1309 2181 1705 2286 AOADEMIOA
1732 2185 2000 2287 CIVILIA.

363 2403 435 2472 Sub
451 2425 519 2472 uuo
541 2403 719 2490 eodemque
740 2403 838 2470 titulo
859 2401 1165 2488 eomprehendimus
1186 2401 1296 2469 varias
1317 2403 1566 2472 eonstitutiones
1588 2412 1623 2471 et
1643 2405 1733 2491 leges
1750 2426 1891 2490 quarum
1906 2415 2002 2474 autor
2022 2415 2057 2475 et
2077 2428 2211 2493 promo·

205 2527 263 2586 tor
282 2518 348 2585 luit
368 2516 541 2597 Oalvinus,
563 2515 604 2584 de
625 2537 663 2582 re
683 2515 814 2600 publiea
834 2515 924 2581 omui
945 2534 988 2579 ex
1006 2520 1101 2596 purte
1121 2513 1205 2581 bene
1226 2513 1409 2582 ordinanda
1431 2535 1561 2602 semper
1581 2537 1740 2603 perquam
1760 2517 1927 2586 sollieitus.
1961 2517 2051 2588 Sene
2071 2520 2107 2586 in
2129 2522 2214 2606 peli-

205 2631 285 2700 tisis
306 2651 390 2714 quae
411 2629 524 2697 dieunt
544 2627 638 2694 urbis
658 2627 801 2711 negotiis
822 2647 889 2694 non
910 2625 1031 2709 ubique
1053 2632 1087 2691 et
1104 2645 1233 2710 semper
1254 2627 1366 2692 omnia
1387 2625 1569 2694 adnutum
1591 2627 1662 2696 eius
1683 2627 1892 2715 gerebantur,
1914 2637 1954 2696 ut
1974 2651 2017 2698 ex
2035 2632 2119 2717 ipsis
2140 2633 2214 2700 fon·

206 2743 299 2809 tibus
319 2741 384 2807 Vir
405 2740 492 2808 Olar.
513 2739 682 2806 Amadeus
703 2739 822 2826 Roget,
843 2759 956 2805 rernm
976 2721 1223 2805 Gensvens'ium
1243 2738 1422 2805 aoerrimue
1442 2739 1674 2825 investigator,
1701 2739 1817 2806 multis
1839 2739 2078 2810 demonstravit
2099 2763 2213 2811 exem·

206 2852 274 2938 plis
297 2852 461 2937 (L’quise
482 2857 514 2918 et
535 2849 676 2918 l'Etatd
701 2849 823 2917 Genios
843 2849 889 2916 du
904 2849 1011 2915 eiusad
1030 2849 1069 2916 ds
1092 2847 1205 2916 (luduin
1228 2851 1343 2934 1867).
1387 2848 1464 2916 Non
1485 2858 1596 2918 tamen
1615 2851 1738 2918 infitias
1759 2849 1823 2918 ibit
1849 2873 1957 2920 eomes
1982 2853 2039 2920 ille
2060 2854 2213 2924 assiduus

206 2973 399 3032 nostrorum
418 2962 569 3030 laborum
589 2963 626 3028 in
647 2961 810 3030 tabulario
830 2960 960 3046 publioo
983 2958 1186 3042 Geuevensi,
1214 2959 1347 3028 Caluini
1373 2962 1570 3029 sententiam
1596 2969 1631 3029 et
1656 2983 1795 3030 menum
1822 2963 1859 3029 in
1886 2964 2065 3033 condendis
2084 2966 2214 3053 legibus

206 3075 382 3162 permagni
401 3075 503 3142 fuisse
523 3071 685 3158 ponderis,
708 3079 743 3141 et
763 3073 908 3140 maxime
928 3073 965 3138 iu
985 3071 1084 3138 rebus
1111 3071 1337 3140 seelasiasliois
1358 3071 1435 3140 inde
1455 3074 1496 3140 ab
1518 3094 1605 3140 anne
1630 3078 1709 3140 1541
1732 3074 1803 3142 fere
1828 3077 1940 3142 omnia
1965 3097 2008 3144 ex
2028 3097 2068 3145 eo
2089 3097 2214 3163 pepen-

208 3186 306 3268 disse,
328 3207 469 3271 eumque
490 3185 685 3270 praesertim
706 3183 898 3270 disoiplinas
919 3183 1158 3252 eeelesiastioae
1179 3191 1326 3250 autorem
1354 3193 1389 3250 et
1408 3191 1538 3270 petrem
1558 3185 1667 3268 luisse,
1689 3185 1899 3272 eiusdemque
1918 3187 2027 3273 quoad
2047 3190 2134 3257 vixit
2154 3191 2213 3259 eb-

207 3305 412 3368 servatorem
437 3297 675 3383 rigidissimum
696 3303 730 3362 et
750 3295 916 3364 rindioem
936 3294 1183 3362 inexorabilem.
1238 3296 1353 3364 Testoe
1380 3295 1435 3362 hio
1461 3296 1621 3364 babemus
1643 3296 1837 3365 Oensistorii
1862 3300 2115 3368 eommentarios
2142 3303 2214 3370 sive

209 3409 406 3496 protoeolla,
435 3407 659 3476 hebdomatim
687 3405 729 3474 de
756 3407 902 3474 moribus
929 3407 1054 3474 oivium
1079 3427 1194 3474 severe
1221 3407 1421 3492 inquirentis
1448 3415 1482 3474 et
1509 3407 1700 3490 iudieuntis,
1729 3408 1911 3496 exquibus
1933 3411 1998 3477 alio
2017 3410 2088 3480 looo
2108 3413 2215 3480 multa

208 3521 384 3590 historiam
411 3519 629 3590 ealriniauam
660 3519 862 3586 illustrantia
888 3516 1080 3602 depromere
1107 3540 1145 3586 ao
1179 3526 1288 3585 teoum
1322 3519 1563 3586 eommunieare
1589 3521 1828 3590 eonstituimus.
1880 3522 1970 3590 'lam
1996 3522 2123 3592 eeilieet
2149 3525 2215 3594 luit

206 3633 307 3702 istius
328 3632 504 3700 tribunalis
525 3631 684 3699 severitus
705 3639 740 3696 et
759 3637 944 3716 μικρολογία,
965 3637 1004 3695 ut
1022 3629 1119 3696 multi
1135 3630 1260 3715 passim
1278 3628 1432 3711 dixerint,
1455 3628 1543 3716 quod
1562 3629 1604 3698 ad
1621 3638 1769 3700 nostram
1789 3639 1931 3702 aetatsm
1947 3633 2036 3700 fama
2051 3637 2212 3719 pervenit,

207 3765 283 3814 sese
303 3743 404 3811 melle
425 3764 502 3812 oum
522 3743 612 3810 Besa
633 3741 721 3827 apud
740 3743 863 3809 inferos
884 3761 983 3827 egere
1003 3761 1103 3826 quam
1123 3743 1161 3808 in
1182 3741 1279 3809 eoelis
1300 3761 1376 3808 eum
1397 3741 1547 3810 Oalvino.

363 3855 457 3922 Inter
477 3854 552 3925 illas
573 3854 825 3923 eonstitutiones
847 3855 994 3920 eminent
1014 3860 1048 3920 et
1068 3854 1213 3937 primum
1231 3852 1341 3918 looum
1358 3853 1592 3922 eonvenienter
1608 3853 1804 3921 obtinebunt
1824 3875 1883 3922 eae
1903 3875 1987 3940 quae
2004 3856 2047 3924 ad
2063 3860 2213 3945 regimen

207 3967 466 4036 eeolssiastieum
491 3974 642 4052 apostant
669 3973 703 4034 et
728 3966 898 4033 solennem
925 3983 1093 4032 saeuorum
1113 3963 1444 4050 ,administrationem
1493 3965 1541 4033 Et
1571 3965 1613 4032 de
1640 3965 1693 4033 his
1720 3965 1851 4052 quidem
1876 3987 1973 4034 nemo
1998 3969 2092 4037 nobis
2118 3971 2214 4041 litem

206 4079 363 4160 movebit,
386 4078 479 4164 quasi
499 4077 693 4145 traotatibus
713 4076 906 4162 theologiois
927 4077 1118 4144 eubiuuotae
1140 4074 1285 4143 ahenum
1304 4076 1414 4144 leoum
1435 4083 1470 4144 et
1489 4077 1674 4144 indebitum
1700 4083 1923 4162 usurpassent
1974 4077 2072 4162 Quod
2100 4089 2213 4152 autem

207 4197 356 4260 oaetsraa
376 4210 514 4275 quoque,
536 4209 621 4274 quae
641 4189 740 4256 rebus
760 4187 912 4256 uirilibus
933 4188 1147 4273 proepioiunt,
1167 4187 1235 4256 illis
1257 4189 1392 4256 oomites
1415 4187 1653 4270 addiderimus,
1675 4187 1717 4255 de
1736 4187 1799 4256 hoo
1820 4188 1973 4272 oonsilio,
2001 4212 2211 4278 quaesumus,

206 4323 252 4370 ne
273 4301 420 4370 severius
441 4300 587 4368 iudieare
607 4300 707 4368 velis:
728 4301 795 4366 imo
816 4300 911 4367 faoile
931 4299 1064 4368 venium
1084 4301 1317 4385 impetraturos
1337 4321 1399 4368 nos
1420 4319 1492 4368 esse
1513 4320 1693 4385 speramus,
1714 4299 2029 4385 sieonsiderareris,
2051 4305 2106 4372 eui
2122 4326 2211 4374 eom·

207 4411 350 4481 modiori
370 4411 441 4478 leoo
462 4432 518 4478 eas
538 4429 782 4480 reservaremm
803 4431 871 4478 non
892 4411 1056 4479 habuisse.
1099 4409 1173 4478 Iam
1194 4431 1294 4496 supra
1314 4413 1437 4497 possim
1458 4431 1563 4478 unum
1584 4417 1618 4478 et
1639 4409 1782 4478 nltarum
1802 4411 2006 4496 opuseulum,
2029 4416 2116 4500 quod
2131 4437 2210 4502 pre·

206 4525 294 4592 lanis
314 4524 426 4610 potius
447 4522 726 4603 adnumeraverie,
748 4524 876 4607 eorpori
895 4522 973 4590 huie
990 4530 1103 4590 nostro
1123 4524 1333 4605 inseruimus,
1355 4524 1453 4592 oertis
1474 4521 1670 4606 quibusdam
1689 4521 1872 4592 rationibus
1891 4523 1991 4592 duoti
2023 4525 2079 4594 Ita
2099 4529 2209 4600 ethio

207 4635 382 4705 olarissimi
402 4634 629 4721 legumlatoris
650 4632 769 4714 studia,
791 4633 885 4700 veria
904 4633 962 4700 illa
983 4645 1018 4701 et
1038 4635 1177 4717 euriosa,
1199 4634 1297 4701 simul
1318 4636 1429 4702 omnia
1449 4633 1511 4701 tibi
1531 4653 1713 4719 proponere
1733 4633 1913 4716 voluimus,
1943 4655 2008 4720 quo
2028 4639 2135 4725 magis
2155 4642 2209 4708 in·

209 4747 300 4836 genii
322 4746 393 4814 eius
418 4745 696 4832 magnitudinem,
725 4744 779 4814 vel
804 4744 841 4810 in
868 4745 968 4812 rebus
992 4746 1130 4813 minoris
1156 4747 1313 4830 momenti
1338 4754 1488 4815 eooureta
1509 4745 1720 4832 disponendis
1747 4745 1999 4832 diligentissime
2019 4747 2209 4836 laborantis,

364 4967 508 5054 Singula
527 4969 590 5037 hoo
610 4967 681 5036 loeo
701 4990 768 5039 non
788 4967 937 5055 pluribus
957 4988 1201 5054 persequemur.
1237 4965 1352 5036 Satius
1373 4967 1550 5037 habuimus
1570 4970 1748 5055 uniouique
1768 4967 1898 5036 deoreto
1919 4989 2013 5036 suum
2033 4969 2208 5046 historin

209 5080 423 5169 praemittere
448 5101 491 5147 ex
519 5081 601 5148 sotis
627 5079 780 5165 publiois,
808 5079 1061 5165 utplurimum,
1089 5081 1279 5165 repetitam,
1306 5079 1443 5166 ideoque
1469 5081 1587 5168 gullioo
1613 5100 1764 5149 sermone
1788 5087 1966 5148 exaratum.
2016 5079 2096 5169 Ipsa
2116 5085 2208 5158 enim

211 5191 435 5277 aufiquiorum
456 5191 726 5259 doeumentorum
746 5191 937 5260 authentioa
956 5191 1157 5276 exemplaria
1176 5191 1336 5277 hodieque
1357 5199 1489 5260 exstant
1515 5195 1552 5259 in
1577 5193 1720 5262 arobivis
1746 5191 1889 5260 oivitstis
1911 5190 2134 5277 Gensveusis,
2163 5217 2208 5267 ex

210 5309 305 5390 purte
327 5301 428 5369 etiam
449 5303 485 5368 in
505 5304 634 5370 seriniis
654 5303 862 5372 Venerabilis
881 5302 1069 5384 Ministerii,
1091 5303 1196 5389 deque
1216 5325 1330 5371 eorum
1346 5305 1608 5392 promulgatione
1626 5305 1665 5370 in
1686 5303 1938 5372 Commentariis
1958 5303 2081 5371 summi
2095 5301 2207 5376 Sens-

322 5402 434 5462 Oales'm‘
448 5421 543 5476 opere.
583 5407 639 5464 Vel.
659 5405 696 5462 X.
732 5405 765 5461 P.
784 5407 810 5462 1.
1977 5403 2002 5462 B
