4820 6016
138 359 194 422 aot
961 357 1042 420 1538
1065 353 1290 426 SEP'OEMB.

137 546 165 610 le
180 541 264 628 n’eie¹
275 540 476 606 maniement
486 538 624 606 d’auoun
636 547 761 626 argent,
779 541 896 608 virent
912 542 1095 608 seulement
1602 580 1665 652 ¹40

137 651 174 696 en
199 627 232 692 la
257 627 383 692 maison
411 625 556 693 demon
583 627 717 710 frere,⁹)
745 647 787 692 ou
814 649 851 695 oe
879 627 958 694 dont
986 629 1097 713 i’aya
1666 633 1674 648 '

136 717 198 782 lere
218 721 250 778 et
269 733 331 795 qne
352 713 382 777 ie
402 710 562 778 demando
584 717 679 778 m'eet
700 711 822 778 donne:
852 715 935 780 mais
956 733 993 780 oe
1015 735 1096 780 uon·
1391 715 1627 785 GALV'INUS
1649 719 1882 790 PARELLO.

136 799 308 866 obstantia
329 804 481 863 trouvero
503 795 579 862 bien
599 797 631 863 le
652 799 761 863 moien
783 797 823 864 de
844 820 927 866 vous
944 821 985 866 en
1007 801 1096 867 fonr-

137 887 195 952 nir.
234 883 270 948 Ie
291 905 333 947 ne
356 904 436 950 vous
464 905 505 950 en
533 885 647 948 envoie
674 885 767 968 point
794 905 876 967 pour
901 885 932 950 le
954 894 1096 969 present,
1235 885 1370 952 Baeiteu
1388 887 1589 968 festinantius
1609 891 1716 957 relicta
1742 891 1971 960 annetieres
1993 894 2124 966 Fareuo

136 991 225 1058 poree
246 989 308 1052 que
329 991 371 1034 ne
394 973 480 1034 m’en
502 970 625 1034 oserois
646 971 706 1034 fier
727 991 769 1034 en
790 991 829 1036 ee
850 981 992 1056 porteur,
1013 973 1097 1038 mais
1148 971 1320 1037 destinatos
1350 993 1452 1038 seeum
1478 977 1659 1057 remearit,
1690 977 1756 1042 iem
1784 977 1986 1064 Arpenmn
2007 983 2122 1066 prima

137 1057 163 1122 si
180 1077 218 1120 en
235 1055 347 1120 voulen
365 1054 505 1137 prendre
522 1054 705 1136 oependeut
723 1053 762 1119 de
780 1056 919 1140 queloun
937 1079 997 1141 par
1014 1057 1096 1137 dela,
1148 1057 1214 1122 viee
1233 1059 1430 1124 ammiates
1451 1065 1495 1124 est
1515 1080 1569 1126 nee
1589 1063 1659 1126 sine
1688 1063 1854 1145 applausu.
1910 1065 2032 1132 Interea
2051 1067 2122 1134 Bu-

136 1163 253 1210 oomme
270 1141 428 1206 aisement
444 1160 487 1204 on
505 1161 586 1206 vous
604 1161 645 1204 en
663 1149 817 1224 prestera,
835 1149 868 1206 et
885 1163 937 1208 me
955 1143 986 1208 le
1003 1165 1097 1208 man·
1149 1163 1238 1208 cerua
1258 1164 1328 1209 eum
1342 1145 1570 1211 Genevensibue
1591 1147 1743 1229 indefesse
1763 1151 1801 1216 de
1821 1151 2011 1218 restitutione
2028 1175 2122 1237 apere

137 1228 190 1293 der
200 1229 240 1311 ¹⁰)
258 1247 317 1310 par
334 1226 365 1291 le
382 1225 513 1292 libraire
526 1225 636 1304 Raeti,
650 1227 692 1309 ¹¹)
709 1227 740 1291 ie
757 1233 876 1292 mettre
893 1228 1099 1294 incontinent
1143 1229 1257 1312 papir,
1279 1230 1317 1294 de
1336 1251 1400 1312 que
1421 1235 1524 1298 tamen
1544 1231 1786 1314 damnandum,
1814 1257 1910 1318 quum
1931 1243 1967 1302 ut
1986 1239 2068 1305 mete
2087 1261 2122 1306 ae

136 1321 222 1380 entre
243 1334 294 1380 ses
314 1312 422 1376 mains
441 1320 512 1376 tout
533 1333 569 1378 oe
586 1333 647 1394 que
666 1333 750 1378 rous
768 1313 920 1380 vouldren
942 1323 976 1380 et
997 1317 1097 1380 n’aien
1149 1315 1248 1398 epieoe
1276 1315 1414 1396 (auam
1442 1337 1529 1382 nemo
1555 1339 1694 1400 unquam
1721 1341 1742 1384 a
1762 1341 1796 1386 ee
1816 1323 2043 1402 impetraturus
2068 1326 2120 1391 ait.

134 1421 212 1483 pour
233 1397 272 1464 de
292 1401 423 1463 m'estre
450 1397 571 1480 oberge
600 1405 673 1462 tant
700 1419 762 1480 que
789 1419 871 1464 vous
899 1399 1043 1466 tiendren
1064 1401 1098 1466 la
1148 1399 1248 1482 Apud
1269 1399 1423 1466 Meteneee
1443 1402 1635 1488 wunpetium
1656 1405 1752 1470 amnt
1774 1405 1812 1471 ab
1833 1407 1968 1476 testibus
1989 1415 2121 1476 venatur

135 1505 224 1570 quoy,
243 1505 283 1548 en
294 1483 466 1548 amendant
478 1503 541 1566 que
559 1489 669 1548 nostre
680 1481 844 1566 Seigneur
857 1506 938 1552 vous
956 1485 1095 1552 adressa.
1148 1491 1177 1550 et
1197 1486 1236 1550 ab
1257 1486 1479 1568 Anaboptietie
1500 1491 1717 1570 corrumpitur.

212 1570 248 1634 Ie
277 1570 378 1634 serois
407 1567 482 1633 bien
516 1569 582 1634 fort
613 1569 680 1633 eise
707 1590 770 1651 que
800 1571 961 1636 touohant
986 1571 1097 1637 l’afere

133 1655 239 1739 quise
259 1675 388 1732 romne,
411 1653 495 1719 ainsi
516 1675 579 1737 que
600 1653 667 1739 i’ay
684 1663 752 1720 este
773 1653 901 1720 adverti
921 1677 982 1740 pur
1002 1677 1096 1722 mon·
1147 1655 1363 1778 (manuscripta
1380 1675 1434 1712 ⁰0¹¹
1452 1663 1548 1712 ⁰¹⁸⁶&
1584 1659 1697 1730 Legitur
1719 1661 1747 1713 in
1766 1661 1807 1716 0⁶·
1826 1662 1911 1718 Bonae
1930 1663 1997 1718 ⁶⁰¹¹·
2015 1683 2041 1734 Ρ·
2059 1664 2120 1735 282»

133 1743 216 1806 sieur
229 1740 273 1805 du
283 1741 404 1805 Ferme
421 1739 527 1806 oultre
544 1761 581 1806 ee
598 1760 660 1822 que
682 1743 765 1805 m'en
784 1742 948 1825 esoripvez
966 1749 1000 1808 et
1017 1743 1097 1808 dont
1147 1725 1535 1864 {ligg'pp'oiqbffiniffii'e
1545 1727 1686 1850 Cfflmssgff‘
1695 1727 2043 1856 fflhffifipgfnlssffl
2052 1737 2119 1860 6¹0}

131 1829 275 1910 Auguste
295 1835 331 1890 et
348 1825 469 1892 ansar
490 1832 565 1890 sont
586 1825 794 1908 partieipans,
814 1826 839 1890 il
861 1847 897 1892 se
918 1836 1016 1912 peust
1037 1849 1095 1894 en·
1505 1864 1571 1920 aon.
1590 1865 1640 1919 106
1657 1867 1760 1920 indiae

130 1911 315 1994 treprendre
338 1911 471 1980 treioter
490 1921 524 1976 et
544 1909 698 1978 eonduire
719 1931 740 1976 a
760 1913 807 1976 fin
829 1913 968 1997 quelque
987 1913 1095 1980 bonne
1633 1968 1636 1977 .
1761 1909 1769 1924 ’

130 1997 229 2076 those,
252 2019 289 2064 ee
306 2019 375 2082 ¹que
399 2003 472 2062 tou‘s
501 1995 633 2074 doivent
661 2017 792 2080 esperer
819 1999 874 2080 qui
902 2001 1094 2084 ymarohe·
1147 2033 1266 2099 Gratia
1287 2034 1346 2100 fibi
1369 2042 1401 2098 et
1445 2055 1488 2100 u
1510 2057 1530 2100 a
1552 2036 1699 2102 Domino
1723 2039 1825 2104 prm
1846 1999 1955 2106 mino
1973 2015 2047 2108 m‘eo
2069 2042 2120 2108 dj-

129 2092 199 2148 ront
224 2081 265 2149 de
292 2084 358 2149 bon
384 2081 476 2167 pied,
505 2095 538 2148 et
565 2091 721 2166 pourtant
746 2103 794 2148 uu
822 2083 965 2150 ehaseun
994 2087 1094 2172 quip
1422 2055 1444 2119 p
1540 2121 1717 2188 lentissime

129 2190 205 2234 aura
225 2169 335 2234 moion
356 2192 379 2254 y
400 2167 501 2234 devra
522 2169 634 2234 taeher
661 2168 701 2233 de
729 2189 766 2234 sa
793 2177 870 2251 part
894 2191 936 2234 en
962 2170 995 2235 la
1021 2171 1094 2255 plue
1718 2173 1725 2188 ‘

128 2255 213 2320 saine
234 2255 475 2336 oonsoienoe¹²)
499 2254 577 2338 qu'il
594 2275 726 2338 pourra,
749 2255 887 2320 saohant
903 2277 966 2338 que
983 2269 1094 2324 nostre
1230 2256 1285 2321 Ita
1306 2257 1520 2324 tumultuarie
1541 2259 1673 2324 Basilea
1702 2281 1754 2324 me
1781 2261 1942 2344 proripui,
1971 2269 2009 2327 ut
2036 2284 2118 2347 quas

127 2337 286 2424 Seigneur
313 2340 370 2424 qui
397 2339 481 2404 tient
508 2339 554 2406 les
583 2361 699 2406 eueurs
728 2339 785 2406 des
811 2341 893 2406 Rois
925 2349 958 2405 et
985 2365 1093 2426 empe-
1146 2341 1187 2407 ad
1208 2349 1242 2407 te
1264 2342 1377 2410 literas
1403 2344 1593 2410 relieturum
1619 2365 1672 2410 me
1693 2347 1922 2428 promiseram,
1952 2349 2039 2414 inter
2066 2351 2119 2415 iu·

126 2445 214 2491 reurs
227 2427 269 2510 ¹³)
293 2447 336 2492 en
358 2447 395 2490 sa
414 2425 505 2510 main
526 2433 560 2489 et
580 2423 628 2490 les
650 2429 767 2490 tourne
795 2446 837 2490 ou
859 2425 884 2490 il
904 2425 964 2513 luy
985 2429 1093 2512 plaist,
1145 2447 1299 2516 npmeras
1321 2429 1444 2496 oerebri
1461 2431 1527 2494 mei
1548 2431 1647 2496 trinae
1669 2451 1796 2496 meeum
1813 2431 2015 2499 abstulerim.
2054 2435 2120 2504 Ne-

126 2511 213 2594 penlt
232 2511 310 2578 bien
332 2532 451 2577 ouvrer
477 2511 587 2594 quand
615 2509 639 2574 il
667 2509 726 2595 luy
752 2510 852 2594 plaist
874 2519 907 2577 et
928 2535 993 2580 aux
1015 2515 1095 2580 Em:
1145 2535 1208 2596 que
1240 2513 1308 2578 iam
1338 2537 1392 2582 res
1424 2515 1493 2580 ulla
1525 2537 1603 2598 pree
1635 2515 1787 2586 menibus
1815 2519 1990 2602 seriptione
2018 2515 2119 2604 digna

125 2615 254 2679 pereurs
276 2606 312 2664 et
334 2619 400 2662 aux
417 2597 499 2662 Rois
520 2607 553 2661 et
572 2618 637 2661 aux
659 2605 769 2662 autres
786 2619 964 2681 personnes
986 2599 1094 2684 quelz·
1145 2607 1224 2664 eret
1270 2599 1391 2690 Triduo
1411 2609 1582 2684 postquam
1603 2601 1724 2685 appuli,
1752 2623 1819 2668 non
1840 2602 1942 2670 defuit
1963 2607 2116 2686 nunnius,

124 2703 261 2766 oonques
284 2690 319 2748 et
341 2681 420 2766 qu'il
438 2703 479 2748 ne
501 2681 592 2758 veult
608 2703 667 2766 pas
684 2681 778 2746 telles
796 2685 991 2768 entreprises
1008 2694 1094 2752 estre
1145 2695 1179 2750 et
1199 2695 1270 2750 erat
1290 2686 1357 2751 iam
1378 2685 1523 2752 oblatum
1544 2687 1694 2752 nonnihil
1717 2691 1910 2772 argumenti.
1944 2687 2015 2756 Sed¹
2029 2691 2118 2774 quod

124 2767 231 2833 laiates
252 2790 338 2852 pour
359 2777 469 2833 noant.
1097 2845 1102 2858 ι
1145 2769 1300 2836 timebam
1328 2793 1370 2837 ne
1390 2773 1502 2838 literas
1523 2772 1702 2856 perieulose
1731 2775 1985 2856 committerem,
2013 2777 2117 2843 malui

203 2854 350 2938 I’espere
371 2875 434 2938 que
455 2874 537 2918 nous
560 2873 681 2918 aureus
700 2851 740 2919 de
762 2875 820 2920 von
843 2855 1011 2922 nouvelles
1033 2877 1093 2940 par
1144 2851 1316 2940 hueusque
1338 2852 1478 2922 differre.
1513 2858 1554 2924 N.
1569 2864 1674 2940 1).εηο
1695 2879 1786 2924 more
1808 2861 2025 2944 reseripaisse,
2049 2883 2118 2928 non

123 2935 228 3004 aaa.
273 2941 426 3006 Exoueez
448 2959 526 3024 moy
548 2939 576 3004 si
597 2939 628 3004 ie
649 2959 729 3004 vous
751 2961 794 3023 ay
816 2949 871 3006 ost
893 2941 1035 3026 esoripre
1056 2965 1093 3010 oe
1144 2941 1306 3008 infitiatus
1340 2949 1390 3008 est
1416 2942 1570 3009 Bueerua
1613 2943 1699 3010 Nam
1733 2945 1794 3011 hoo
1826 2967 1931 3010 unum
1963 2958 2118 3016 eeuaatus

122 3045 182 3107 que
203 3025 329 3094 deseus.
364 3023 431 3092 Gar
448 3046 572 3091 oomme
594 3045 655 3090 voa
676 3023 790 3090 lettres
807 3034 890 3092 m’en
910 3034 967 3092 ont
984 3027 1093 3094 donne
1144 3035 1196 3093 est
1217 3049 1276 3094 our
1297 3028 1379 3094 mihi
1400 3049 1468 3094 non
1489 3029 1650 3108 reeitaret,
1673 3029 1750 3114 quia
1767 3029 1870 3100 nollet
1885 3031 2119 3102 mihi·frustra

120 3113 282 3192 ooeaeion,
312 3111 402 3178 aussi
424 3132 525 3194 povea
555 3131 636 3176 vous
657 3119 743 3176 estre
765 3120 895 3198 aesepre
917 3135 980 3196 que
999 3115 1030 3179 ie
1051 3137 1093 3181 ne
1145 3113 1352 3178 stomaohum
1372 3135 1514 3180 movere.
1558 3115 1648 3180 Hine
1669 3115 1784 3200 oollige
1802 3115 1961 3200 quantum
1984 3139 2116 3186 amaru·

120 3193 182 3283 l’ay
203 3199 282 3264 feiot
305 3197 336 3264 ei
357 3218 424 3263 non
445 3217 528 3280 pour
549 3196 682 3260 l’amitie
701 3203 734 3259 et
750 3195 857 3262 bonne
879 3198 1012 3264 volunta
1029 3222 1092 3284 que
1144 3199 1264 3264 lentiae
1283 3200 1392 3280 fuerit,
1413 3200 1499 3284 quod
1520 3199 1575 3265 ille
1596 3199 1788 3286 iudieavit2)
1809 3223 1869 3286 pro
1891 3224 1950 3268 sua
1971 3203 2116 3287 pruden-

119 3283 148 3346 ie
173 3305 255 3350 vous
284 3289 378 3368 porte
407 3289 441 3348 et
467 3289 595 3366 portora
622 3283 785 3347 tousiours
812 3305 854 3348 en
881 3291 991 3350 nostre
1019 3283 1092 3352 Sei·
1144 3285 1191 3349 tia
1212 3307 1279 3350 non
1301 3307 1394 3370 posse
1422 3307 1442 3352 a
1468 3306 1521 3352 me
1548 3287 1619 3366 ,eine
1645 3287 1789 3370 graviori
1811 3289 1989 3354 offensione
2011 3299 2117 3356 trans-

119 3389 232 3452 gneur,
254 3369 383 3454 lequel,
410 3389 506 3454 apres
530 3389 611 3433 vous
633 3368 726 3432 avoir
753 3368 830 3432 faiot
852 3357 920 3434 m'es
941 3370 1091 3437 humbles
1143 3369 1239 3436 mitti
1284 3367 1319 3438 S.
1342 3372 1476 3436 interim
1494 3370 1656 3454 placidam
1676 3374 1747 3438 eius
1769 3374 1955 3440 comitatem
1977 3373 2114 3460 depree-

117 3461 150 3516 et
180 3456 399 3522 affeetueuses
431 3450 760 3533 recommendatious,
794 3455 824 3519 ie
857 3455 977 3541 supply
1009 3463 1092 3524 v'ons
1144 3455 1240 3522 dieat.
1284 3455 1386 3541 Spem
1408 3457 1496 3524 enim
1517 3456 1621 3536 duait,
1651 3479 1746 3542 posse
1772 3459 1865 3524 nobis
1893 3468 1939 3524 et·
1954 3461 2059 3544 ipsum
2081 3471 2115 3528 et

120 3541 207 3605 avoir
228 3563 272 3606 en
296 3561 335 3606 sa
356 3540 487 3606 saincte
502 3538 602 3624 garde
625 3545 659 3602 et
676 3559 757 3604 vous
775 3529 899 3606 dbnner
920 3549 1026 3608 tontes
1043 3543 1091 3610 les
1144 3540 1331 3622 Senatores,
1350 3543 1404 3626 qui
1422 3541 1533 3608 infesti
1551 3543 1708 3609 haetenus
1726 3545 1868 3624 fuerunt,
1887 3545 1980 3612 nobis
1998 3567 2113 3614 renou-

117 3626 339 3692 eonsolations
371 3633 404 3692 et
439 3625 692 3692 aoeroissemens
731 3623 772 3690 de
805 3647 857 3694 ses
889 3647 1001 3712 granea
1034 3631 1090 3712 qui
1143 3627 1262 3708 tilieti,
1291 3629 1319 3694 si
1341 3629 1465 3711 priores
1492 3626 1753 3696 benevolentiam
1774 3629 1878 3696 literis
1900 3629 2112 3700 declaremus.

116 3731 195 3777 vous
222 3723 301 3779 sont
333 3711 541 3778 neeessaires.
591 3711 642 3776 De
671 3709 766 3776 Paria
798 3733 840 3778 ee
864 3713 921 3778 vie
949 3713 988 3778 de
1018 3737 1090 3798 sep·
1143 3711 1240 3794 Quod
1267 3723 1303 3778 ut
1331 3723 1381 3778 eet
1408 3735 1564 3796 perquam
1592 3713 1782 3794 ridioulum,
1814 3715 1958 3782 Buterus
1984 3739 2043 3800 pro
2067 3719 2116 3783 ni-

117 3799 250 3864 tambre.
1141 3797 1209 3863 hilo
1231 3798 1355 3864 habuit
1399 3799 1506 3884 Pinge
1527 3799 1561 3864 id
1589 3801 1714 3883 sperari
1735 3821 1839 3883 posse.
1883 3801 1980 3868 Unde
2002 3813 2115 3869 temen

198 3883 323 3970 Oelluy
352 3885 408 3968 qui
436 3882 541 3948 desire
571 3902 652 3947 vous
684 3888 769 3948 estre
799 3883 1091 3967 perpetuellemeut
1142 3883 1380 3967 ineiperemue?
1415 3887 1470 3949 An
1493 3907 1552 3950 nos
1573 3885 1666 3968 quusi
1683 3886 1872 3951 offensionis
1895 3896 2026 3954 autores
2043 3889 2117 3956 illos

113 3967 197 4035 tlere
219 3981 255 4036 et
278 3991 358 4054 amy
380 3989 422 4034 en
444 3967 566 4034 Christ.
1142 3971 1294 4053 mitigare
1323 3969 1548 4035 studebimus?
1599 3972 1707 4052 Atque
1739 3981 1776 4035 ut
1803 3993 1870 4036 non
1898 3972 2116 4042 detreotemus

734 4054 786 4119 De
807 4055 1010 4122 Haultmont.
1141 4055 1175 4119 id
1196 4075 1339 4138 quoqne,
1368 4056 1441 4139 quis
1470 4057 1533 4122 erit
1567 4057 1767 4121 offensarum
1793 4055 2038 4140 purgandarum
2065 4068 2114 4126 te-

1141 4141 1268 4206 nendus
1297 4140 1437 4207 modus?
1486 4142 1558 4226 Ego
1587 4161 1666 4206 vero
1693 4163 1799 4226 neque
1828 4145 1874 4207 ita
1901 4143 2113 4214 emendatum

354 4275 362 4294 ,
450 4279 457 4300 ,
1018 4279 1024 4291 .
1084 4279 1090 4292 .
1140 4227 1180 4292 iri
1226 4228 1392 4306 raeterita,
1423 4247 1464 4292 ne
1488 4247 1527 4292 ue
1549 4228 1584 4291 in
1629 4235 1774 4292 osterum
1796 4229 1858 4292 rite
1902 4231 2047 4294 revisum
2069 4232 2112 4298 iri

111 4346 190 4402 ms,
206 4277 247 4402 ἃ
264 4273 937 4414 gmffiffmffiffifflm
948 4279 1090 4404 iffa&
1140 4247 1266 4378 neniae.
1312 4248 1494 4395 Siquideui,
1529 4321 1567 4377 ut
1595 4248 1703 4378 abram
1732 4313 1803 4378 Deo
1836 4249 1961 4380 etpeiua
1988 4316 2112 4399 populo

215 4416 262 4482 10)
282 4417 434 4470 dementer
450 4387 501 4471 α’
1140 4398 1315 4478 fateamur,
1345 4399 1525 4480 imperitia,
1558 4397 1719 4476 sonet-die,
1752 4398 1966 4482 negligentia,
2000 4422 2111 4469 errore

212 4485 263 4553 11)
283 4486 402 4540 Reontio
419 4484 450 4539 θ·
468 4513 502 4524 -
525 4482 562 4537 0⁰
582 4481 696 4536 bitum
718 4481 777 4537 Μ
799 4483 880 4538 mir
905 4483 944 4538 tte
966 4483 1048 4540 nauti
1070 4486 1089 4540 ὁ
1140 4492 1251 4550 nostro
1272 4485 1395 4550 fantum
1417 4505 1458 4548 ex
1480 4491 1573 4568 parte
1592 4504 1672 4561 esse,
1696 4495 1734 4548 ut
1750 4483 1886 4549 eeclesia
1906 4485 2000 4556 nobis
2022 4509 2110 4553 oom-

108 4550 188 4623 1330,
207 4560 235 4608 ‘t
251 4570 315 4610 Μ’*
332 4553 536 4620 &Sirmii
555 4565 654 4606 mm
670 4551 695 4606 ¹⁶
711 4565 832 4620 ’ΨΜ
849 4551 960 4623 omit
979 4555 1089 4610 WB*
1138 4571 1239 4636 missa
1257 4581 1324 4635 tem
1342 4571 1459 4634 misere
1477 4569 1619 4654 oollapsa
1640 4571 1697 4636 sit:
1721 4591 1763 4634 ex
1784 4569 1889 4636 ostiolo
1906 4579 2016 4638 tamen
2034 4594 2110 4640 nos·

109 4621 190 4678 W
206 4621 505 4760 ῗξῖθδᾶᾝωῑὲἔῖᾗξ
512 4620 629 4760 giga
790 4679 792 4686 v
1139 4663 1190 4722 tro
1212 4663 1271 4735 est,
1294 4656 1510 4722 innocentiam
1532 4657 1771 4739 puritatemque
1795 4665 1942 4722 nostram
1965 4679 2110 4724 asserere

209 4760 260 4828 13)
279 4769 311 4815 et
330 4763 486 4830 emperenrs
503 4774 555 4814 arn.
575 4759 605 4814 G.
1139 4741 1296 4808 adversus
1319 4761 1382 4820 008,
1405 4761 1544 4824 quorum
1566 4739 1688 4818 fraude,
1711 4741 1914 4826 malignitate
1920 4794 1929 4822 ,
1957 4741 2109 4826 improbi·

1156 4997 1221 5058 140.
1242 4999 1269 5058 ll
1290 4996 1454 5066 QuodBeea
1470 4995 1515 5051 bie
1526 4997 1682 5066 mersit
1696 5011 1795 5052 nomen
1804 4995 1970 5052 amomon
1986 4993 2108 5054 aanor

500 5073 703 5082 ·“““““
1136 5065 1225 5132 nanee
1242 5065 1318 5122 debet
1338 5081 1454 5135 meum
1476 5065 1510 5120 de
1528 5065 1643 5122 anneo
1664 5066 1830 5122 restituenda
1852 5067 1943 5133 iperet
1965 5063 2104 5134 Bactrus,

1137 5135 1185 5189 aed
1201 5134 1310 5202 frustra
1332 5140 1358 5190 et
1379 5133 1515 5190 medusa
1535 5135 1673 5206 repetitus.
1708 5135 1794 5204 Infra
1815 5135 1900 5189 atium
1920 5131 2053 5200 producit
2070 5134 2104 5192 S.

1137 5219 1223 5272 aeque
1239 5204 1326 5258 danea
1342 5204 1415 5259 nube
1431 5204 1557 5259 oetatm

1238 5273 1267 5341 2)
1286 5274 1416 5328 indiuvit
1434 5273 1503 5330 Gon.

1856 5355 1904 5409 16·
