4846 6016
147 389 189 454 16
342 397 344 402 ·
970 377 1326 448 oauoauauoaa.
1719 367 1723 376 '
2105 387 2146 450 ra

149 575 311 658 franceis:
335 577 463 654 [pagos]
482 578 515 638 et
536 571 610 655 puis
632 591 652 636 a
672 571 734 636 lire
755 575 988 636 ocummment.
1021 569 1074 634 En
1091 568 1126 634 la
1177 567 1286 636 dario:
1318 576 1429 652 postca
1458 568 1607 654 expedite
1644 569 1753 654 legere
1783 571 1914 654 gallica,
1949 591 1987 638 ac
2015 571 2146 640 domum

149 661 198 728 lin
225 659 327 746 qn’on
354 661 401 726 les
435 664 642 725 aecoustnme
674 675 694 721 a
726 675 908 742 proncnoer
942 673 985 721 en
1012 655 1125 735 Latin,
1177 654 1274 721 etiam
1302 655 1405 720 latina
1434 673 1476 720 cx
1503 655 1722 740 latinogallieo
1745 655 1952 724 Ostechismo
1984 657 2145 726 docentor.

149 745 224 812 leur
260 745 401 814 baillant
431 766 515 830 pour
551 751 671 827 patron
706 741 738 809 16
771 741 976 808 Oeteohismo
1008 739 1126 806 Latin·

149 831 305 918 banpois.

241 1002 315 1084 Quo
348 1001 444 1070 eeulx
474 999 531 1083 qni
552 1004 665 1066 serent
696 1019 738 1064 en
769 1017 866 1084 uage,
899 1003 1126 1064 commaneant
1262 994 1388 1064 Ibidem
1420 998 1528 1080 pueri,
1562 999 1591 1064 si
1623 1019 1682 1082 per
1715 1005 1855 1066 aetatem
1888 1000 2000 1082 liceat,
2033 1002 2145 1070 literas

152 1089 243 1156 aussi
265 1086 479 1174 d'appreadre
500 1107 521 1152 a
542 1085 669 1152 esurire.
1177 1083 1311 1166 pingere
1334 1082 1491 1150 discunto.

376 1292 439 1360 Lu
459 1292 525 1360 1616
544 1291 582 1357 ue
603 1289 636 1357 to
656 1290 784 1358 61616616
803 1289 910 1356 classe.
1395 1294 1468 1370 [pag.
1495 1295 1546 1369 16]
1570 1289 1667 1374 tepea
1687 1297 1791 1358 aeetae
1811 1291 1930 1360 classic.

241 1429 348 1512 Qu'on
369 1451 393 1516 y
413 1428 569 1514 enseigne
589 1447 625 1493 as
645 1428 696 1492 six
718 1427 877 1508 premiere
899 1426 981 1492 mois
1002 1425 1043 1490 de
1059 1423 1126 1490 l'an
1263 1425 1304 1490 In
1340 1425 1402 1491 hae
1434 1427 1551 1506 classe,
1583 1427 1689 1511 prima
1721 1437 1754 1493 et
1786 1429 2025 1513 simplicissima
2055 1432 2147 1498 rudi·

153 1517 202 1584 les
223 1518 382 1601 premiere
403 1515 572 1582 rudimena
594 1512 651 1578 des
667 1513 884 1580 declinaisons
905 1520 940 1576 et
961 1511 1126 1593 coniugai-
1178 1521 1290 1577 menta
1312 1511 1562 1578 declinationum
1584 1525 1617 1578 et
1645 1515 1911 1598 coniugationum
1940 1517 2055 1599 primis
2088 1539 2147 1584 sex

152 1623 240 1681 sons,
263 1623 304 1670 on
324 1601 358 1668 la
400 1602 452 1668 lus
463 1599 587 1686 grande
598 1599 846 1683 simpliciusque
857 1598 939 1663 faire
950 1617 984 1662 se
995 1615 1124 1680 pourra.
1179 1599 1346 1663 mensibus
1367 1611 1599 1681 proponuntur.
1645 1600 1794 1683 Reliquis
1815 1610 1924 1666 autem
1947 1623 2004 1667 sex
2026 1604 2147 1669 mensi-

152 1687 208 1756 En
228 1687 346 1754 l’antre
368 1621 455 1753 demi
475 1707 518 1751 an
540 1685 617 1768 qa’il
637 1685 752 1751 seluce
771 1683 970 1750 declaration
990 1680 1073 1748 rudo
1093 1687 1127 1748 et
1179 1683 1239 1748 bus
1260 1685 1405 1767 partium
1427 1685 1582 1751 orationis
1604 1693 1637 1751 et
1658 1707 1871 1770 eorumquae
1893 1689 1940 1754 eis
1961 1688 2146 1754 attribuun-

152 1774 314 1840 l'amiliere
335 1771 376 1839 de
398 1781 506 1838 tontes
527 1771 576 1837 las
598 1771 720 1854 parties
743 1769 915 1849 d’oraison,
938 1789 1016 1835 avec
1038 1769 1126 1833 leurs
1178 1779 1233 1834 tur
1259 1768 1352 1834 rudis
1378 1769 1550 1852 explicatio
1577 1773 1782 1837 familiariter
1803 1774 2007 1856 proponitur,
2033 1775 2082 1840 ita
2100 1783 2146 1840 nt

153 1859 360 1938 accessoirea,
394 1864 588 1941 comparant
614 1857 784 1921 tcusiours·
803 1856 835 1921 le
857 1855 1015 1937 Francois
1048 1875 1126 1919 avoc
1179 1875 1253 1921 cunr
1274 1855 1385 1920 latinis
1407 1856 1734 1940 gallieacomparent,
1757 1857 1918 1924 adionmis
1940 1859 2062 1926 latinae
2082 1860 2146 1926 lin·

153 1945 323 2096 htalltatlin:
352 1949 387 2011 et
413 1944 623 2096 {onicignant
648 1943 696 2007 les
724 1942 953 2007 exercitatione
981 1940 1126 2024 pueriles
1178 1961 1262 2025 guae
1284 1941 1570 2008 exercitationibus
1591 1944 1780 2026 puerilibus.

176 2051 195 2096 e
230 2053 250 2096 a
284 2051 391 2116 angue
447 2030 544 2095 atine.

239 2200 384 2284 Quales
405 2201 520 2266 eniens
541 2204 659 2284 soyent
682 2219 821 2264 avanoen
842 2203 876 2264 et
904 2198 1126 2264 confermata
1263 2199 1389 2266 ibidem
1416 2201 1510 2284 pueri
1536 2201 1570 2266 in
1591 2200 1773 2285 'pingendis
1810 2200 1914 2266 literis
1951 2203 2146 2268 confirman-

155 2287 230 2354 bien
251 2293 373 2354 former
393 2286 482 2352 lenrs
504 2285 631 2364 lettres,
664 2293 698 2350 et
719 2293 835 2369 soyent
860 2283 950 2350 aussi
976 2283 1085 2370 duits2
1093 2295 1126 2348 et
1177 2291 1239 2366 tor,
1262 2299 1295 2352 et
1316 2286 1418 2353 latino
1439 2288 1580 2352 sermoni
1605 2289 1813 2352 assuefiunto.

157 2384 378 2440 aocenstumen
400 2394 421 2438 a
441 2371 550 2456 parler
571 2371 682 2436 Latin.

412 2575 475 2642 Les
494 2575 559 2642 tote
574 2576 613 2641 de
634 2575 667 2639 lo
687 2575 865 2656 aarum.
1474 2577 1571 2662 nepes
1592 2580 1719 2659 quintae
1737 2575 1857 2643 6166616.

240 2713 350 2796 Qn’on
376 2737 399 2802 y
427 2733 547 2796 exposa
574 2711 648 2796 plus
676 2710 903 2796 diligemment
928 2711 977 2778 les
1005 2713 1126 2795 parties
1238 2710 1304 2779 'In
1343 2714 1405 2781 hac
1439 2714 1542 2780 classe
1576 2714 1757 2780 accurratior
1792 2714 1965 2797 explicatio
2003 2715 2148 2799 partium

157 2799 318 2867 d'oraieon
339 2799 441 2866 61166
463 2799 537 2883 plus
561 2796 695 2881 simples
716 2797 899 2862 Redimens
922 2797 962 2862 de
983 2797 1016 2861 la
1037 2797 1126 2882 Syn·
1178 2801 1348 2878 orationis,
1375 2809 1408 2865 et
1428 2799 1615 2866 rudimenta
1642 2807 1827 2884 syntaxeos
1854 2800 2053 2884 simpliciora
2072 2819 2148 2884 prc-

157 2895 241 2966 taxe,
262 2893 406 2972 prenant
425 2886 457 2950 lo
477 2893 594 2968 patron
616 2905 674 2948 sur
698 2882 746 2948 les
767 2883 965 2966 Bucoliques
986 2883 1027 2948 de
1048 2884 1126 2948 Vir·
1178 2893 1351 2968 ponuntur,
1374 2884 1534 2951 adiunctis
1545 2885 1679 2970 Virgilii
1690 2885 1861 2954 Bucolicis.
1896 2885 2032 2971 Stylnm
2053 2903 2149 2952 exer·

180 2973 228 3038 'c.
288 2971 362 3054 Qne
394 2971 443 3037 les
472 2971 587 3036 enfans
625 2976 850 3035 commaneant
876 2969 961 3052 petit
992 2989 1013 3034 a
1044 2971 1127 3053 petit
1178 2991 1251 3038 cere
1273 2979 1435 3055 utcunque
1456 2971 1645 3055 incipiunto.

180 3079 197 3124 6
218 3061 381 3124 s’exercer
402 3077 423 3122 a
444 3057 573 3134 esurire,
595 3075 638 3120 ou
659 3073 834 3137 composer.

358 3261 421 3330 Les
441 3261 507 3329 loia
527 3261 565 3328 dc
582 3259 616 3326 lc
637 3257 804 3342 austrinae
825 3260 930 3326 closae.
1467 3261 1565 3348 Lepet
1586 3267 1717 3346 quodue
1737 3261 1858 3328 6166616.

240 3397 394 3551 (11ιόυὲ
413 3406 559 3464 munstre
584 3397 632 3462 les
660 3406 827 3480 praeoptas
855 3397 895 3463 de
921 3397 955 3463 la
976 3395 1127 3483 Syntaxe
1264 3400 1307 3466 In
1340 3402 1402 3470 hac
1435 3399 1539 3468 classe
1567 3399 1780 3483 perficiuntor
1811 3397 1931 3463 latinae
1964 3351 2148 3483 syntaxeos

158 3507 197 3552 en
216 3487 289 3552 leur
309 3507 350 3570 pe
381 3486 496 3564 aetion,
518 3483 752 3567 eonioingnant
770 3483 818 3550 166
837 3483 989 3568 Epistres
1012 3482 1052 3548 da
1071 3483 1126 3550 Oi·
1178 3486 1432 3570 praeceptiones,
1456 3487 1617 3552 adiunctis
1639 3484 1806 3551 Ciceronis
1826 3482 1970 3568 epistolis
1992 3484 2148 3549 breviori-

157 3593 251 3640 oeron
269 3573 318 3639 les
339 3571 414 3658 plns
435 3571 563 3638 brieves
592 3579 626 3634 et
653 3567 844 3634 familiares:
878 3576 912 3634 et
933 3568 1029 3653 qu'on
1051 3591 1126 3654 pro-
1178 3571 1240 3638 bus
1261 3581 1295 3638 et
1315 3573 1423 3658 magis
1445 3572 1671 3649 familiaribus,
1692 3570 1733 3636 ad
1755 3589 1896 3654 quarum
1918 3568 2018 3634 etiam
2038 3569 2148 3634 imita-

157 3679 231 3744 pcso
253 3679 319 3726 aux
340 3657 455 3724 enfans
473 3657 614 3722 cortaina
640 3653 768 3720 themes
794 3654 904 3721 faciles
933 3675 990 3722 snr
1017 3655 1048 3720 16
1069 3675 1126 3740 pa—
1178 3659 1300 3724 tionem
1323 3657 1437 3724 brevia
1457 3667 1491 3722 et
1512 3657 1619 3724 facilia
1640 3655 1788 3721 themata
1808 3663 2044 3738 proponantur.

156 3753 229 3810 tren
251 3743 400 3810 d’ieellos.

240 3914 394 4000 Qu’on‘y
424 3913 578 3997 enseigno
600 3913 686 3979 aussi
709 3911 757 3978 los
779 3910 957 3994 Quantitas
980 3911 1037 3977 des
1059 3911 1126 3998 syl·
1262 3915 1481 3999 Explicantur
1522 3933 1650 3997 qnoque
1697 3911 1907 3996 syllabarum
1941 3911 2147 3994 quantitates,

157 3999 243 4067 labes
264 4001 466 4084 comprinses
488 4021 530 4064 en
552 3996 811 4082 pendereigles:
834 4018 914 4064 aveo
934 3997 982 4064 les
993 3997 1126 4084 Elegiae
1177 4001 1290 4086 paucis
1311 4001 1433 4086 regulis
1455 4000 1716 4083 comprehensae,
1738 4017 1813 4064 cnm
1830 3993 1942 4064 Ovidii
1963 3995 2091 4081 Elegiis
2108 3994 2148 4062 de

157 4085 304 4168 d’0ridc,
327 4091 410 4166 [pago
431 4090 464 4164 9]
485 4086 536 4150 De
558 4085 714 4162 tristibus,
738 4093 772 4150 61
792 4083 833 4150 (16
854 4083 972 4150 Ponto.
1179 4087 1342 4154 Tristibus
1364 4095 1397 4152 ct
1419 4085 1458 4150 de
1480 4086 1594 4151 Ponto.

238 4257 449 4326 Finalement
470 4261 568 4342 qn’on
589 4275 613 4341 y
635 4275 802 4339 apprenne
823 4253 871 4321 166
893 4255 1008 4322 enfans
1029 4254 1127 4322 alire
1263 4259 1435 4324 Postremo
1457 4275 1573 4341 mauce
1588 4255 1705 4338 legere,
1729 4251 1952 4319 declinarem
1973 4251 2148 4337 coniugnrs

157 4365 321 4516 {diagridium
338 4343 541 4513 ‘22⁰¹ssng
564 4341 744 4426 eoniugner
769 4341 802 4405 16
823 4340 898 4425 plus
920 4341 1128 4424 simplement
1178 4365 1271 4430 puerr
1294 4365 1393 4430 quam
1415 4341 1654 4425 simplicissime
1677 4339 1840 4406 docentor.
2009 4357 2013 4364 ·
2082 4367 2085 4374 ·

358 4634 421 4702 Lea
443 4634 508 4700 tou
528 4634 566 4702 de
587 4631 620 4700 lo
640 4633 795 4700 treiciam
813 4633 922 4700 616666.
1478 4631 1575 4716 &poa
1596 4629 1707 4698 uuae
1727 4629 1846 4698 6166616.

239 4772 349 4856 Qu’on
370 4793 393 4856 y
415 4771 571 4855 enseignc
592 4769 845 4836 laGrammaire
857 4770 1008 4855 Greoqoe
1029 4769 1127 4836 d'uue
1262 4771 1328 4836 Hic
1351 4769 1563 4854 grammatica
1584 4785 1700 4854 graeca
1722 4765 1904 4833 accuratius
1925 4763 2070 4841 docetor,
2098 4764 2147 4833 ita

155 4859 249 4945 sapon
271 4859 347 4943 plus
368 4858 512 4941 exquise,
533 4857 703 4922 tellement
723 4877 786 4940 que
807 4856 855 4920 les
877 4857 991 4923 coiens
1018 4856 1127 4922 obser·
1177 4865 1215 4922 ut
1235 4857 1403 4938 utriusque
1430 4854 1565 4939 linguae
1591 4854 1721 4938 regulas
1748 4850 1843 4936 pueri
1870 4847 2013 4916 studiose
2035 4849 2146 4916 obser-

156 4955 233 5012 vant
254 4943 584 5030 scignaosementles
605 4941 726 5026 reigles
747 4941 903 5008 desdoux
924 4943 1070 5026 langues,
1093 4949 1128 5007 et
1178 4955 1266 5021 vent,
1289 4949 1324 5007 et
1344 4939 1470 5024 stylum
1491 4940 1626 5008 alternis
1647 4943 1827 5006 exerceant

158 5042 308 5100 exercent
328 5030 401 5096 laur
422 5029 497 5096 stile
518 5049 579 5114 par
600 5036 683 5099 tour.

238 5201 307 5270 Des
329 5199 498 5282 autheuts,
521 5199 662 5269 conix-ci
683 5199 756 5266 laur
776 5205 894 5286 soyent
914 5200 984 5266 lens
1006 5199 1126 5284 princi-
1265 5199 1318 5264 Ex
1341 5197 1510 5266 autoribus
1532 5197 1589 5263 isti
1610 5190 2029 5281 praecipuopraelegnntor‚
2051 5190 2145 5258 Oica·

160 5287 336 5372 pulemont:
358 5287 407 5354 166
427 5287 577 5370 Epistros
598 5285 638 5352 de
655 5285 804 5369 Oiceron,
825 5285 857 5351 le
877 5284 963 5352 livre
982 5285 1021 5352 de
1034 5285 1125 5351 Ami-
1178 5285 1267 5352 renis
1287 5285 1449 5370 epistolae,
1470 5284 1580 5350 Liber·
1593 5283 1645 5348 Do
1666 5278 1816 5357 amicitia,
1838 5277 1941 5343 Liber
1960 5277 2012 5344 De
2033 5297 2144 5344 senec-
