4852 6022
173 299 233 364 sar
950 255 955 262 ¹
1040 303 1120 366 rrae
1142 298 1305 368 eones.
2109 309 2171 374 aas
2289 374 2294 385 ,

173 487 264 552 neae
286 487 395 571 aliqua
413 490 450 554 in
472 493 631 570 quamvis
658 505 786 575 partem
814 493 899 558 tacta
927 500 1021 558 esset.
1065 491 1147 556 Ida
1197 487 1298 554 totim
1318 498 1450 554 noemae
1471 489 1688 554 contentionis
1709 489 1888 574 retexui’)
1918 513 1956 558 ac
1983 495 2031 557 ita
2058 492 2171 560 ordine

172 593 226 641 me
247 573 416 658 impetrari
444 596 512 642 non
542 575 717 644 difficulter
743 598 858 660 passus
880 599 968 644 sum:
998 598 1041 642 ne
1067 575 1147 660 quid
1198 572 1326 656 digessi,
1350 583 1388 640 ut
1409 573 1503 638 facile
1525 583 1699 658 appareret
1718 575 1841 640 malum
1863 597 1883 641 a
1903 577 1997 644 nobis
2014 599 2081 644 non
2098 601 2171 663 pro·

173 659 320 741 asperius
349 659 504 740 dicerem,
541 663 627 745 qued
655 664 794 730 maiores
823 666 1002 728 etiamnum
1035 662 1146 728 turbas
1198 656 1304 724 diisss.
1348 659 1525 743 Nunquam
1548 659 1665 726 melius
1686 661 1774 726 sensi
1791 669 1992 744 quantopere
2013 685 2073 730 nes
2094 686 2170 748 grs-

173 745 340 812 exeitaret
401 747 448 812 Et
478 746 540 814 heo
572 749 641 830 ipse
673 759 826 830 expetere
863 747 1043 828 videbatur,
1082 768 1146 831 quo
1198 755 1333 810 vasscnt
1354 746 1423 811 suis
1451 743 1669 812 delationibus
1696 747 1793 812 amici
1819 747 1924 812 nostri
1944 748 2169 838 Beruensesfl)

173 827 307 896 liberior
317 840 405 898 esset
414 831 588 898 adversum
601 855 660 900 nos
672 833 799 900 dicendi
811 835 908 901 loeus.
939 834 1146 916 Inesperant,
1197 851 1278 912 quos
1297 832 1390 896 nesti.
1434 830 1539 896 Nemo
1556 843 1627 896 erat
1644 841 1832 898 nostrorum
1849 835 1906 916 qui
1925 833 1966 900 de
1984 835 2170 902 innocentia

173 923 333 998 quantum
360 917 543 1002 intelligere
569 920 700 1004 potui²)
729 941 749 984 a
775 918 930 986 doctrino.
980 919 1146 986 Sciscitati
1196 927 1309 981 nostra
1326 914 1495 982 dubitaret.
1537 916 1712 982 vexabant
1732 939 1784 984 me
1807 927 1918 984 tamar
1940 919 1980 985 de
2002 921 2168 1005 symbolis,

173 1002 262 1066 enim
284 1010 370 1081 suut,
393 1002 551 1087 numquid
577 1005 613 1070 in
640 1027 679 1070 ea
705 1027 801 1088 quam
830 1005 1054 1088 praedicamus
1080 1003 1145 1072 fide
1196 999 1281 1082 qued
1300 1002 1502 1068 subscribere
1519 1001 1745 1082 noluissemus,
1764 1025 1864 1086 quum
1884 1004 1917 1068 id
1936 1006 2006 1071 sine
2022 1007 2168 1089 periculo

174 1084 383 1154 desideraret.
427 1089 489 1154 Ille
510 1088 551 1154 de
572 1091 671 1156 certis
699 1089 858 1174 capitibus
888 1090 1034 1169 contulit,
1062 1111 1144 1174 quae
1196 1095 1296 1164 esset,
1336 1109 1373 1152 ac
1413 1107 1475 1152 nes
1506 1109 1626 1172 magna
1663 1089 1844 1172 suspicione
1875 1091 2018 1156 eximere
2051 1101 2167 1174 posset

174 1171 287 1238 ordine
308 1186 520 1241 recensentur
540 1176 575 1240 in
605 1177 685 1242 actis
712 1197 795 1259 quae
823 1193 937 1260 postea
962 1177 1145 1259 perscripta
1196 1170 1380 1238 Consilium
1417 1194 1495 1256 ergo
1534 1185 1684 1239 nostrum
1722 1196 1788 1240 une
1831 1195 1888 1240 ore
1930 1176 2164 1260 improbabant.

173 1267 311 1322 suntet
339 1269 451 1325 nostra
479 1261 715 1344 subscriptione
738 1262 953 1346 comprobata
998 1259 1144 1326 Indead
1196 1257 1288 1324 Haec
1317 1258 1450 1324 absente
1480 1257 1599 1324 Corolo.
1642 1259 1788 1344 Rogavit
1816 1260 1931 1328 deinde
1959 1261 2113 1330 Bueeros
2131 1271 2168 1330 ut

173 1344 243 1410 eius
275 1343 488 1410 defectionem
516 1345 768 1425 descenderunt,
800 1368 883 1430 quae
910 1354 982 1412 erat
1010 1347 1143 1430 epitasis
1196 1363 1235 1406 ea
1256 1345 1366 1408 omnia
1387 1353 1536 1408 netmem
1557 1343 1593 1408 in
1618 1345 1735 1426 quibus
1761 1346 1959 1429 deliquisset.
2002 1347 2044 1412 Id
2065 1349 2166 1416 nolui.

173 1429 316 1496 sedenis.
350 1429 495 1496 (leuatus
512 1440 562 1498 est
579 1432 684 1498 medis
701 1434 852 1500 omnibus
870 1453 1033 1500 excusare.
1070 1431 1143 1496 lae-
1194 1427 1347 1492 Habebat
1378 1429 1467 1494 enim
1498 1450 1627 1512 semper
1659 1431 1781 1513 aliquid
1814 1453 1877 1514 qno
1905 1433 1957 1498 vel
1984 1433 2167 1502 elaberetur

171 1513 264 1580 tabat
284 1516 372 1580 euim
392 1517 605 1584 iustissimam
626 1540 758 1584 eausam
780 1541 816 1584 se
835 1519 928 1584 initio
949 1527 1063 1584 contra
1083 1538 1143 1582 nos
1195 1513 1249 1578 vel
1270 1522 1465 1579 extenuaret
1486 1513 1650 1580 delictum.
1695 1515 1835 1597 Quande
1856 1518 1957 1602 igitur
1979 1517 2063 1584 nibil
2091 1541 2166 1604 pro-

171 1603 365 1683 suseepisse:
387 1624 454 1668 nen
475 1605 562 1670 onim
584 1604 733 1686 protinus
752 1603 793 1670 ad
811 1605 1050 1670 accusationem
1068 1624 1142 1687 pro·
1193 1597 1341 1664 futurum
1364 1622 1417 1665 me
1438 1598 1590 1666 videbam
1610 1621 1649 1666 ea
1665 1603 1801 1680 ratione,
1823 1605 1992 1686 praetexui
2011 1627 2063 1670 me
2080 1606 2166 1672 uelle

171 1685 314 1767 rupisse,
351 1688 406 1754 sed
447 1689 549 1754 amice
580 1690 764 1771 postulasse
797 1700 836 1756 ut
867 1689 1143 1756 subscriberemus
1193 1685 1356 1750 iustruere
1377 1695 1491 1750 eontra
1510 1707 1585 1750 eum
1608 1688 1862 1752 accusationem:
1884 1691 1963 1754 satis
1979 1691 2063 1756 mibi
2085 1713 2165 1772 esse,

171 1771 276 1836 tribus
298 1772 467 1857 symbolis:
495 1795 555 1840 nes
576 1795 661 1840 vero
687 1795 753 1840 neu
775 1785 906 1840 tantum
935 1775 1141 1852 detrectasse,
1194 1769 1222 1834 si
1244 1791 1279 1834 se
1300 1791 1450 1854 peccasse
1469 1771 1676 1853 profiteretur
1704 1795 1745 1838 ex
1773 1775 1890 1838 animo.
1934 1774 2060 1842 Verum
2087 1779 2165 1860 quia

170 1855 228 1924 sed
260 1878 396 1924 vexasse
428 1858 541 1926 multis
573 1861 741 1927 cachinnis
772 1861 920 1946 symbola
950 1860 1022 1938 illa,
1059 1881 1142 1943 quae
1194 1855 1320 1920 exitum
1341 1856 1424 1922 mibi
1445 1857 1513 1922 iere
1535 1855 1699 1924 difficilem
1719 1858 1938 1942 providebam,
1960 1861 2043 1926 nihil
2060 1863 2165 1946 magis

170 1953 328 2026 perpetua
349 1944 507 2011 bonorum
535 1948 747 2013 consensione
776 1949 985 2012 autoritatem
1012 1947 1142 2012 firmam
1194 1942 1350 2024 urgebam
1372 1963 1471 2026 quam
1493 1953 1530 2006 ut
1551 1944 1621 2008 sine
1642 1965 1695 2008 me
1723 1944 1951 2029 transigerent.
1993 1946 2086 2012 Nibil
2111 1969 2165 2016 me

170 2029 206 2092 in
232 2029 370 2096 ecclesia
396 2051 525 2114 semper
552 2032 743 2098 habuerant.
787 2033 1000 2114 Exceperunt
1028 2032 1142 2110 nestri,
1194 2027 1280 2092 velle
1312 2027 1484 2110 impedire,
1517 2026 1612 2094 modo
1644 2051 1687 2094 ne
1714 2030 1865 2096 assentiri
1897 2052 2037 2115 cogerer.
2091 2032 2164 2100 Hoc

170 2133 238 2178 non
259 2125 370 2180 minen
396 2116 495 2184 luisse
522 2117 571 2182 illi
599 2139 732 2184 causam
753 2139 813 2184 eur
834 2115 874 2182 ad
898 2117 1040 2200 papistas
1062 2117 1143 2182 defi·
1194 2113 1271 2194 quia
1292 2114 1523 2179 existimabant
1543 2135 1615 2180 esse
1636 2115 1922 2198 impedimentum,
1950 2140 2016 2184 non
2033 2137 2163 2186 concas

171 2207 265 2264 cerat
310 2199 440 2268 Deinde
468 2204 672 2270 severissime
700 2204 894 2288 castigatum
922 2203 1043 2268 hortati
1064 2211 1143 2269 sunt
1193 2207 1316 2263 serunt
1362 2197 1511 2265 Conleeti
1531 2220 1610 2283 ergo
1632 2209 1712 2266 sunt
1732 2201 1862 2268 articuli
1887 2203 1922 2266 in
1943 2203 2061 2285 quibus
2081 2225 2163 2270 non·

170 2284 211 2350 ad
232 2286 498 2368 resipiscentiam.
550 2287 663 2370 Quum
692 2299 825 2355 vocatus
852 2309 960 2354 essem
988 2288 1142 2373 respondi
1193 2283 1285 2348 nulla
1296 2285 1366 2367 ipse
1383 2283 1575 2366 deprecatus
1592 2293 1651 2365 est,
1662 2288 1690 2370 9)
1708 2308 1791 2369 quac
1808 2287 1878 2352 eius
1895 2297 2012 2372 rogatu
2029 2288 2165 2354 fuerunt

170 2370 212 2436 ad
228 2371 300 2436 eius
317 2371 450 2438 obieeta.
493 2375 540 2438 Et
561 2375 703 2457 primum
725 2375 856 2458 quidem
878 2384 980 2440 tetam
1001 2395 1081 2452 rem,
1103 2381 1142 2438 ut
1193 2379 1367 2451 expuncta.
1419 2371 1505 2436 Tum
1526 2369 1568 2436 ad
1590 2393 1643 2436 rue
1664 2373 1755 2438 missi
1777 2373 1909 2438 fuerunt
1929 2373 2037 2440 mults
2057 2381 2161 2442 necta

170 2469 249 2534 orat,
278 2457 319 2523 ab
347 2458 442 2523 initio
464 2461 609 2541 exposui
654 2461 706 2526 De
728 2459 884 2546 symbolis
905 2481 966 2526 nos
987 2481 1139 2544 purgare,
1193 2453 1306 2534 Quum
1328 2454 1490 2540 legissem,
1520 2477 1585 2520 uno
1611 2456 1681 2522 loce
1709 2459 1755 2524 sic
1782 2459 1831 2522 fui
1858 2465 2095 2539 consternatus,
2123 2470 2162 2528 ut

169 2542 266 2626 paulo
292 2543 355 2608 fuit
381 2543 552 2610 difficilius.
564 2547 593 2629 3)
642 2546 725 2612 Erat
754 2547 842 2612 enim
869 2543 954 2610 illud
981 2545 1139 2622 odiosum,
1192 2561 1258 2606 nen
1279 2541 1486 2606 meminerim
1514 2549 1583 2606 toto
1611 2540 1672 2608 hoe
1700 2563 1785 2608 auno
1810 2543 1926 2608 maiori
1953 2545 1988 2609 in
2015 2565 2162 2612 moerere

169 2649 229 2692 nes
250 2647 289 2692 ea
310 2628 506 2712 repudiasse,
535 2652 618 2714 quae
640 2653 740 2714 quum
763 2633 863 2696 tetius
890 2631 1045 2696 eeclesiae
1072 2631 1140 2696 sul·
1191 2625 1299 2690 fuisse.
1350 2626 1513 2692 Postridie
1541 2648 1638 2692 mane
1670 2629 1785 2694 vocavi
1817 2627 1859 2694 ad
1890 2649 1943 2694 mo
1976 2628 2160 2698 Stamiom.

168 2713 282 2797 fragiis
303 2714 370 2780 sint
390 2723 520 2799 recepta
536 2726 630 2782 extra
646 2717 900 2784 controversiam
922 2737 994 2782 esse
1011 2715 1137 2782 debent.
1190 2711 1347 2778 Dolorem
1368 2712 1417 2776 illi
1437 2733 1549 2778 meum
1570 2713 1714 2795 expuam.
1758 2713 1887 2778 Retulit
1914 2713 1970 2780 ille
1997 2714 2039 2779 ad
2060 2715 2161 2782 Buce·

169 2797 367 2882 Quanquam
387 2801 422 2866 id
448 2823 575 2884 quoque
603 2801 728 2868 diluere
755 2812 944 2886 promptum
970 2810 1050 2880 erat,
1079 2823 1139 2868 nes
1190 2817 1271 2862 ram.
1294 2796 1521 2864 Condixcrunt
1531 2797 1614 2862 mihi
1625 2798 1740 2864 horam
1750 2799 1786 2864 in
1797 2797 1930 2865 aedibus
1943 2799 2105 2881 Matthiae,
2118 2803 2160 2886 ¹⁰)

168 2905 235 2950 non
262 2887 438 2969 respuisse,
467 2888 572 2952 multo
599 2889 708 2954 nunus
735 2889 951 2972 improbasse,
980 2887 1038 2956 sed
1064 2887 1138 2952 ideo
1190 2903 1255 2965 qua
1281 2905 1478 2966 exponerem
1506 2883 1584 2967 quid
1611 2905 1664 2950 me
1690 2893 1852 2967 gravaret.
1906 2884 1981 2950 Illic
2014 2888 2161 2968 graviter

167 2977 295 3036 tantum
327 2970 524 3040 detrectasse
563 2973 835 3058 subscriptionem
867 2994 910 3038 ne
941 2973 1013 3054 ille,
1053 2972 1139 3056 qued
1190 2969 1321 3051 peccavi
1343 2968 1428 3051 quod
1454 2989 1522 3034 non
1547 2969 1640 3052 potui
1668 2969 1802 3036 modum
1829 2977 1949 3034 tenere.
1991 2969 2045 3035 Ita
2072 2972 2160 3038 enim

168 3063 367 3138 captaverat,
385 3055 425 3122 de
442 3058 622 3124 ministerio
638 3071 749 3124 nostro
766 3061 995 3144 triumpharet
1021 3060 1138 3124 Mane·
1190 3063 1293 3120 totam
1315 3063 1460 3120 mentem
1481 3075 1589 3120 meam
1618 3065 1832 3137 occupaverat
1854 3055 1928 3122 bilis
1949 3061 1987 3120 ut
2007 3056 2096 3120 omni
2118 3077 2160 3124 ex

166 3139 224 3206 bat
240 3149 352 3206 tamur
369 3163 498 3227 semper
515 3144 638 3228 aliquid
655 3143 806 3210 invidiae.
840 3145 1041 3211 Praesertim
1058 3165 1137 3212 vero
1189 3147 1282 3220 parte
1304 3140 1513 3206 acerbitatem
1535 3139 1745 3206 effunderem.
1794 3141 1840 3206 Et
1860 3151 1931 3206 erat
1951 3159 2029 3208 sane
2051 3141 2160 3224 aliqua

166 3225 202 3291 id
218 3229 364 3293 favorem
381 3228 431 3292 illi
448 3230 646 3310 conciliabat,
665 3229 752 3314 quod
769 3231 866 3314 paulo
884 3241 1059 3314 antequam
1077 3251 1138 3295 nos
1190 3224 1425 3308 indignationis
1456 3244 1555 3292 eausa
1585 3225 1615 3290 si
1647 3224 1794 3291 adbibita
1825 3225 1941 3292 luisset
1971 3225 2158 3294 moderatio.

166 3320 318 3380 vexasset
337 3322 485 3396 receptus
506 3315 615 3381 luerat
635 3317 671 3380 in
692 3317 912 3381 ministerium
934 3315 1098 3395 Claudios,
1108 3317 1136 3397 ⁴)
1189 3310 1545 3394 Expostulabamquod
1557 3309 1742 3378 Caroloiam
1754 3311 2160 3395 abiturientedefungendi

167 3419 264 3482 quem
296 3397 463 3464 constabat
493 3401 534 3466 ab
566 3403 714 3467 omnibus
744 3402 887 3468 ecelesiis
914 3402 1014 3466 fuisse
1043 3403 1138 3468 toties
1189 3399 1376 3480 eausam¹¹)
1393 3397 1465 3463 illos
1485 3396 1639 3464 articulos
1658 3395 1737 3462 mibi
1755 3396 1959 3475 obtulissent,
1981 3396 2066 3478 quod
2083 3417 2158 3480 pro-

165 3483 238 3549 iure
270 3481 468 3550 damnatum.
529 3487 635 3571 Ergo,
666 3487 798 3552 tametsi
829 3487 992 3552 malitiose
1023 3488 1137 3553 secisse
1189 3481 1384 3548 nunciarent
1418 3483 1518 3548 bones
1549 3482 1611 3549 sibi
1646 3481 1747 3551 videri
1779 3503 1832 3548 me
1871 3480 2033 3561 inaudito,
2073 3482 2159 3564 quod

166 3568 274 3652 ipsum
292 3569 511 3650 ostendebam,
534 3573 661 3638 efficere
679 3595 744 3638 nen
761 3574 851 3656 potui
870 3593 912 3637 ne
929 3583 1137 3655 praetextum
1190 3567 1353 3630 sententia
1378 3567 1443 3632 iam
1472 3569 1539 3634 latu
1566 3569 1837 3652 subscriptionem
1865 3589 1886 3633 a
1916 3588 1969 3632 me
1999 3574 2159 3648 Psslel'ssssb

166 3655 307 3738 aliquem
339 3654 530 3739 habuisse⁵)
557 3658 727 3724 videretur
754 3680 814 3726 nos
841 3656 1029 3741 impetendi.
1084 3657 1137 3722 De
1189 3652 1326 3734 quamsi
1339 3671 1523 3718 recusarem
1540 3653 1613 3720 illos
1631 3653 1834 3720 adversarios
1852 3673 1956 3718 essem
1974 3651 2156 3720 habiturus.

165 3740 351 3824 battalcgiis
372 3742 559 3808 satisfacere
585 3765 696 3808 meum
723 3745 794 3808 suit.
837 3745 910 3827 Ege
939 3764 1017 3809 vere
1046 3743 1137 3809 nullo
1189 3737 1257 3802 Res
1288 3744 1398 3802 tamen
1427 3738 1498 3820 ipsa
1524 3740 1696 3822 praecipue
1723 3761 1774 3804 me
1802 3737 2038 3816 commovebat,
2071 3737 2157 3819 quod

165 3827 296 3909 negotio
323 3827 531 3910 comprobavi
540 3831 568 3909 ⁶)
596 3849 666 3894 esso
692 3829 760 3896 illie
787 3829 1005 3913 battologiam,
1050 3829 1137 3894 Gon·
1188 3821 1255 3886 illie
1277 3821 1404 3887 dicebat
1428 3821 1561 3890 Carolus
1587 3845 1622 3888 se
1649 3823 1874 3890 commendare
1896 3823 2036 3888 Domino
2058 3823 2158 3888 offen·

165 3912 270 3977 tessus
292 3920 402 3978 tamen
424 3935 507 3990 sum,
528 3935 581 3978 me
603 3937 669 3980 non
686 3916 785 3980 fuisse
802 3915 965 3981 dicturum
985 3915 1048 3981 nisi
1066 3915 1137 3980 eius
1188 3908 1294 3974 siones
1306 3909 1423 3991 quibus
1434 3909 1592 3990 impulsus
1603 3908 1644 3974 ad
1662 3909 1872 3976 desectionem
1889 3909 2004 3984 fuerat,
2022 3906 2157 3992 ideoque

165 3997 372 4079 improbitate
382 4009 511 4065 coaetus
522 4000 665 4066 fuissem.
693 3999 760 4066 Sed
771 3999 1136 4071 volumencenscribere
1188 3991 1415 4060 commendare
1447 3993 1533 4077 quod
1564 4015 1605 4059 ex
1637 4003 1729 4076 parte
1761 3994 1804 4060 ad
1836 3994 1914 4060 ulios
1944 3993 2155 4074 pertinerent.

166 4103 250 4165 opus
267 4093 360 4158 esset,
380 4085 408 4148 si
425 4086 546 4152 referre
564 4086 675 4150 omnia
692 4086 818 4152 vellem.
857 4085 1030 4152 Summam
1048 4087 1136 4152 enim
1188 4078 1345 4144 Clausala
1372 4081 1526 4145 orationis
1553 4100 1645 4144 meae
1673 4080 1749 4144 luit:
1782 4079 1863 4144 mibi
1889 4077 2055 4144 decretum
2083 4099 2155 4146 esse

1188 4165 1295 4247 potius
1307 4165 1413 4247 perire
1425 4187 1521 4248 quam
1533 4163 1614 4230 illud
1625 4165 1805 4248 obsignare.
1842 4163 2152 4230 Illictantusutrin·

228 4321 235 4333 ⁹
268 4253 298 4318 2)
315 4251 392 4334 lirae
409 4251 502 4335 elicere
515 4253 610 4335 pesas
627 4255 790 4324 conoquium
806 4255 900 4324 ipson
917 4273 975 4310 ace
991 4257 1034 4311 tta
1050 4263 1135 4326 sanc
1187 4272 1249 4332 que
1271 4251 1379 4316 fervor
1399 4249 1473 4330 suit,
1503 4259 1541 4315 ut
1561 4272 1626 4315 non
1649 4251 1763 4316 fuerim
1792 4249 1920 4314 futurus
1947 4249 2091 4332 asperior
2117 4251 2154 4316 in

165 4327 263 4401 mit&
279 4327 310 4376 “l
327 4340 359 4378 Μ
372 4323 652 4404 ΜΨΜΜΡΝΜ
667 4331 717 4405 ent,
737 4325 784 4378 Μ
800 4327 890 4394 ’naal'
907 4325 1053 4406 demtum
1066 4341 1135 4405 2'0·
1188 4333 1336 4406 Carnum
1357 4335 1474 4418 ipsum,
1497 4337 1525 4400 si
1547 4336 1711 4402 adfuisset.
1762 4331 1908 4400 Tandem
1934 4335 2077 4417 proripui
2100 4355 2153 4400 me

165 4392 576 4530 fflffiffiwpssffiffm
594 4392 726 4448 σάω
749 4409 848 4450 mmm
870 4395 1044 4464 mmm
1064 4401 1136 4450 “m
1188 4441 1229 4486 ex
1251 4421 1434 4487 coenaculo.
1478 4419 1646 4504 Sequatus'
1661 4428 1711 4486 est
1731 4419 1883 4498 Bueeras,
1906 4419 1960 4502 qui
1981 4429 2153 4501 postquam

269 4528 299 4594 3)
318 4529 442 4584 Prirrrum
457 4534 616 4600 acripmot:
634 4531 673 4585 Dc
685 4533 815 4602 symbolis
833 4532 936 4585 diluere
954 4533 1044 4585 studui
1063 4533 1135 4601 quod
1188 4529 1240 4604 ¹¹¹9
1271 4507 1341 4571 suis
1374 4507 1576 4572 ⁸⁰¹'ffl0nibus
1609 4505 1788 4589 mitigal'ite
1820 4504 1956 4569 retraxit
1988 4505 2028 4568 ad
2061 4505 2149 4566 ”15⁰⁵-

167 4605 227 4651 erat
251 4601 367 4652 maxime
391 4599 520 4652 odiosum.
555 4600 613 4653 Nos
635 4601 682 4652 illo
706 4602 840 4670 respuisse
864 4602 968 4670 negavi.
1008 4602 1083 4668 Quae
1105 4603 1135 4654 a'u
1187 4591 1268 4655 Dixi
1289 4612 1343 4655 me
1364 4591 1448 4656 Velle
1471 4591 1609 4673 amplius
1634 4590 1838 4656 considerare
1859 4599 2033 4672 antequam
2054 4587 2150 4668 plane

165 4667 310 4804 affiget
336 4667 423 4722 deleto
447 4684 504 4721 aea
530 4667 655 4738 loquatur
680 4669 709 4722 e'a
736 4671 920 4738 apographis,
948 4685 1032 4738 neque
1059 4669 1135 4738 apud
1186 4675 1425 4775 sogpoqqerom,
1486 4676 1552 4742 Ubi
1584 4675 1716 4740 domum
1737 4675 1841 4774 'redii’
1878 4685 2043 4774 &Pramus
2075 4691 2150 4734 sum

268 4803 299 4867 4,
319 4804 497 4872 ommim
515 4819 590 4858 „m
606 4799 637 4858 p„
653 4806 1135 4870 aprchaeasamaarerqrv.145
1186 4760 1328 4826 mrrabilr
1360 4782 1569 4846 paroxysmo,
1610 4783 1670 4826 nec
1703 4761 1789 4826 aliud
1822 4760 1927 4828 solutu
1963 4756 2149 4822 occurrebat

165 4879 220 4928 m
239 4871 298 5004 led)
316 4941 330 4994 1
346 4941 425 4996 could
442 4949 492 4994 not
507 4941 571 4994 take
589 4957 666 5012 avsy
683 4941 753 4995 from
775 4943 831 4996 bim
854 4959 937 5013 every
959 4948 1070 5012 pretext
1091 4943 1134 4997 lor
1262 4884 1506 5052 ῇοθΐῦρῆα
1523 4933 1623 5052 oddm’
1642 4936 1667 4985 el
1681 4938 1743 5000 1³⁰⁸!
1759 4945 1792 4986 ea
1808 4929 1916 5000 Atella!
1931 4923 1996 4982 GM·
2013 4925 2054 4980 fl&

165 5010 516 5150 ιὶιιὼῐ11ῗ1ιιῗιιοιιιιιιιιι
533 5077 603 5132 bare
619 5077 633 5132 1
649 5078 782 5133 admitted
804 5079 866 5134 tbat
887 5079 966 5132 tbere
989 5096 1046 5132 was
1068 5079 1134 5133 bere
1288 5001 1319 5130 9))
1336 5001 1723 5137 bdnbsguldfgilfflffissflelss

166 5163 220 5219 any
237 5147 340 5202 molest
356 5148 496 5220 bettolegy
513 5153 560 5204 ac.
578 5147 651 5216 quod
667 5162 701 5204 ea
718 5147 850 5204 dumeto
865 5148 1013 5203 emuntur
1028 5149 1136 5204 euteria
1273 5135 1319 5202 10)
1338 5135 1426 5217 Zflbjt'·
1730 5207 1736 5217 Ι

164 5223 308 5286 repugnet.
1272 5206 1319 5272 ll)
1338 5220 1377 5261 ase
1394 5221 1424 5259 en
1441 5203 1591 5276 archetype.
1629 5201 1747 5262 Oneum.-
1763 5219 1848 5258 musa
