4804 6012
255 355 318 438 ree
1140 348 1373 428 cossura.
1649 369 1660 394 ·
2198 357 2261 418 ιιι

254 550 430 612 consonat:
464 541 621 609 Deletum
649 541 750 606 ιἰιὶιιι
778 539 814 604 in
843 559 942 614 earne
963 537 1229 622 chirographum,
1283 537 1402 620 spiritu
1425 537 1548 622 gustari
1571 543 1678 621 potest
1700 539 1770 604 eius
1791 537 1929 604 bonitas.
1962 537 2000 606 Si
2022 541 2096 624 quis
2117 541 2261 622 obiiciat,

253 625 343 713 quod
372 638 445 694 erat
473 627 673 696 contrarium
699 625 793 692 nobis
822 625 958 708 (oola,
981 627 1044 707 14).
1103 622 1231 690 Solutio
1283 623 1366 688 nihil
1394 623 1499 708 igitur
1527 623 1668 706 amplius
1695 635 1820 690 restare
1849 623 2015 704 fidelibus,
2053 626 2141 692 unde
2171 627 2262 693 certo

254 715 343 785 enim
366 715 420 782 vel
441 713 663 797 compensatio
685 719 827 790 notatur,
849 732 1009 794 quaenos
1027 719 1156 776 creatu
1174 710 1231 775 ab·
1284 707 1503 798 adoptionem·
1525 729 1619 774 suam
1652 713 1839 776 aestiment:
1872 710 2068 794 respondeo,
2107 713 2263 797 quamvis

254 799 362 868 solvit:
400 801 562 885 Magnum
584 808 618 866 et
639 798 693 864 his
715 797 824 864 verbis
840 797 938 876 Pauli
955 797 1067 863 subest
1087 782 1231 879 pondus:
1283 815 1405 878 magna
1425 797 1470 860 sit
1494 795 1672 860 similitudo
1694 803 1728 866 ιι
1750 797 1894 862 affinitas
1916 797 2012 862 inter
2035 797 2099 862 Dei
2129 799 2260 878 eleetos,

255 885 294 955 Si
314 887 532 960 iustificamur
553 907 594 952 ex
616 882 767 966 operibus
787 883 879 967 legis,
902 903 980 966 ergo
1003 881 1231 967 gratisOhris·
1284 889 1317 945 et
1338 881 1394 964 qui
1415 879 1479 947 lide
1501 881 1621 946 caduca
1642 881 1684 946 ad
1706 891 1836 966 tempus
1859 881 2037 962 donamur,
2068 877 2181 968 sigere
2211 893 2262 950 ta·

253 979 308 1040 tus
330 979 478 1038 mortuus
500 978 550 1036 est
572 967 661 1056 (Gal.
681 973 710 1049 2,
731 970 798 1054 21).
841 969 928 1034 Nam
950 967 1027 1034 liine
1048 967 1231 1050 colligimus
1283 987 1359 1032 men
1378 966 1414 1030 in
1436 967 1515 1033 solis
1537 966 1649 1034 electis
1670 966 1823 1034 fiduciam
1852 967 1959 1048 illam,
1988 989 2085 1052 quam
2116 970 2264 1038 celebrat

255 1057 429 1126 aOhristo·
441 1055 623 1141 petendum¹
638 1075 718 1135 esse,
741 1055 827 1138 quod
847 1055 903 1120 lex
926 1055 1090 1120 confer-ret
1112 1054 1231 1136 siquis
1282 1052 1424 1131 Paulus,
1454 1060 1491 1116 ut
1512 1051 1609 1135 placo
1631 1073 1688 1118 ore
1710 1055 1866 1120 clament:
1901 1055 1998 1120 Abba
2018 1056 2121 1120 Pater
2144 1057 2260 1140 (Rom.

254 1165 328 1210 eam
349 1143 499 1227 impleat:
529 1142 592 1222 vel,
615 1141 701 1226 quod
723 1137 809 1206 ide'm
832 1149 891 1216 est,
916 1147 974 1206 bos
997 1139 1150 1222 consequi
1171 1159 1231 1222 per
1283 1144 1312 1217 8,
1336 1143 1390 1218 15;
1413 1137 1487 1204 Gal.
1506 1146 1535 1218 4,
1555 1139 1600 1217 6).
1643 1141 1735 1224 Ergo
1757 1148 1795 1204 ut
1816 1141 1901 1206 solos
1923 1140 2041 1208 eleetos
2059 1142 2186 1208 semine
2207 1143 2261 1208 in·

180 1306 184 1316 ,
254 1227 380 1296 christi
402 1229 552 1318 gratiam,
576 1227 663 1312 quod
680 1225 773 1294 Deus
790 1227 942 1309 operibus
959 1221 1082 1292 nost'ris
1100 1228 1135 1290 in
1156 1223 1229 1309 lege
1282 1223 1485 1307 corruptibili
1509 1225 1598 1290 Deus
1619 1225 1655 1289 in
1677 1223 1872 1310 perpetuum
1890 1235 2080 1311 regenerat,
2111 1234 2148 1292 ιιι
2170 1251 2260 1292 nun·

252 1315 418 1399 promisit:
452 1313 518 1395 Qui
540 1315 654 1382 feeerit
675 1311 766 1391 haee,
788 1313 882 1380 vivet
902 1313 937 1376 in
959 1312 1038 1395 ipsis
1060 1312 1157 1396 (Les.
1180 1315 1228 1389 18,
1280 1329 1378 1392 quam
1397 1299 1560 1393 dispercat
1577 1331 1689 1376 semen
1706 1313 1918 1377 vitaeeorum
1934 1313 2084 1378 cordibus
2101 1313 2259 1380 insitum:

253 1401 298 1484 5).
336 1399 462 1466 Eodem
485 1408 612 1483 spectat
633 1398 718 1483 quod
735 1407 852 1482 postea
872 1397 988 1464 tradit:
1010 1399 1102 1464 Deus
1123 1397 1229 1462 lilium
1280 1395 1330 1460 ita
1351 1395 1452 1462 solide
1474 1397 1596 1462 inillis
1617 1396 1770 1482 obsignat
1797 1396 1978 1480 adoptionis
2006 1419 2084 1466 suae
2106 1400 2259 1483 gratiam,

253 1509 350 1554 suum
383 1487 475 1552 misit
507 1485 573 1570 legi
601 1485 800 1562 subiectum,
833 1492 873 1548 ut
899 1505 954 1549 eos
981 1485 1038 1566 qui
1066 1482 1127 1548 sub
1155 1483 1229 1566 lege
1281 1490 1326 1546 ιιι·
1344 1482 1470 1548 stabilis
1495 1490 1528 1547 et
1553 1490 1627 1548 rata
1656 1484 1707 1548 sit.
1765 1481 1832 1550 Sed
1869 1483 1929 1550 hoe
1965 1485 2100 1550 minime
2136 1486 2259 1565 obstat,

254 1580 350 1640 erant
377 1571 554 1638 redimeret
581 1571 672 1655 (Gal.
690 1577 720 1648 4,
740 1571 784 1654 5).
836 1568 1001 1650 Quorsum
1033 1569 1121 1634 enim
1152 1567 1228 1633 sub·
1281 1567 1359 1650 quin
1381 1567 1440 1632 illa
1459 1568 1593 1634 inferior
1610 1570 1744 1651 spiritus
1762 1570 1907 1652 operatio
1928 1592 2060 1636 cursum
2082 1591 2179 1636 suum
2197 1567 2262 1638 ha-

253 1659 349 1724 ieetio
370 1658 470 1735 haee,
499 1659 563 1722 nisi
585 1657 670 1740 quod
693 1656 852 1722 iustitiam
875 1656 969 1720 nobis
991 1656 1126 1738 peperit,
1154 1677 1228 1720 sus·
1280 1653 1357 1718 beat
1385 1655 1483 1720 etiem
1512 1654 1548 1718 in
1577 1655 1732 1739 reprobis.
1791 1655 1924 1722 Interea
1952 1655 2111 1722 docentur
2141 1657 2260 1724 fideles

253 1746 378 1828 oipieus
399 1741 633 1828 praestandum
655 1742 709 1810 oni
731 1763 790 1808 nos
812 1741 968 1808 solvendo
986 1763 1051 1806 non
1074 1738 1226 1814 eramus?
1281 1739 1418 1805 sollicite
1441 1747 1474 1804 et
1493 1739 1661 1806 humiliter
1682 1763 1717 1806 se
1738 1741 1826 1826 ipsos
1849 1749 2011 1820 excutere,
2034 1764 2076 1808 ne
2096 1763 2156 1828 pro
2178 1743 2261 1809 fidei

252 1829 344 1896 Hinc
365 1829 423 1896 illa
443 1830 587 1894 iustitiae
609 1829 781 1912 imputatio
804 1828 876 1892 sina
898 1827 1066 1910 operibus,
1095 1825 1135 1890 de
1163 1845 1229 1908 qua
1280 1825 1477 1891 certitudine
1498 1827 1640 1910 obrepat·
1653 1827 1762 1893 carnis
1783 1827 1949 1894 secentas.
1983 1827 2078 1893 Adde
2098 1829 2187 1912 quod
2206 1851 2262 1895 re-

253 1916 378 1982 Paulus
401 1915 533 1981 disserit
555 1915 666 1990 (Rom.
686 1919 736 1994 4):
770 1914 845 1996 quia
864 1913 987 1979 scilicet
1015 1922 1147 1996 aecepta
1168 1933 1228 1976 no·
1280 1910 1374 1994 probi
1396 1933 1565 1994 nunquam
1593 1933 1726 1978 sensum
1755 1913 1882 1997 gratiae
1908 1913 1974 1980 nisi
1994 1915 2127 1980 confuse
2149 1916 2261 1998 perei-

251 2000 303 2066 bis
324 2001 430 2068 fertur
451 2021 535 2084 quae
557 2001 594 2064 in
615 2000 683 2066 solo
702 1999 834 2066 Christo
856 2007 988 2080 reperta
1009 1998 1072 2063 init
1092 1999 1227 2063 iustitia.
1280 1998 1387 2079 pient,
1410 2005 1449 2061 ut
1470 1997 1621 2064 umbram
1648 1999 1759 2082 potius
1786 1998 2036 2082 apprehendant
2057 2021 2156 2082 quam
2180 2002 2261 2066 soli-

251 2087 322 2154 Neo
343 2095 431 2154 certe
453 2087 517 2152 alia
536 2107 635 2152 eausa
657 2095 795 2152 vocatur
813 2105 887 2152 earo
898 2084 1026 2152 Christi
1044 2083 1134 2150 cibus
1151 2104 1227 2148 uos·
1281 2082 1360 2147 dum
1383 2103 1516 2166 eorpus:
1548 2085 1624 2166 quia
1645 2093 1851 2166 peccatorum
1872 2085 2098 2152 remissionom
2119 2087 2262 2169 spiritus

252 2182 304 2238 ιιι
326 2173 455 2257 (Ioann.
476 2177 505 2252 6,
525 2171 595 2257 55),
625 2171 689 2236 nisi
715 2173 793 2254 quia
819 2171 854 2236 in
876 2191 915 2236 ea
936 2171 1119 2252 reperimus
1141 2171 1228 2235 vitae
1279 2168 1411 2252 proprie
1432 2171 1468 2233 in
1486 2169 1563 2234 solis
1581 2169 1691 2236 electis
1710 2169 1868 2254 obsignat,
1887 2180 1926 2236 ut
1946 2193 2019 2236 cam
2041 2172 2175 2254 speciali
2193 2173 2262 2239 lide

252 2259 478 2326 substantiam.
526 2258 579 2322 Ea
606 2279 702 2340 porro
731 2257 782 2323 vis
809 2278 877 2322 non
901 2253 1035 2322 aliunde
1066 2256 1227 2339 provenit,
1280 2255 1315 2318 in
1345 2276 1440 2320 usum
1470 2277 1579 2320 suum·
1593 2251 1766 2338 applicent.
1818 2257 1938 2321 Merito
1967 2265 2079 2338 tamen
2101 2257 2263 2326 dicuntur

230 2344 319 2412 ,nisi
339 2347 415 2426 quia
432 2341 632 2410 in'iustitiae
654 2351 784 2408 nestrae
806 2343 947 2426 pretium
969 2342 1144 2407 crucifixus
1166 2341 1229 2405 fui:
1280 2340 1410 2423 reprobi
1434 2339 1545 2408 Deum
1573 2341 1705 2407 eredere
1727 2341 1788 2406 sibi
1810 2343 2003 2426 propitium,
2034 2344 2111 2426 quia
2133 2343 2262 2412 donum

252 2431 342 2496 filius
364 2423 437 2496 Dei.
482 2427 579 2494 Sicut
600 2429 679 2494 dicit
700 2429 840 2504 Paulus,
868 2427 955 2510 quod
977 2449 1013 2494 se
1030 2427 1139 2510 ipsum
1160 2435 1228 2492 tra-
1280 2426 1559 2506 rccouciliationis,
1579 2427 1656 2492 lieet
1670 2428 1803 2492 confuse
1824 2441 1885 2494 nee
1900 2429 1981 2494 satis
1997 2429 2161 2510 distincte,
2185 2451 2261 2497 sus·
2356 2480 2361 2495 .

253 2515 373 2581 diderit
412 2516 607 2582 sacrificium
646 2516 682 2580 in
721 2514 853 2580 odbrem
877 2515 991 2580 bonae
1030 2514 1228 2597 fragrantiae
1281 2512 1424 2595 cipiunt:
1455 2533 1522 2576 non
1544 2513 1629 2596 quod
1652 2512 1705 2578 vel
1727 2513 1873 2578 eiusdem
1895 2514 1981 2593 fidei,
2004 2514 2060 2580 vel
2081 2536 2261 2599 regenera-

253 2601 389 2688 (Ephes.
409 2603 502 2685 5,·2).
544 2602 592 2666 Et
619 2600 730 2665 alibi:·
745 2601 893 2666 Mortuus
916 2608 971 2664 est
998 2609 1132 2682 proptor
1153 2621 1228 2682 pec·
1281 2598 1379 2663 tionis
1401 2599 1576 2681 participes
1598 2599 1665 2664 sint
1687 2619 1761 2664 eum
1783 2599 1860 2665 filiis
1879 2601 1959 2680 Dei,
1989 2599 2047 2665 sed
2068 2603 2145 2684 quia
2168 2622 2262 2668 com·

223 2697 326 2754 ¹cata
358 2685 486 2764 riestra,
520 2695 554 2752 et
586 2687 767 2752 resurrexit
798 2693 932 2770 propter
963 2679 1229 2752 iustificationdm
1281 2702 1381 2748 mune
1403 2705 1478 2749 eum
1500 2685 1566 2750 illis
1587 2685 1784 2768 principium
1803 2685 1934 2752 habent.
1977 2685 2047 2752 Nee
2068 2707 2262 2773 amenego

171 2826 175 2836 .
251 2781 398 2840 nostram
422 2773 531 2857 (Rom.
550 2777 581 2850 4,
600 2773 665 2857 at).
715 2769 799 2836 In'de
827 2772 1013 2850 conficitur,
1041 2791 1108 2836 non
1132 2769 1228 2836 modo
1282 2771 1361 2852 quin
1390 2769 1456 2834 hue
1483 2791 1587 2852 usque
1617 2791 1729 2836 eorum
1758 2781 1891 2836 mentes·
1915 2770 2050 2836 irradiet
2078 2774 2190 2853 Deus,
2223 2783 2263 2840 ιιι

251 2880 312 2944 per
323 2859 494 2928 Christum
516 2858 656 2924 salutem
678 2859 772 2948 nobis
794 2855 905 2922 datam
923 2879 1002 2936 esse,
1025 2857 1083 2922 sed
1100 2865 1234 2940 patrem
1281 2857 1352 2920 eius
1374 2857 1514 2939 gratiam
1536 2864 1727 2940 agnoscant:
1765 2855 1822 2922 sed
1844 2878 1977 2924 sensum
1998 2857 2093 2924 illum
2116 2881 2136 2924 a
2157 2879 2263 2942 pecu-

251 2945 346 3012 nobis
368 2945 439 3010 eius
460 2945 567 3028 gratia
589 2965 678 3009 nunc
701 2965 772 3010 esse
793 2943 980 3027 propitium.
1016 2943 1105 3008 Nam
1126 2941 1230 3008 solide
1280 2941 1355 3006 liari
1376 2942 1576 3020 testimonio,
1606 2942 1692 3025 quod
1713 2941 1821 3008 reddit
1842 2944 1910 3010 suis
1933 2943 2054 3023 electis,
2076 2944 2123 3010 its
2141 2945 2263 3012 distin-

251 3030 290 3098 in
311 3053 349 3096 eo
367 3030 500 3113 impleri
521 3051 588 3096 non
611 3030 746 3096 dubium
764 3037 823 3107 est,
846 3029 932 3112 quod
953 3049 1012 3113 per
1029 3028 1151 3094 Isaiam
1168 3029 1229 3094 sub
1281 3028 1362 3111 guit,
1385 3033 1425 3091 ut
1447 3027 1488 3094 ad
1510 3025 1650 3092 solidum
1672 3029 1827 3096 effectum
1844 3037 1877 3096 et
1894 3030 2083 3096 fruitionem
2097 3052 2166 3096 non
2183 3053 2263 3116 per·

206 3167 214 3182 .
251 3117 689 3201 figurapronunoiatDeus:
711 3117 852 3198 Propter
866 3135 919 3180 ιιιι
937 3117 1062 3192 seciam,
1082 3123 1115 3178 et
1132 3133 1229 3196 prop·
1281 3113 1426 3178 veniant.
1469 3113 1545 3180 Non
1567 3115 1655 3180 enim
1677 3113 1750 3180 ideo
1772 3135 1808 3180 ιι
1829 3115 2009 3198 propitium
2031 3115 2097 3182 illis
2120 3115 2261 3186 demon·

252 3211 307 3268 ten
326 3201 437 3268 David
466 3223 598 3268 servum
627 3223 737 3268 mcum
767 3203 845 3286 (Ies.
865 3205 916 3278 37,
937 3203 1002 3280 35).
1056 3199 1159 3266 Ouios
1181 3199 1229 3264 rei
1281 3207 1373 3276 strat,
1397 3200 1572 3282 quievere
1594 3199 2262 3283 exmortecreptosineustodiamsuam

253 3289 397 3371 optimus
414 3288 508 3354 testis
529 3297 580 3352 ιιι
601 3288 775 3370 apostolus,
797 3308 900 3370 quum
922 3285 1015 3352 dicit:
1039 3281 1229 3350 Renu‘ttun·
1281 3285 1433 3367 recipiat:
1462 3285 1529 3351 sed
1558 3293 1689 3352 tautum
1716 3285 1783 3352 illis
1811 3287 2015 3352 demonstrat
2049 3297 2263 3370 praesentem

253 3383 311 3440 tur
331 3363 425 3440 nobib
447 3381 579 3458 peccata
603 3382 736 3460 propter
764 3393 885 3438 nomen
908 3373 978 3438 eius
1000 3373 1046 3451 (l.
1065 3371 1179 3436 Ioann.
1199 3375 1228 3446 2,
1280 3370 1545 3438 misericordiam.
1590 3371 1678 3442 Viva
1700 3378 1810 3438 autem
1831 3371 1909 3436 fidei
1930 3373 2039 3439 radice
2061 3374 2148 3440 solos
2173 3374 2262 3440 elce·

255 3461 321 3542 12).
353 3461 440 3525 Nam
462 3461 524 3532 etsi
546 3479 614 3524 non
625 3461 824 3541 exprimitur
840 3457 966 3536 Christi
988 3457 1228 3534 nomen,Ioan-
1282 3463 1331 3523 tos
1353 3456 1524 3540 dignatur,
1554 3463 1593 3522 ut
1621 3459 1656 3522 in
1685 3459 1783 3523 linem
1813 3479 1915 3541 usque
1936 3469 2157 3542 perseverent.
2206 3460 2264 3526 Ita

252 3567 312 3612 nes
334 3553 445 3610 tamen
468 3566 527 3612 suo
548 3565 640 3610 more
668 3545 729 3610 sub
750 3545 944 3627 pronomine
967 3541 1053 3606 edroi
1075 3563 1151 3608 eum
1173 3542 1230 3608 de·
1281 3543 1417 3608 diluitur
1437 3543 1573 3610 obiectio
1594 3543 1668 3610 illa:
1692 3541 1830 3608 Slvere
1852 3545 1992 3627 gratiam
2009 3566 2101 3610 suam
2122 3545 2263 3612 demon-

253 3633 371 3716 signat.
406 3631 480 3712 Quo
502 3631 600 3696 etiam
618 3652 718 3713 seusu
739 3630 937 3713 pronunciat
957 3630 1133 3696 Dominus:
1157 3627 1229 3694 Sic·
1281 3637 1364 3695 strat
1393 3629 1500 3709 Deus,
1534 3629 1596 3694 hoe
1620 3637 1781 3712 perpetuo
1810 3631 1914 3694 lixum
1943 3650 2030 3696 esse:
2063 3631 2142 3714 quia
2173 3631 2264 3698 nihil

252 3719 304 3784 uti
321 3739 382 3802 ege
399 3719 621 3800 vivopropter
638 3725 774 3799 patrem,
796 3715 845 3780 ita
867 3723 901 3780 et
918 3737 976 3782 vos
994 3715 1113 3781 vivetis
1132 3735 1229 3798 prop-
1281 3715 1388 3782 obstat
1408 3736 1472 3796 quo
1497 3715 1607 3780 minue
1632 3715 1794 3797 praesenti
1816 3715 1941 3798 gratiae
1963 3737 2042 3782 suae
2064 3739 2176 3798 sensu,
2199 3719 2259 3802 qui

253 3811 305 3868 tor
332 3825 386 3869 me
415 3802 545 3884 (Ioann.
566 3805 595 3880 6,
612 3804 680 3882 57).
734 3803 797 3868 Orsi
830 3800 1006 3884 respondet
1039 3799 1124 3883 quod
1151 3799 1230 3874 dicit
1281 3809 1395 3884 postea
1417 3808 1598 3880 evanescat,
1620 3801 1714 3866 Deus
1735 3800 1861 3883 aliquos
1882 3801 2032 3868 illustret

252 3888 394 3955 Paulus:
407 3889 511 3954 Vobis
522 3887 635 3954 datum
653 3895 704 3953 est
713 3895 847 3972 propter
856 3887 1036 3962 Christum,
1055 3885 1129 3968 iate
1145 3909 1230 3968 χρισ-

253 3976 305 4038 roi
324 3996 389 4040 nou
412 3975 518 4040 solum
540 3975 633 4038 utin
655 3995 731 4039 eum
747 3973 897 4052 credatis,
920 3973 977 4038 sed
999 3973 1100 4038 etiam
1117 3981 1154 4038 ut
1170 3993 1231 4054 pro

253 4081 292 4126 eo
314 4059 486 4143 patiamini
508 4059 610 4144 (Phil
631 4062 744 4142 1,29).

1459 4006 1630 4088 Responsio
1653 4006 1696 4072 cd
1717 4007 1840 4072 tertiam
1861 3965 2079 4089 qaaestionem:

1369 4143 1565 4225 Quanquam
1598 4143 1679 4208 fides
1715 4141 1845 4208 divinae
1881 4163 1959 4227 erga
1986 4165 2047 4210 nos
2077 4144 2266 4214 voluntatis

1283 4229 1400 4294 notitia
1421 4239 1481 4308 est,
1504 4236 1648 4294 atcerte
1670 4229 1710 4294 de
1732 4229 1803 4294 eius
1825 4229 1963 4294 veritate
1983 4231 2160 4314 persuasio,
2190 4254 2264 4298 non

1283 4316 1404 4383 mirum
1426 4323 1536 4380 tamen
1562 4323 1613 4380 est
1640 4314 1746 4385 divini
1775 4315 1894 4380 amoris
1922 4337 2054 4382 sensum
2075 4317 2110 4381 in
2133 4327 2264 4402 tempo-

343 4399 540 4484 Quanquam
579 4403 615 4466 in
653 4400 752 4467 fidem
786 4423 853 4468 non
888 4402 1132 4478 illuminantur,
1172 4421 1233 4466 neo
1283 4402 1380 4466 rariis
1401 4421 1611 4478 evanescere,
1641 4401 1697 4482 qui
1724 4401 1801 4468 lieet
1831 4401 1907 4466 fidei
1936 4400 1980 4466 sit
2001 4403 2124 4480 affinis,
2154 4403 2198 4468 ab
2222 4427 2265 4472 ea

255 4488 420 4572 euangelii
442 4487 620 4554 efficaciam
643 4509 721 4553 vere
742 4490 907 4566 sentiunt,
935 4488 998 4552 nisi
1020 4487 1075 4568 qui
1098 4505 1231 4568 praeor—
1284 4495 1394 4552 tnmen
1423 4486 1566 4552 multum
1596 4485 1714 4552 differt.
1766 4485 1930 4552 Voluntas
1951 4485 2017 4552 Dei
2043 4489 2265 4557 immutabilis

256 4575 361 4640 diecti
383 4573 526 4638 suntad
549 4573 706 4638 salutem:
729 4575 932 4656 experientia
949 4581 1061 4638 tamen
1080 4571 1232 4652 ostendit,
1283 4581 1343 4650 est,
1366 4573 1477 4650 fateor,
1500 4580 1534 4638 et
1554 4593 1684 4656 semper
1705 4573 1776 4638 eius
1797 4572 1918 4638 veritas
1940 4571 2002 4638 sibi
2023 4583 2161 4640 constat
2196 4577 2264 4642 At-

255 4661 412 4744 reprobos
439 4659 606 4724 interdum
634 4658 732 4724 simili
760 4660 829 4724 fere
856 4681 954 4726 sensu
987 4667 1084 4740 atque
1112 4658 1231 4724 electos
1283 4659 1339 4742 qui
1356 4679 1440 4742 nego
1460 4659 1526 4724 hue
1547 4680 1654 4742 usque
1676 4657 1827 4742 progredi
1850 4659 2019 4740 reprobos,
2050 4661 2143 4724 utin
2164 4682 2263 4730 area-

256 4747 350 4824 affici,
373 4753 411 4810 ut
431 4765 475 4810 ne
497 4766 557 4810 suo
578 4743 710 4827 quidem
731 4743 849 4810 iudicio
877 4743 1053 4828 quidquam
1083 4744 1123 4809 ab
1147 4745 1231 4810 elec·
1283 4765 1360 4809 nam
1378 4745 1468 4808 illam
1490 4745 1724 4810 revelationem
1746 4751 1926 4827 penetrent,
1954 4767 2052 4827 quam
2073 4747 2151 4814 solis
2174 4747 2264 4814 elee-

255 4832 299 4898 tis
321 4831 483 4896 differant.
529 4829 640 4911 Quare
660 4829 744 4894 nihil
766 4829 900 4896 absurdi
921 4841 980 4910 est,
1002 4829 1089 4914 quod
1111 4829 1230 4896 eoeles-
1283 4832 1326 4895 tis
1362 4831 1526 4913 scriptura
1554 4830 1715 4896 vendicat.
1772 4829 1866 4912 Nego
1893 4830 1998 4914 igitur
2025 4851 2081 4896 eos
2110 4832 2165 4898 vol
2194 4834 2265 4900 Dei

256 4918 341 4982 tium
363 4916 524 4982 donorum
551 4917 667 5000 gustus
696 4923 730 4980 ιι
758 4916 947 4998 temporalis
976 4915 1057 4982 fides
1084 4915 1149 4984 illis
1171 4916 1230 4980 tri·
1282 4915 1495 4995 voluntatem,
1514 4924 1552 4982 ut
1568 4925 1619 4982 ost
1636 4914 1858 4994 immutabilis,
1882 4933 2013 4999 eapere3
2036 4917 2091 4981 vel
2109 4919 2181 4985 eius
2199 4941 2262 4986 ve-

256 5003 385 5070 buitur:
408 5024 474 5068 uon
496 5003 583 5085 quod
604 5003 672 5069 vim
694 5002 873 5084 spiritualis
896 5003 1020 5085 gratiae
1037 5002 1139 5068 solide
1156 5023 1232 5085 por·
1283 5003 1415 5068 ιὶιιιιιιι
1438 5011 1625 5069 constanter
1646 5001 1814 5085 amplecti:
1842 5001 1919 5084 quia
1939 5002 1975 5066 in
1996 5023 2094 5068 sensu
2116 5005 2264 5072 evanido

258 5088 390 5171 cipiant,
413 5109 450 5154 ac
472 5099 599 5156 certum
620 5087 696 5152 fidei
718 5088 848 5167 lumen,
878 5087 935 5154 scd
959 5089 1036 5171 quia
1057 5089 1230 5164 Dominus,
1284 5088 1473 5157 subsidunt:
1504 5089 1600 5154 sicuti
1628 5087 1724 5153 arbor
1753 5109 1820 5154 non
1841 5089 1922 5154 satis
1943 5088 2008 5154 alte
2029 5089 2193 5171 plantata,
2225 5100 2266 5156 ut

257 5181 297 5240 ut
317 5174 423 5256 magis
444 5175 609 5240 convictos
634 5183 666 5238 et
688 5173 927 5240 inexcusabiles
948 5173 1073 5254 reddat,
1094 5194 1129 5239 se
1151 5174 1231 5238 insi·
1283 5175 1377 5241 vivas
1402 5175 1529 5242 radices
1555 5183 1647 5258 agat,
1670 5175 1826 5258 temporis
1847 5193 1998 5240 successu
2021 5176 2153 5250 arescit,
2182 5175 2266 5244 lieet

255 5265 341 5326 nnat
367 5259 402 5328 iu
431 5279 545 5326 eorum
574 5268 717 5338 mentes,
754 5269 914 5344 quatenus
943 5262 1014 5326 sine
1048 5257 1232 5342 adoptionis
1282 5282 1343 5344 per
1364 5261 1488 5345 aliquot
1509 5281 1613 5328 annos
1635 5279 1703 5324 non
1717 5262 1814 5338 flores
1829 5265 1959 5326 tautum
1974 5269 2008 5325 et
2021 5259 2098 5326 lolia
2119 5262 2265 5344 omittat,

410 4265 584 4346 Responsio
606 4267 649 4331 cd
669 4266 835 4331 ιιιιιηᾱαιι
856 4263 1076 4346 qaaestionem.
