4820 6016
297 340 358 404 ase
1067 325 1329 394 uersuouse
1354 330 1521 392 rte-144
1569 333 1575 346 ·
1675 305 1689 341 ⁶
2218 331 2271 394 rec

295 545 338 590 en
358 521 412 588 vie
435 541 518 586 ceux
540 517 595 602 qui
622 523 697 582 sont
718 538 759 582 en
788 513 924 580 l'umbre
947 513 988 579 de
1008 513 1042 578 ln
1062 522 1158 578 mort.
1203 513 1265 580 Es·
1404 513 1522 580 Gratia
1542 523 1575 580 et
1596 537 1663 600 pax
1684 514 1743 582 tibi
1765 535 1785 580 a
1805 513 1878 582 Deo
1900 521 1992 598 patre
2009 519 2044 580 et
2060 513 2273 584 Dominolesu

296 629 391 692 peren
419 605 523 688 donoq
551 624 613 686 que
641 624 677 668 ce
707 601 771 668 bon
793 601 879 666 Dieu
908 622 988 665 vous
1017 597 1162 664 donnera
1189 597 1266 664 tolle
1318 597 1460 666 Christo.
1504 600 1628 666 Litoris
1652 601 1734 680 tuis,
1764 601 1856 666 ouius
1885 609 1979 668 erant
2000 601 2194 685 argumenti,
2212 599 2272 668 lon·

294 697 382 760 issue
408 713 470 775 que
498 711 580 755 vous
607 708 703 754 aurea
732 687 879 753 occasion
908 685 948 750 dc
974 683 1007 750 le
1034 685 1206 768 magnificr
1233 691 1267 749 et
1318 685 1390 769 gior
1412 686 1579 769 responsio
1598 685 1788 752 debebatur:
1811 707 1877 770 qua
1897 685 1996 750 etiem
2015 685 2150 772 defungi
2170 687 2273 754 consti·

296 779 414 846 rendre
433 775 536 860 gloire
554 795 574 838 a
590 796 627 840 sa
644 773 815 839 clemence.
853 773 898 836 Et
919 793 961 836 cn
979 777 1066 836 ceste
1083 791 1265 852 espernnce,
1317 778 1460 850 tueram,
1491 783 1523 836 et
1545 771 1709 850 fecissem,
1736 771 1800 838 nisi
1828 779 1957 856 praeter
1978 793 2071 854 spem
2092 773 2147 838 hin
2158 774 2181 847 ¹)
2201 794 2274 838 nun-

295 863 442 934 consolez
474 881 570 938 vous,
600 869 635 924 et
660 879 741 924 vous
762 857 900 923 fortifica
926 877 946 920 a
968 855 1109 920 endurer
1130 857 1266 938 patiem—
1318 855 1389 922 cius
1410 877 1445 922 se
1463 857 1642 935 obtulisset,
1664 878 1835 942 perquem
1855 857 2018 922 maturius
2034 857 2198 942 aliquanto
2213 878 2274 940 per·

296 957 388 1016 ment
408 949 441 1014 la
462 946 642 1014 correction
670 943 710 1009 de
732 963 768 1007 sa
790 943 894 1020 main,
922 944 1053 1024 iusques
1083 963 1103 1006 a
1130 963 1166 1008 ce
1188 941 1266 1025 qu’il
1318 951 1478 1006 venturae
1500 951 1595 1006 erant
1613 965 1705 1008 meae
1726 943 1851 1022 literae,
1874 963 1971 1026 quam
1993 965 2052 1025 per
2072 943 2274 1028 negotiatores

296 1037 356 1120 luy
384 1035 488 1117 plaira
516 1053 596 1097 vous
632 1028 788 1098 declairer
816 1051 852 1096 sn
866 1087 868 1096 Α
881 1050 977 1112 grace
1005 1027 1061 1110 qui
1088 1047 1162 1092 sera
1189 1048 1266 1092 sans
1319 1027 1376 1108 qui
1415 1028 1631 1094 Francfordia
1669 1029 1872 1112 Lugdunum
1909 1028 2099 1112 propediem
2133 1037 2274 1111 repetent

298 1121 415 1186 doubte
437 1139 526 1184 assez
548 1125 624 1195 tost,
647 1116 837 1180 moieunant
857 1135 919 1198 que
941 1135 1026 1178 nous
1049 1113 1210 1196 puissions
1236 1111 1266 1178 le
1318 1113 1536 1196 Respondebo
1558 1125 1669 1180 tamtm
1690 1115 1732 1178 ad
1760 1113 1889 1198 singule
1918 1113 2042 1198 capita,
2071 1123 2225 1196 quantum
2243 1113 2276 1180 ab

297 1214 370 1272 tout
392 1213 568 1289 permetere
591 1225 610 1267 a
631 1223 668 1266 sa
689 1198 907 1278 Provideuee,
936 1197 1075 1282 laquelle
1097 1197 1268 1281 congnoist
1319 1199 1584 1282 occupationibus
1618 1201 1753 1266 vacabit.
1808 1201 1907 1266 Esset
1939 1199 2028 1264 enim
2060 1199 2182 1283 alioqui
2210 1199 2276 1265 satie

297 1289 527 1376 l’opportunite
550 1287 607 1354 des
629 1295 744 1370 temps,
763 1293 797 1350 et
819 1286 906 1350 veoit
924 1287 1033 1350 mieux
1055 1305 1091 1350 ce
1108 1283 1164 1367 qui
1184 1304 1268 1349 nous
1320 1286 1486 1368 temporis,
1509 1285 1572 1350 nisi
1589 1285 1708 1350 bonam
1725 1293 1851 1370 purtem
1869 1283 2059 1369 impendere
2076 1307 2208 1370 cogerer
2222 1285 2276 1350 irs·

298 1387 349 1444 est
368 1375 544 1460 expedient
565 1395 628 1457 quc
648 1393 690 1438 ne
712 1373 744 1437 le
765 1393 911 1455 pouvons
933 1371 1110 1436 conocvoir.
1320 1369 1364 1434 tri
1386 1380 1497 1436 nostro
1525 1372 1560 1435 in
1586 1369 1731 1438 curando
1757 1371 1887 1456 negotio
1916 1371 2009 1438 cuius
2035 1373 2144 1456 gratia
2170 1371 2278 1454 prolec-

385 1461 451 1528 Sur
473 1467 545 1526 tout
566 1459 695 1526 advises
718 1457 758 1522 de
786 1457 899 1522 veillcr
921 1477 962 1522 en
984 1455 1107 1539 priores
1128 1461 1161 1520 et
1183 1453 1267 1518 orai-
1319 1453 1442 1520 tionem
1460 1455 1501 1522 ad
1522 1479 1582 1522 nos
1604 1459 1753 1541 suscepit

299 1571 391 1628 sons;
423 1567 478 1614 car
504 1545 532 1610 si
559 1553 650 1610 toute
682 1553 791 1609 vostre
818 1549 942 1607 attente
971 1561 1084 1624 reposo
1112 1561 1154 1604 en
1182 1539 1268 1604 Dieu
1405 1541 1458 1606 De
1479 1543 1782 1626 praestigiatoribus
1800 1540 1858 1606 tibi
1876 1542 1960 1608 citra
1982 1541 2216 1608 dubiueonem
2236 1561 2277 1606 as·

300 1631 583 1706 commeelledoit,
596 1630 761 1696 o’estbien
772 1629 882 1694 raison
897 1649 959 1711 que
977 1625 1269 1694 vostrecoeursoit
1320 1628 1458 1706 sentior,
1486 1627 1570 1692 nibil
1597 1649 1652 1694 eos
1681 1630 1715 1692 in
1738 1629 1806 1695 suis
1827 1629 2016 1712 corporibus
2038 1649 2138 1694 verae
2160 1647 2277 1694 couver-

300 1718 565 1788 assiducllement
586 1716 693 1782 eslere
711 1737 752 1780 au
774 1714 835 1780 ciel
853 1735 935 1797 pour
952 1713 1134 1796 l'invoquer
1155 1721 1188 1777 et
1206 1711 1269 1776 im·
1321 1713 1421 1778 sionis
1439 1715 1522 1796 pati:
1545 1735 1612 1780 non
1630 1715 1720 1779 enim
1737 1713 1835 1778 eliam
1851 1713 1887 1778 in
1907 1714 1987 1798 ipsis
2004 1711 2278 1798 metamorphosim

299 1806 409 1890 plorer
430 1803 464 1867 la
484 1801 692 1868 misericorde
710 1821 771 1884 que
791 1821 870 1866 vous
892 1819 1021 1882 esperea
1039 1797 1078 1864 de
1098 1798 1166 1882 luy.
1197 1797 1269 1862 En·
1321 1799 1426 1882 cogito
1447 1821 1545 1882 quam
1567 1801 1604 1863 in
1623 1801 1726 1884 virgis
1748 1817 1920 1884 magorum
1942 1820 2024 1882 quae
2041 1821 2143 1883 quum
2163 1819 2278 1882 serpen·

301 1889 416 1958 tendes
438 1910 500 1972 que
521 1888 552 1953 le
573 1887 649 1971 plus
667 1894 807 1953 souvent
834 1907 871 1951 ee
896 1883 976 1968 qu’il
993 1883 1107 1950 differe
1128 1883 1160 1948 lc
1183 1881 1270 1948 desir
1322 1897 1394 1948 tum
1421 1883 1537 1950 faciem
1572 1905 1651 1968 prae
1678 1906 1713 1950 se
1740 1885 1865 1950 ferrent
1898 1895 2056 1950 vocantur
2083 1896 2197 1950 tamen
2220 1881 2279 1949 ideo

300 1976 340 2042 de
362 1997 413 2042 ses
435 1975 563 2052 enfans,
592 1983 625 2040 et
646 1994 687 2038 ne
709 1971 781 2037 leur
802 1979 949 2036 monstro
979 1991 1039 2054 pas
1067 1971 1095 2036 si
1123 1975 1190 2036 bost
1211 1990 1270 2034 son
1322 1971 1434 2054 virgae
1463 1969 1550 2054 apud
1577 1971 1718 2050 Mosem,
1755 1992 1818 2054 quo
1850 1970 2074 2055 intelligamus
2100 1972 2279 2054 impostores

300 2061 384 2147 ayde
406 2083 448 2126 au
469 2060 619 2143 besoing,
646 2063 725 2126 c'est
747 2057 826 2140 qu'il
848 2056 896 2122 les
918 2055 1008 2121 veult
1029 2054 1145 2122 inciter
1166 2065 1199 2120 et
1221 2076 1271 2120 es·
1322 2055 1396 2120 illos
1413 2057 1518 2141 magis
1535 2055 1678 2122 illusisse
1695 2057 1912 2140 spectantium
1930 2057 2041 2122 oculos
2057 2077 2159 2140 quam
2177 2049 2281 2138 aliquid

298 2147 448 2214 mouvoir
475 2165 495 2209 a
520 2145 666 2228 requerir
698 2164 735 2208 sa
761 2145 867 2208 bonto.
919 2143 1005 2206 Tant
1031 2161 1074 2225 ye
1100 2161 1162 2224 que
1189 2137 1271 2207 nou‘s
1324 2162 1439 2206 verum
1461 2141 1658 2208 exhibuisse.
1702 2141 1772 2208 Neo
1795 2141 1903 2208 obstat
1923 2141 2008 2225 quod
2030 2142 2145 2214 eodem
2168 2140 2280 2207 nomine

300 2233 470 2318 glorificus
491 2251 533 2296 en
555 2231 633 2296 vain
661 2228 786 2294 d'avoir
814 2235 925 2294 nostre
952 2227 1117 2293 confiance
1139 2249 1180 2292 eu
1203 2230 1270 2310 luy,
1324 2247 1459 2310 serpens
1493 2249 1513 2292 a
1540 2227 1631 2293 Mose
1663 2249 1780 2294 revera
1806 2227 1972 2294 exhibitus
2003 2227 2070 2294 illic
2102 2227 2279 2310 appellatur.

300 2340 363 2402 que
384 2338 467 2382 nous
489 2338 531 2381 ne
552 2316 586 2380 la
606 2315 767 2381 tastilions
786 2335 869 2398 eny
891 2311 1070 2380 eberchant
1086 2323 1198 2378 nostre
1220 2332 1271 2378 re-
1324 2313 1447 2378 Parum
1465 2313 1552 2378 cnim
1563 2313 1689 2397 gratiae
1701 2313 1855 2380 habitura
1872 2314 1979 2380 fuerat
1997 2314 2112 2391 oratio,
2132 2313 2281 2378 sidietunr

301 2405 380 2488 iuge
401 2423 462 2486 par
488 2403 621 2485 priores.
670 2399 867 2482 Davantage
896 2403 976 2464 c’est
1002 2398 1100 2464 chose
1129 2398 1273 2464 certaine
1325 2407 1411 2464 esset
1431 2397 1602 2466 devoratas
1619 2421 1690 2466 esse
1711 2408 1900 2484 aserpente
1921 2400 2041 2484 virgas.
2082 2397 2199 2480 Quum
2218 2416 2281 2480 ergo

302 2489 383 2573 qu’il
404 2507 472 2572 nya
492 2508 551 2570 pas
576 2508 641 2553 une
662 2486 738 2551 telle
769 2485 920 2550 affection
946 2493 981 2550 et
1007 2483 1125 2549 ardeur
1147 2504 1190 2548 en
1211 2503 1273 2548 nou
1325 2482 1485 2567 propbeta
1501 2485 1566 2550 Dei
1587 2485 1744 2550 virtutem
1765 2485 1801 2550 in
1823 2483 2021 2568 dissipandis
2037 2483 2184 2552 Satanae
2203 2481 2282 2550 lalla-

301 2576 458 2652 omiseris,
477 2594 601 2639 comme
617 2572 641 2638 il
658 2573 852 2656 appartient,
870 2571 967 2636 sinon
983 2590 1046 2653 que
1057 2591 1141 2636 nous
1158 2591 1182 2654 y
1199 2589 1274 2652 per-
1325 2569 1384 2634 ciis
1405 2567 1632 2636 commendare
1653 2569 1760 2650 vellet,
1786 2570 1890 2638 voluit
1910 2571 2081 2638 ostendere
2103 2571 2194 2636 illam
2213 2586 2282 2652 qnae

302 2659 471 2728 severions
492 2679 568 2724 sane
590 2679 687 2725 cesse.
1325 2653 1418 2721 initio
1428 2656 1533 2722 iuerat
1550 2655 1726 2742 materia2)
1743 2655 2000 2736 similitudinem,
2019 2678 2061 2722 ne
2077 2657 2282 2723 instrumento

388 2745 426 2812 Ie
453 2745 524 2828 prie
551 2745 582 2810 le
607 2743 751 2826 Signeur
779 2741 820 2806 de
844 2749 936 2806 toute
965 2741 1164 2806 consolation
1193 2760 1274 2805 vous
1326 2741 1432 2825 magis
1453 2763 1550 2825 quam
1568 2741 1633 2807 Dei
1654 2741 1787 2808 brachio
1808 2743 1956 2825 superior
1978 2743 2078 2808 fuisse
2100 2739 2281 2808 crederetur.

302 2831 503 2899 reconforter
524 2837 558 2896 et
579 2829 744 2896 soustenir
765 2848 807 2892 en
829 2825 937 2892 bonne
963 2827 1126 2908 patience,
1157 2845 1274 2909 oepen-
1327 2824 1423 2907 Quod
1446 2829 1473 2893 si
1495 2828 1650 2911 utrinque
1671 2829 1787 2894 fuisset
1809 2849 1887 2894 vera
1915 2829 2100 2908 conversio,
2128 2831 2282 2912 serpentes

303 2917 385 2984 dant
405 2916 485 2999 qu’il
506 2937 588 2982 vous
611 2915 700 2979 veult
721 2933 897 2996 csprouver
919 2933 961 2977 en
982 2933 1036 2978 ces
1058 2911 1274 2988 tribulations,
1326 2914 1434 2996 potius
1457 2914 1664 2980 nominasset
1708 2913 1824 2998 Neque
1851 2911 1884 2978 id
1906 2935 1926 2980 a
1952 2935 2030 2980 vero
2058 2913 2224 2992 abhorret,
2252 2929 2283 2973 ea

303 3015 339 3070 et
370 3023 451 3069 vous
484 3003 666 3068 conformer
697 3021 739 3064 en
772 2999 970 3082 l’esperan'ce
1002 2998 1059 3064 des
1092 3017 1275 3080 promesses
1326 2999 1398 3080 ipsa
1418 2999 1578 3066 meleficia
1599 3000 1639 3064 ab
1661 3000 1702 3065 iis
1724 2999 1916 3084 perpetrari,
1945 3021 2084 3083 quorum
2107 3007 2142 3064 et
2162 2997 2282 3064 insimu

304 3089 384 3172 qu'il
405 3088 483 3153 inim
504 3107 524 3152 a
545 3108 597 3154 ses
623 3085 809 3152 servitanus.
853 3083 943 3149 O’est
969 3083 1047 3167 qu'il
1068 3103 1111 3148 ne
1133 3082 1182 3148 les
1203 3089 1275 3148 ten·
1327 3083 1439 3150 lentur
1468 3085 1508 3152 ab
1536 3085 1622 3162 aliis,
1658 3095 1691 3150 et
1718 3085 1780 3168 ipsi
1806 3087 1953 3152 fatentur
1984 3108 2019 3152 se
2046 3106 2119 3152 esse
2145 3083 2282 3151 conscios

304 3182 378 3242 tera
398 3174 490 3256 point
517 3171 623 3238 oultre
649 3191 686 3238 ce
712 3171 808 3254 qu'iln
830 3179 988 3252 pourront
1009 3168 1164 3247 endurer,
1191 3169 1276 3234 mais
1326 3169 1481 3256 Regnum
1501 3172 1589 3236 enim
1601 3170 2004 3254 Satanaetamprofundis
2022 3179 2054 3237 et
2075 3167 2187 3236 denus
2207 3177 2283 3232 tene

303 3279 464 3342 evesques
484 3257 665 3324 l'affliotion
692 3255 772 3340 qu'il
798 3255 946 3322 donnera
971 3253 1004 3320 la
1025 3255 1111 3320 force
1133 3263 1167 3320 et
1187 3255 1276 3320 issue
1327 3254 1394 3324 bris
1416 3279 1458 3322 ex
1479 3257 1570 3322 omni
1589 3265 1682 3340 parte
1703 3255 1881 3322 obductum
1903 3265 1968 3336 est,
1998 3265 2035 3322 ut
2062 3255 2105 3322 ad
2133 3265 2223 3322 vatos
2241 3271 2284 3316 ns

304 3346 468 3414 cunano.
502 3341 775 3427 DeStrasbourg,
794 3361 830 3406 oe
848 3341 990 3423 premier
1007 3337 1170 3406 d‘octobre
1185 3343 1274 3405 1538.
1327 3361 1390 3423 qne
1410 3344 1606 3425 imposturas
1627 3341 1792 3425 perveniri
1808 3341 1929 3408 mirum
1952 3342 2091 3408 nonsit
2136 3341 2193 3408 Sic
2209 3337 2284 3405 enim

1327 3428 1516 3496 habendum
1536 3437 1600 3494 est:
1630 3449 1769 3512 quorum
1797 3427 1918 3496 infelici
1947 3429 2129 3494 ministerio
2152 3423 2285 3492 diabolus

1328 3515 1476 3581 abutitur
1498 3513 1539 3580 ad
1561 3513 1715 3580 miseram
1735 3511 1937 3596 plebeculam
1958 3509 2284 3583 circumscribendam,

1328 3603 1370 3668 iis
1391 3621 1517 3684 quoque
1545 3600 1591 3665 sio
1613 3600 1721 3682 ipsum
1749 3599 1971 3684 praestigiari,
2000 3608 2039 3666 ut
2065 3597 2226 3668 excaeati
2250 3590 2285 3658 ad

1329 3685 1459 3770 quidvis
1484 3684 1647 3770 agendum
1676 3695 1782 3750 ruant
1828 3685 1881 3750 Ita
1913 3687 1984 3752 lieri
2012 3693 2119 3769 potest
2145 3691 2183 3750 ut
2205 3679 2284 3746 rabie

1329 3771 1495 3856 exagitati,
1518 3791 1586 3836 non
1603 3772 1638 3836 iu
1654 3791 1774 3854 pueros
1791 3769 1896 3850 modo,
1917 3767 1975 3838 sed
1992 3780 2026 3838 et
2042 3771 2078 3836 in
2095 3770 2200 3838 aliena
2216 3783 2284 3850 quo·

1329 3879 1391 3942 que
1413 3865 1563 3922 armenta
1580 3857 1737 3936 saevient,
1756 3855 1884 3924 diabolo
1901 3855 2034 3934 seilicet,
2057 3857 2114 3940 qui
2131 3854 2284 3924 audaciam

1329 3944 1395 4009 illis
1423 3942 1584 4019 accendit,
1620 3942 1710 4008 vires
1744 3963 1872 4027 quoque
1899 3949 2107 4028 suggerente
2157 3941 2225 4006 Iam
2250 3933 2285 4000 ad

1329 4027 1589 4096 convincendum
1617 4027 1812 4094 maleficium
1841 4027 1923 4094 nihil
1953 4029 2085 4106 attinet,
2119 4029 2285 4092 romanoe

1329 4115 1392 4198 ipsi
1419 4113 1605 4192 induerint,
1634 4133 1676 4178 an
1704 4111 1854 4200 officiis')
1882 4113 2028 4180 obvoluti
2054 4113 2118 4180 visi
2145 4113 2208 4179 sint
2231 4103 2285 4174 sibi

1329 4199 1481 4266 induere:
1504 4199 1577 4282 plus
1599 4200 1678 4264 satis
1699 4207 1751 4266 est
1771 4201 1799 4264 si
1810 4197 1955 4268 Satanae
1971 4221 2007 4266 se
2025 4199 2068 4266 ad
2083 4197 2205 4284 11331113
2220 4213 2286 4278 pet·

1329 4285 1490 4369 petranda
1518 4283 1665 4350 volentes
1697 4283 1854 4352 dederint
1909 4285 1982 4352 Hoc
2014 4293 2128 4352 umen
2158 4283 2285 4350 Satanae

1330 4371 1494 4438 adimatur
1511 4391 1553 4436 ue
1570 4371 1735 4452 quidpiam
1747 4381 1881 4452 putetur
1898 4393 2018 4450 creare,
2036 4363 2286 4453 quandoquidem

1331 4478 1415 4522 rinus
1433 4467 1483 4522 est
1499 4478 1608 4520 rerum
1626 4459 1771 4522 omnium
1789 4467 1924 4522 creator.
1958 4455 2052 4538 Quae
2073 4457 2114 4521 ab
2136 4458 2200 4538 ipso
2218 4469 2286 4534 pro·

1330 4544 1414 4608 fecta
1435 4553 1515 4608 sunt
1536 4543 1702 4620 miracula,
1725 4557 1762 4608 ut
1783 4543 1858 4620 sint,
1881 4544 1927 4606 ita
1943 4543 2058 4608 inania
2074 4550 2197 4625 spectro
2218 4555 2286 4601 een·

1329 4636 1469 4696 scantur.
1516 4625 1606 4694 Haec
1625 4635 1749 4708 autem,
1782 4629 1911 4694 tametsi
1934 4629 2063 4711 saepius
2084 4627 2163 4694 adeo
2187 4617 2286 4706 prodi·

1328 4715 1421 4799 glosa
1438 4721 1517 4780 suut
1534 4725 1573 4778 ut
1594 4713 1693 4778 fidem
1714 4734 1845 4780 omnem
1866 4729 2031 4796 superent,
2053 4709 2286 4778 meminerimus

1330 4812 1439 4866 tamen
1461 4799 1549 4882 patri
1569 4801 1780 4864 tenebrarum
1808 4820 1876 4866 non
1898 4821 1969 4866 esse
1990 4797 2120 4866 difficile
2141 4793 2286 4880 perstrin-

1330 4906 1407 4970 gere
1425 4885 1459 4950 in
1480 4905 1552 4949 crum
1572 4885 1705 4948 modum
1722 4883 1856 4952 hebetes
1873 4887 1982 4952 oculos
2001 4885 2051 4950 vol
2068 4886 2175 4969 potins
2190 4877 2285 4946 caecis

390 3517 510 3582 Vostre
531 3515 617 3580 frere
635 3521 669 3578 et
690 3512 852 3580 serviteur
874 3532 916 3578 en
937 3519 1047 3578 nostre
1069 3509 1214 3594 Signeur

1055 3665 1081 3730 I.
1105 3665 1233 3732 Oalvin.

692 3907 893 3918 ..-...-—--

759 4090 830 4160 144.

553 4243 788 4314 OAININUS
811 4245 1031 4313 PIGNAEO.

397 4417 535 4502 Boeotus
554 4417 626 4501 fase
648 4419 773 4499 emonii
799 4419 980 4484 ommatium
1001 4439 1093 4487 amm
1114 4417 1151 4483 de
1171 4419 1280 4502 magio

309 4503 656 4590 aproeeiffiobribcs,
678 4508 745 4568 tum
765 4503 803 4567 de
819 4505 1003 4590 polygamic
1025 4523 1220 4588 nequaquam
1242 4525 1280 4568 ec

312 4591 345 4660 S.
369 4589 402 4656 S.
418 4587 592 4670 probando.
628 4587 679 4654 De
700 4589 949 4673 bypaosopbislis
966 4609 1026 4672 pro
1046 4595 1179 4672 tempore
1199 4589 1280 4654 nibil

308 4679 388 4745 dicct
407 4674 485 4758 quio
500 4675 679 4756 propediem
690 4674 881 4756 pedores
898 4677 937 4742 de
958 4675 1002 4740 iis
1023 4675 1160 4741 libellum
1181 4675 1278 4741 ecca

309 4785 368 4836 rus
388 4765 440 4827 esi.
484 4757 536 4824 De
557 4759 649 4824 rebus
673 4760 901 4826 Oeacoenslbus
923 4761 1047 4842 publice
1068 4759 1150 4827 nibil
1170 4761 1279 4826 scribit

309 4851 427 4915 veum
452 4865 490 4912 ae
517 4843 716 4910 eccleciarcm
737 4847 954 4928 tanquillitas
974 4848 1076 4932 magis
1098 4847 1191 4912 dmm
1213 4853 1278 4911 tur·

310 4935 405 5001 datar.

312 5105 411 5170 (Aah.
430 5103 531 5159 Gencv.
550 5100 580 5153 Ρ.
600 5098 635 5152 Η.
653 5098 688 5152 N.
706 5096 781 5152 1203.
802 5129 831 5139 -
850 5101 913 5170 Apo
948 5143 952 5154 .
971 5103 1080 5156 iuBibl.
1100 5103 1200 5157 Gener.
1214 5103 1279 5157 cod.

313 5173 377 5238 111,
401 5173 444 5226 iol.
463 5171 505 5225 11.
546 5167 628 5236 Aliud
654 5168 683 5222 in
701 5168 782 5222 Arcb.
806 5171 887 5226 Barn.
955 5187 981 5240 p.
999 5171 1062 5226 vu.
1087 5189 1114 5242 p.
1131 5171 1180 5226 tel
1208 5171 1279 5225 unde

364 5242 458 5296 habuit
475 5238 573 5296 stater
590 5235 643 5291 rol.
662 5235 706 5292 45.
727 5265 756 5275 -
772 5233 855 5306 Impr.
873 5237 969 5308 Henry
987 5239 1010 5292 1.
1029 5239 1101 5310 App.
1119 5258 1146 5312 p.
1165 5239 1220 5306 58.)

1353 5105 1418 5166 144.
1436 5104 1463 5172 1)
1481 5107 1521 5186 sic
1537 5105 1644 5176 Apopr.
1660 5103 1742 5188 elH.
1864 5177 1870 5190 1
1935 5175 1941 5188 ι

1432 5173 1465 5308 ii
1483 5173 2047 5316 mm'ffibieifm
