<?xml version="1.0" encoding="UTF-8"?>
<!DOCTYPE html PUBLIC "-//W3C//DTD XHTML 1.0 Transitional//EN"
    "http://www.w3.org/TR/xhtml1/DTD/xhtml1-transitional.dtd">
<html xmlns="http://www.w3.org/1999/xhtml" xml:lang="en" lang="en">
 <head>
  <title>
</title>
<meta http-equiv="Content-Type" content="text/html;charset=utf-8" />
  <meta name='ocr-system' content='tesseract 3.04.00' />
  <meta name='ocr-capabilities' content='ocr_page ocr_carea ocr_par ocr_line ocrx_word'/>
</head>
<body>
  <div class='ocr_page' id='page_1' title='image "./ioanniscalvinio05reusgoog_0196.png"; bbox 0 0 4782 6010; ppageno 0'>
   <div class='ocr_carea' id='block_1_1' title="bbox 940 339 2127 414">
    <p class='ocr_par' dir='ltr' id='par_1_1' title="bbox 940 339 2127 414">
     <span class='ocr_line' id='line_1_1' title="bbox 940 339 2127 414; baseline 0.005 -6"><span class='ocrx_word' id='word_1_1' title='bbox 940 339 1307 409; x_wconf 81' lang='lat' dir='ltr'><strong>PROLEGOMENA.</strong></span> <span class='ocrx_word' id='word_1_2' title='bbox 2002 344 2127 414; x_wconf 85' lang='lat' dir='ltr'>XXIX</span> 
     </span>
    </p>
   </div>
   <div class='ocr_carea' id='block_1_2' title="bbox 128 528 2128 5296">
    <p class='ocr_par' dir='ltr' id='par_1_2' title="bbox 138 528 2128 1154">
     <span class='ocr_line' id='line_1_2' title="bbox 141 528 2128 617; baseline 0.003 -22"><span class='ocrx_word' id='word_1_3' title='bbox 141 529 248 612; x_wconf 89' lang='lat' dir='ltr'><strong>fuerit,</strong></span> <span class='ocrx_word' id='word_1_4' title='bbox 276 531 315 597; x_wconf 90' lang='lat' dir='ltr'><strong>ab</strong></span> <span class='ocrx_word' id='word_1_5' title='bbox 342 531 413 615; x_wconf 89' lang='lat' dir='ltr'><strong>ipso</strong></span> <span class='ocrx_word' id='word_1_6' title='bbox 432 537 546 598; x_wconf 88' lang='lat' dir='ltr'><strong>sutore</strong></span> <span class='ocrx_word' id='word_1_7' title='bbox 567 553 634 598; x_wconf 88' lang='lat' dir='ltr'><strong>non</strong></span> <span class='ocrx_word' id='word_1_8' title='bbox 661 531 815 598; x_wconf 89' lang='lat' dir='ltr'><strong>definitus</strong></span> <span class='ocrx_word' id='word_1_9' title='bbox 842 531 1007 616; x_wconf 78' lang='lat' dir='ltr'>expressis</span> <span class='ocrx_word' id='word_1_10' title='bbox 1027 528 1150 611; x_wconf 85' lang='lat' dir='ltr'><strong>verbis,</strong></span> <span class='ocrx_word' id='word_1_11' title='bbox 1179 529 1342 596; x_wconf 88' lang='lat' dir='ltr'><strong>adfinem</strong></span> <span class='ocrx_word' id='word_1_12' title='bbox 1364 531 1436 597; x_wconf 85' lang='lat' dir='ltr'><strong>eius</strong></span> <span class='ocrx_word' id='word_1_13' title='bbox 1457 533 1543 612; x_wconf 93' lang='lat' dir='ltr'><strong>anni,</strong></span> <span class='ocrx_word' id='word_1_14' title='bbox 1566 533 1602 597; x_wconf 93' lang='lat' dir='ltr'><strong>in</strong></span> <span class='ocrx_word' id='word_1_15' title='bbox 1621 530 1834 616; x_wconf 87' lang='lat' dir='ltr'><strong>appendicem</strong></span> <span class='ocrx_word' id='word_1_16' title='bbox 1856 531 2031 617; x_wconf 89' lang='lat' dir='ltr'><strong>quandam,</strong></span> <span class='ocrx_word' id='word_1_17' title='bbox 2054 555 2128 600; x_wconf 89' lang='lat' dir='ltr'><strong>eam</strong></span> 
     </span>
     <span class='ocr_line' id='line_1_3' title="bbox 140 625 2128 728; baseline 0.002 -20"><span class='ocrx_word' id='word_1_18' title='bbox 140 641 315 709; x_wconf 74' lang='lat' dir='ltr'><strong>retulimus.</strong></span> <span class='ocrx_word' id='word_1_19' title='bbox 360 641 423 709; x_wconf 86' lang='lat' dir='ltr'><strong>Sin</strong></span> <span class='ocrx_word' id='word_1_20' title='bbox 443 643 564 724; x_wconf 92' lang='lat' dir='ltr'><strong>minus,</strong></span> <span class='ocrx_word' id='word_1_21' title='bbox 592 643 633 708; x_wconf 86' lang='lat' dir='ltr'><strong>ad</strong></span> <span class='ocrx_word' id='word_1_22' title='bbox 654 643 776 711; x_wconf 90' lang='lat' dir='ltr'><strong>oaleem</strong></span> <span class='ocrx_word' id='word_1_23' title='bbox 801 625 905 710; x_wconf 81' lang='lat' dir='ltr'><strong>totius</strong></span> <span class='ocrx_word' id='word_1_24' title='bbox 930 643 1037 728; x_wconf 90' lang='lat' dir='ltr'><strong>operis</strong></span> <span class='ocrx_word' id='word_1_25' title='bbox 1065 642 1211 709; x_wconf 73' lang='lat' dir='ltr'>thesauri</span> <span class='ocrx_word' id='word_1_26' title='bbox 1237 641 1398 728; x_wconf 88' lang='lat' dir='ltr'><strong>epistolici</strong></span> <span class='ocrx_word' id='word_1_27' title='bbox 1423 643 1656 727; x_wconf 75' lang='lat' dir='ltr'>relegavimus,</span> <span class='ocrx_word' id='word_1_28' title='bbox 1685 644 1741 710; x_wconf 93' lang='lat' dir='ltr'><strong>ubi</strong></span> <span class='ocrx_word' id='word_1_29' title='bbox 1763 643 1896 710; x_wconf 75' lang='lat' dir='ltr'><strong>tandmu</strong></span> <span class='ocrx_word' id='word_1_30' title='bbox 1916 652 2019 711; x_wconf 86' lang='lat' dir='ltr'><strong>totam</strong></span> <span class='ocrx_word' id='word_1_31' title='bbox 2041 645 2128 712; x_wconf 88' lang='lat' dir='ltr'><strong>hano</strong></span> 
     </span>
     <span class='ocr_line' id='line_1_4' title="bbox 140 752 2126 840; baseline 0.001 -20"><span class='ocrx_word' id='word_1_32' title='bbox 140 754 298 820; x_wconf 75' lang='lat' dir='ltr'><strong>residuam</strong></span> <span class='ocrx_word' id='word_1_33' title='bbox 318 753 520 840; x_wconf 86' lang='lat' dir='ltr'><strong>farraginem</strong></span> <span class='ocrx_word' id='word_1_34' title='bbox 541 754 699 821; x_wconf 85' lang='lat' dir='ltr'><strong>invenies.</strong></span> <span class='ocrx_word' id='word_1_35' title='bbox 744 753 842 836; x_wconf 80' lang='lat' dir='ltr'><strong>Quod</strong></span> <span class='ocrx_word' id='word_1_36' title='bbox 865 762 978 822; x_wconf 65' lang='lat' dir='ltr'><strong>umen</strong></span> <span class='ocrx_word' id='word_1_37' title='bbox 1004 775 1071 820; x_wconf 88' lang='lat' dir='ltr'><strong>non</strong></span> <span class='ocrx_word' id='word_1_38' title='bbox 1097 753 1163 819; x_wconf 92' lang='lat' dir='ltr'><strong>nisi</strong></span> <span class='ocrx_word' id='word_1_39' title='bbox 1189 761 1262 819; x_wconf 90' lang='lat' dir='ltr'><strong>tum</strong></span> <span class='ocrx_word' id='word_1_40' title='bbox 1289 752 1423 820; x_wconf 84' lang='lat' dir='ltr'><strong>fecimus</strong></span> <span class='ocrx_word' id='word_1_41' title='bbox 1452 774 1552 836; x_wconf 91' lang='lat' dir='ltr'><strong>quum</strong></span> <span class='ocrx_word' id='word_1_42' title='bbox 1581 755 1692 820; x_wconf 90' lang='lat' dir='ltr'><strong>omnia</strong></span> <span class='ocrx_word' id='word_1_43' title='bbox 1713 776 1773 822; x_wconf 91' lang='lat' dir='ltr'><strong>uos</strong></span> <span class='ocrx_word' id='word_1_44' title='bbox 1795 755 1973 824; x_wconf 88' lang='lat' dir='ltr'><strong>deficerent</strong></span> <span class='ocrx_word' id='word_1_45' title='bbox 1994 756 2126 837; x_wconf 86' lang='lat' dir='ltr'><strong>auxilia,</strong></span> 
     </span>
     <span class='ocr_line' id='line_1_5' title="bbox 140 863 2127 953; baseline 0.003 -23"><span class='ocrx_word' id='word_1_46' title='bbox 140 871 171 930; x_wconf 91' lang='lat' dir='ltr'><strong>et</strong></span> <span class='ocrx_word' id='word_1_47' title='bbox 189 885 242 930; x_wconf 91' lang='lat' dir='ltr'><strong>res</strong></span> <span class='ocrx_word' id='word_1_48' title='bbox 259 864 301 930; x_wconf 89' lang='lat' dir='ltr'><strong>ad</strong></span> <span class='ocrx_word' id='word_1_49' title='bbox 321 863 480 949; x_wconf 90' lang='lat' dir='ltr'><strong>liquidum</strong></span> <span class='ocrx_word' id='word_1_50' title='bbox 501 865 635 950; x_wconf 90' lang='lat' dir='ltr'><strong>perduoi</strong></span> <span class='ocrx_word' id='word_1_51' title='bbox 657 867 790 931; x_wconf 91' lang='lat' dir='ltr'><strong>omnino</strong></span> <span class='ocrx_word' id='word_1_52' title='bbox 816 887 882 932; x_wconf 89' lang='lat' dir='ltr'><strong>non</strong></span> <span class='ocrx_word' id='word_1_53' title='bbox 903 873 1022 949; x_wconf 82' lang='lat' dir='ltr'><strong>posset</strong></span> <span class='ocrx_word' id='word_1_54' title='bbox 1066 865 1175 931; x_wconf 84' lang='lat' dir='ltr'><strong>Multo</strong></span> <span class='ocrx_word' id='word_1_55' title='bbox 1197 866 1326 950; x_wconf 90' lang='lat' dir='ltr'><strong>saepius</strong></span> <span class='ocrx_word' id='word_1_56' title='bbox 1348 864 1465 931; x_wconf 85' lang='lat' dir='ltr'><strong>accidit</strong></span> <span class='ocrx_word' id='word_1_57' title='bbox 1484 871 1524 930; x_wconf 90' lang='lat' dir='ltr'><strong>ut</strong></span> <span class='ocrx_word' id='word_1_58' title='bbox 1544 867 1667 931; x_wconf 80' lang='lat' dir='ltr'><strong>mensis</strong></span> <span class='ocrx_word' id='word_1_59' title='bbox 1688 865 1805 934; x_wconf 89' lang='lat' dir='ltr'><strong>saltem</strong></span> <span class='ocrx_word' id='word_1_60' title='bbox 1827 867 1960 934; x_wconf 91' lang='lat' dir='ltr'><strong>nomine</strong></span> <span class='ocrx_word' id='word_1_61' title='bbox 1981 869 2127 953; x_wconf 88' lang='lat' dir='ltr'><strong>apposito</strong></span> 
     </span>
     <span class='ocr_line' id='line_1_6' title="bbox 140 974 2127 1063; baseline 0.003 -23"><span class='ocrx_word' id='word_1_62' title='bbox 140 982 170 1040; x_wconf 91' lang='lat' dir='ltr'><strong>et</strong></span> <span class='ocrx_word' id='word_1_63' title='bbox 189 975 253 1042; x_wconf 88' lang='lat' dir='ltr'><strong>diei</strong></span> <span class='ocrx_word' id='word_1_64' title='bbox 273 997 419 1056; x_wconf 91' lang='lat' dir='ltr'><strong>numero,</strong></span> <span class='ocrx_word' id='word_1_65' title='bbox 440 999 524 1060; x_wconf 88' lang='lat' dir='ltr'><strong>quae</strong></span> <span class='ocrx_word' id='word_1_66' title='bbox 546 977 782 1043; x_wconf 87' lang='lat' dir='ltr'><strong>nonnullorum</strong></span> <span class='ocrx_word' id='word_1_67' title='bbox 803 978 871 1044; x_wconf 89' lang='lat' dir='ltr'><strong>fere</strong></span> <span class='ocrx_word' id='word_1_68' title='bbox 893 985 1047 1045; x_wconf 88' lang='lat' dir='ltr'><strong>constans</strong></span> <span class='ocrx_word' id='word_1_69' title='bbox 1065 974 1266 1045; x_wconf 86' lang='lat' dir='ltr'><strong>consuetudo</strong></span> <span class='ocrx_word' id='word_1_70' title='bbox 1287 977 1360 1057; x_wconf 88' lang='lat' dir='ltr'><strong>fuit,</strong></span> <span class='ocrx_word' id='word_1_71' title='bbox 1382 977 1445 1060; x_wconf 90' lang='lat' dir='ltr'><strong>ipsi</strong></span> <span class='ocrx_word' id='word_1_72' title='bbox 1463 983 1591 1043; x_wconf 87' lang='lat' dir='ltr'><strong>autores</strong></span> <span class='ocrx_word' id='word_1_73' title='bbox 1612 983 1741 1044; x_wconf 91' lang='lat' dir='ltr'><strong>nostras</strong></span> <span class='ocrx_word' id='word_1_74' title='bbox 1758 977 1793 1042; x_wconf 94' lang='lat' dir='ltr'><strong>in</strong></span> <span class='ocrx_word' id='word_1_75' title='bbox 1811 977 1864 1044; x_wconf 93' lang='lat' dir='ltr'><strong>his</strong></span> <span class='ocrx_word' id='word_1_76' title='bbox 1882 979 1998 1046; x_wconf 91' lang='lat' dir='ltr'><strong>studiis</strong></span> <span class='ocrx_word' id='word_1_77' title='bbox 2016 986 2127 1063; x_wconf 87' lang='lat' dir='ltr'><strong>partes</strong></span> 
     </span>
     <span class='ocr_line' id='line_1_7' title="bbox 138 1085 496 1154; baseline 0 0"><span class='ocrx_word' id='word_1_78' title='bbox 138 1085 291 1154; x_wconf 85' lang='lat' dir='ltr'><strong>fauiliores</strong></span> <span class='ocrx_word' id='word_1_79' title='bbox 311 1086 496 1154; x_wconf 82' lang='lat' dir='ltr'><strong>redderent.</strong></span> 
     </span>
    </p>

    <p class='ocr_par' dir='ltr' id='par_1_3' title="bbox 135 1197 2126 2289">
     <span class='ocr_line' id='line_1_8' title="bbox 283 1197 2126 1286; baseline 0.001 -20"><span class='ocrx_word' id='word_1_80' title='bbox 283 1197 470 1283; x_wconf 84' lang='lat' dir='ltr'><strong>Unicuique</strong></span> <span class='ocrx_word' id='word_1_81' title='bbox 496 1199 652 1284; x_wconf 90' lang='lat' dir='ltr'><strong>epistolae</strong></span> <span class='ocrx_word' id='word_1_82' title='bbox 679 1199 920 1283; x_wconf 73' lang='lat' dir='ltr'><strong>praemittimus</strong></span> <span class='ocrx_word' id='word_1_83' title='bbox 946 1199 1048 1266; x_wconf 86' lang='lat' dir='ltr'><strong>breve</strong></span> <span class='ocrx_word' id='word_1_84' title='bbox 1075 1204 1308 1282; x_wconf 78' lang='lat' dir='ltr'><strong>argumentum</strong></span> <span class='ocrx_word' id='word_1_85' title='bbox 1334 1199 1428 1264; x_wconf 91' lang='lat' dir='ltr'><strong>ouius</strong></span> <span class='ocrx_word' id='word_1_86' title='bbox 1456 1220 1517 1284; x_wconf 93' lang='lat' dir='ltr'><strong>ope</strong></span> <span class='ocrx_word' id='word_1_87' title='bbox 1544 1197 1683 1266; x_wconf 85' lang='lat' dir='ltr'><strong>lectores</strong></span> <span class='ocrx_word' id='word_1_88' title='bbox 1715 1199 1844 1266; x_wconf 88' lang='lat' dir='ltr'><strong>facilius</strong></span> <span class='ocrx_word' id='word_1_89' title='bbox 1872 1211 1905 1265; x_wconf 90' lang='lat' dir='ltr'><strong>et</strong></span> <span class='ocrx_word' id='word_1_90' title='bbox 1933 1222 2000 1267; x_wconf 92' lang='lat' dir='ltr'><strong>uno</strong></span> <span class='ocrx_word' id='word_1_91' title='bbox 2032 1203 2126 1286; x_wconf 87' lang='lat' dir='ltr'><strong>quasi</strong></span> 
     </span>
     <span class='ocr_line' id='line_1_9' title="bbox 139 1309 2126 1396; baseline 0.002 -22"><span class='ocrx_word' id='word_1_92' title='bbox 139 1309 247 1375; x_wconf 88' lang='lat' dir='ltr'><strong>obtutu</strong></span> <span class='ocrx_word' id='word_1_93' title='bbox 269 1309 348 1393; x_wconf 88' lang='lat' dir='ltr'><strong>quid</strong></span> <span class='ocrx_word' id='word_1_94' title='bbox 369 1311 406 1376; x_wconf 94' lang='lat' dir='ltr'><strong>in</strong></span> <span class='ocrx_word' id='word_1_95' title='bbox 427 1311 566 1396; x_wconf 88' lang='lat' dir='ltr'><strong>singulis</strong></span> <span class='ocrx_word' id='word_1_96' title='bbox 593 1319 754 1378; x_wconf 89' lang='lat' dir='ltr'><strong>tractetur</strong></span> <span class='ocrx_word' id='word_1_97' title='bbox 781 1312 964 1395; x_wconf 75' lang='lat' dir='ltr'><strong>perspicere</strong></span> <span class='ocrx_word' id='word_1_98' title='bbox 992 1315 1156 1395; x_wconf 88' lang='lat' dir='ltr'><strong>poterunt.</strong></span> <span class='ocrx_word' id='word_1_99' title='bbox 1207 1309 1249 1374; x_wconf 92' lang='lat' dir='ltr'><strong>In</strong></span> <span class='ocrx_word' id='word_1_100' title='bbox 1277 1330 1341 1394; x_wconf 93' lang='lat' dir='ltr'><strong>quo</strong></span> <span class='ocrx_word' id='word_1_101' title='bbox 1367 1310 1534 1376; x_wconf 87' lang='lat' dir='ltr'><strong>exarando</strong></span> <span class='ocrx_word' id='word_1_102' title='bbox 1556 1331 1594 1377; x_wconf 92' lang='lat' dir='ltr'><strong>eo</strong></span> <span class='ocrx_word' id='word_1_103' title='bbox 1616 1331 1745 1395; x_wconf 87' lang='lat' dir='ltr'><strong>semper</strong></span> <span class='ocrx_word' id='word_1_104' title='bbox 1766 1331 1916 1378; x_wconf 87' lang='lat' dir='ltr'><strong>sermone</strong></span> <span class='ocrx_word' id='word_1_105' title='bbox 1937 1313 1990 1378; x_wconf 91' lang='lat' dir='ltr'><strong>usi</strong></span> <span class='ocrx_word' id='word_1_106' title='bbox 2012 1334 2126 1378; x_wconf 91' lang='lat' dir='ltr'><strong>sumus</strong></span> 
     </span>
     <span class='ocr_line' id='line_1_10' title="bbox 138 1417 2126 1508; baseline 0.002 -22"><span class='ocrx_word' id='word_1_107' title='bbox 138 1441 196 1503; x_wconf 92' lang='lat' dir='ltr'><strong>quo</strong></span> <span class='ocrx_word' id='word_1_108' title='bbox 217 1441 364 1506; x_wconf 87' lang='lat' dir='ltr'><strong>quaeque</strong></span> <span class='ocrx_word' id='word_1_109' title='bbox 386 1422 523 1506; x_wconf 83' lang='lat' dir='ltr'><strong>epistole</strong></span> <span class='ocrx_word' id='word_1_110' title='bbox 543 1425 725 1508; x_wconf 85' lang='lat' dir='ltr'><strong>conscripta</strong></span> <span class='ocrx_word' id='word_1_111' title='bbox 747 1429 826 1490; x_wconf 88' lang='lat' dir='ltr'><strong>erat</strong></span> <span class='ocrx_word' id='word_1_112' title='bbox 870 1423 1047 1505; x_wconf 81' lang='lat' dir='ltr'><strong>Nunquam</strong></span> <span class='ocrx_word' id='word_1_113' title='bbox 1076 1441 1154 1488; x_wconf 83' lang='lat' dir='ltr'><strong>roro</strong></span> <span class='ocrx_word' id='word_1_114' title='bbox 1180 1419 1242 1486; x_wconf 89' lang='lat' dir='ltr'><strong>has</strong></span> <span class='ocrx_word' id='word_1_115' title='bbox 1269 1417 1542 1505; x_wconf 74' lang='grc' dir='ltr'><strong>α’νακιφαλαιώσιις</strong></span> <span class='ocrx_word' id='word_1_116' title='bbox 1562 1423 1720 1488; x_wconf 87' lang='lat' dir='ltr'><strong>maiorem</strong></span> <span class='ocrx_word' id='word_1_117' title='bbox 1739 1423 1775 1487; x_wconf 93' lang='lat' dir='ltr'><strong>in</strong></span> <span class='ocrx_word' id='word_1_118' title='bbox 1796 1422 1916 1489; x_wconf 94' lang='lat' dir='ltr'><strong>molem</strong></span> <span class='ocrx_word' id='word_1_119' title='bbox 1938 1445 2126 1490; x_wconf 83' lang='lat' dir='ltr'><strong>exerescere</strong></span> 
     </span>
     <span class='ocr_line' id='line_1_11' title="bbox 137 1531 2126 1618; baseline 0.002 -20"><span class='ocrx_word' id='word_1_120' title='bbox 137 1532 283 1598; x_wconf 89' lang='lat' dir='ltr'><strong>sinemus.</strong></span> <span class='ocrx_word' id='word_1_121' title='bbox 328 1531 425 1614; x_wconf 78' lang='lat' dir='ltr'><strong>Quod</strong></span> <span class='ocrx_word' id='word_1_122' title='bbox 447 1533 525 1600; x_wconf 90' lang='lat' dir='ltr'><strong>alibi</strong></span> <span class='ocrx_word' id='word_1_123' title='bbox 546 1535 671 1602; x_wconf 93' lang='lat' dir='ltr'><strong>faotum</strong></span> <span class='ocrx_word' id='word_1_124' title='bbox 692 1532 947 1614; x_wconf 83' lang='lat' dir='ltr'><strong>observavimus,</strong></span> <span class='ocrx_word' id='word_1_125' title='bbox 970 1533 1069 1600; x_wconf 88' lang='lat' dir='ltr'><strong>etiam</strong></span> <span class='ocrx_word' id='word_1_126' title='bbox 1091 1533 1207 1618; x_wconf 88' lang='lat' dir='ltr'><strong>gallico</strong></span> <span class='ocrx_word' id='word_1_127' title='bbox 1229 1553 1378 1598; x_wconf 87' lang='lat' dir='ltr'><strong>sermone</strong></span> <span class='ocrx_word' id='word_1_128' title='bbox 1400 1531 1557 1613; x_wconf 91' lang='lat' dir='ltr'><strong>adhibito,</strong></span> <span class='ocrx_word' id='word_1_129' title='bbox 1579 1534 1728 1600; x_wconf 77' lang='lat' dir='ltr'><strong>fortassis</strong></span> <span class='ocrx_word' id='word_1_130' title='bbox 1750 1533 1787 1597; x_wconf 93' lang='lat' dir='ltr'><strong>in</strong></span> <span class='ocrx_word' id='word_1_131' title='bbox 1808 1554 1884 1601; x_wconf 90' lang='lat' dir='ltr'><strong>eum</strong></span> <span class='ocrx_word' id='word_1_132' title='bbox 1905 1536 2005 1601; x_wconf 87' lang='lat' dir='ltr'><strong>finem</strong></span> <span class='ocrx_word' id='word_1_133' title='bbox 2025 1543 2064 1601; x_wconf 88' lang='lat' dir='ltr'><strong>ut</strong></span> <span class='ocrx_word' id='word_1_134' title='bbox 2084 1535 2126 1602; x_wconf 89' lang='lat' dir='ltr'><strong>iis</strong></span> 
     </span>
     <span class='ocr_line' id='line_1_12' title="bbox 137 1642 2126 1731; baseline 0.002 -23"><span class='ocrx_word' id='word_1_135' title='bbox 137 1642 187 1726; x_wconf 94' lang='lat' dir='ltr'><strong>qui</strong></span> <span class='ocrx_word' id='word_1_136' title='bbox 206 1643 308 1710; x_wconf 87' lang='lat' dir='ltr'><strong>latine</strong></span> <span class='ocrx_word' id='word_1_137' title='bbox 334 1666 402 1710; x_wconf 91' lang='lat' dir='ltr'><strong>non</strong></span> <span class='ocrx_word' id='word_1_138' title='bbox 428 1645 585 1712; x_wconf 85' lang='lat' dir='ltr'><strong>callerent</strong></span> <span class='ocrx_word' id='word_1_139' title='bbox 612 1645 706 1729; x_wconf 91' lang='lat' dir='ltr'><strong>quasi</strong></span> <span class='ocrx_word' id='word_1_140' title='bbox 730 1645 946 1711; x_wconf 91' lang='lat' dir='ltr'><strong>translatione</strong></span> <span class='ocrx_word' id='word_1_141' title='bbox 973 1646 1139 1730; x_wconf 87' lang='lat' dir='ltr'><strong>proposita</strong></span> <span class='ocrx_word' id='word_1_142' title='bbox 1164 1651 1419 1711; x_wconf 87' lang='lat' dir='ltr'><strong>succurreretur.</strong></span> <span class='ocrx_word' id='word_1_143' title='bbox 1471 1645 1542 1711; x_wconf 89' lang='lat' dir='ltr'><strong>Nos</strong></span> <span class='ocrx_word' id='word_1_144' title='bbox 1570 1646 1611 1711; x_wconf 86' lang='lat' dir='ltr'><strong>ab</strong></span> <span class='ocrx_word' id='word_1_145' title='bbox 1641 1643 1829 1711; x_wconf 88' lang='lat' dir='ltr'><strong>huiusmodi</strong></span> <span class='ocrx_word' id='word_1_146' title='bbox 1856 1645 1982 1726; x_wconf 88' lang='lat' dir='ltr'><strong>labore,</strong></span> <span class='ocrx_word' id='word_1_147' title='bbox 2010 1653 2126 1731; x_wconf 87' lang='lat' dir='ltr'><strong>utpote</strong></span> 
     </span>
     <span class='ocr_line' id='line_1_13' title="bbox 136 1754 2126 1842; baseline 0.003 -23"><span class='ocrx_word' id='word_1_148' title='bbox 136 1754 348 1839; x_wconf 87' lang='lat' dir='ltr'><strong>inopportuno</strong></span> <span class='ocrx_word' id='word_1_149' title='bbox 369 1765 404 1823; x_wconf 91' lang='lat' dir='ltr'><strong>et</strong></span> <span class='ocrx_word' id='word_1_150' title='bbox 424 1764 461 1821; x_wconf 91' lang='lat' dir='ltr'><strong>ut</strong></span> <span class='ocrx_word' id='word_1_151' title='bbox 482 1757 529 1822; x_wconf 93' lang='lat' dir='ltr'><strong>ita</strong></span> <span class='ocrx_word' id='word_1_152' title='bbox 550 1757 696 1824; x_wconf 91' lang='lat' dir='ltr'><strong>dieamus</strong></span> <span class='ocrx_word' id='word_1_153' title='bbox 717 1758 1007 1842; x_wconf 87' lang='lat' dir='ltr'><strong>supererogatorio,</strong></span> <span class='ocrx_word' id='word_1_154' title='bbox 1030 1757 1256 1836; x_wconf 86' lang='lat' dir='ltr'><strong>abstinuimus,</strong></span> <span class='ocrx_word' id='word_1_155' title='bbox 1278 1756 1414 1822; x_wconf 89' lang='lat' dir='ltr'><strong>minime</strong></span> <span class='ocrx_word' id='word_1_156' title='bbox 1431 1755 1618 1823; x_wconf 79' lang='lat' dir='ltr'><strong>dubitantes</strong></span> <span class='ocrx_word' id='word_1_157' title='bbox 1639 1758 1721 1840; x_wconf 87' lang='lat' dir='ltr'><strong>quin</strong></span> <span class='ocrx_word' id='word_1_158' title='bbox 1741 1755 1767 1820; x_wconf 90' lang='lat' dir='ltr'><strong>ii</strong></span> <span class='ocrx_word' id='word_1_159' title='bbox 1787 1757 1842 1840; x_wconf 92' lang='lat' dir='ltr'><strong>qui</strong></span> <span class='ocrx_word' id='word_1_160' title='bbox 1865 1756 1985 1824; x_wconf 90' lang='lat' dir='ltr'><strong>talibus</strong></span> <span class='ocrx_word' id='word_1_161' title='bbox 2008 1757 2126 1824; x_wconf 89' lang='lat' dir='ltr'><strong>studiis</strong></span> 
     </span>
     <span class='ocr_line' id='line_1_14' title="bbox 135 1865 2126 1952; baseline 0.003 -21"><span class='ocrx_word' id='word_1_162' title='bbox 135 1865 323 1933; x_wconf 89' lang='lat' dir='ltr'><strong>incumbunt</strong></span> <span class='ocrx_word' id='word_1_163' title='bbox 349 1867 429 1934; x_wconf 89' lang='lat' dir='ltr'><strong>satis</strong></span> <span class='ocrx_word' id='word_1_164' title='bbox 458 1867 544 1935; x_wconf 90' lang='lat' dir='ltr'><strong>doeti</strong></span> <span class='ocrx_word' id='word_1_165' title='bbox 573 1867 716 1934; x_wconf 90' lang='lat' dir='ltr'><strong>habendi</strong></span> <span class='ocrx_word' id='word_1_166' title='bbox 744 1869 812 1935; x_wconf 90' lang='lat' dir='ltr'><strong>sint</strong></span> <span class='ocrx_word' id='word_1_167' title='bbox 839 1877 877 1933; x_wconf 93' lang='lat' dir='ltr'><strong>ut</strong></span> <span class='ocrx_word' id='word_1_168' title='bbox 903 1867 1054 1935; x_wconf 92' lang='lat' dir='ltr'><strong>subsidiis</strong></span> <span class='ocrx_word' id='word_1_169' title='bbox 1083 1869 1182 1934; x_wconf 88' lang='lat' dir='ltr'><strong>meris</strong></span> <span class='ocrx_word' id='word_1_170' title='bbox 1208 1866 1368 1934; x_wconf 90' lang='lat' dir='ltr'><strong>tironibus</strong></span> <span class='ocrx_word' id='word_1_171' title='bbox 1396 1867 1651 1934; x_wconf 88' lang='lat' dir='ltr'><strong>adcommodatis</strong></span> <span class='ocrx_word' id='word_1_172' title='bbox 1679 1887 1791 1934; x_wconf 87' lang='lat' dir='ltr'><strong>carere</strong></span> <span class='ocrx_word' id='word_1_173' title='bbox 1818 1869 1952 1952; x_wconf 90' lang='lat' dir='ltr'><strong>possint.</strong></span> <span class='ocrx_word' id='word_1_174' title='bbox 1997 1868 2126 1936; x_wconf 90' lang='lat' dir='ltr'><strong>Verum</strong></span> 
     </span>
     <span class='ocr_line' id='line_1_15' title="bbox 136 1977 2126 2062; baseline 0.003 -20"><span class='ocrx_word' id='word_1_175' title='bbox 136 1977 218 2042; x_wconf 85' lang='lat' dir='ltr'><strong>aliud</strong></span> <span class='ocrx_word' id='word_1_176' title='bbox 238 1977 404 2061; x_wconf 86' lang='lat' dir='ltr'><strong>quoddam</strong></span> <span class='ocrx_word' id='word_1_177' title='bbox 427 1979 652 2046; x_wconf 89' lang='lat' dir='ltr'><strong>adiumentum</strong></span> <span class='ocrx_word' id='word_1_178' title='bbox 668 1981 818 2047; x_wconf 87' lang='lat' dir='ltr'><strong>lectionis</strong></span> <span class='ocrx_word' id='word_1_179' title='bbox 835 1981 957 2047; x_wconf 86' lang='lat' dir='ltr'><strong>cursim</strong></span> <span class='ocrx_word' id='word_1_180' title='bbox 979 1989 1013 2046; x_wconf 92' lang='lat' dir='ltr'><strong>et</strong></span> <span class='ocrx_word' id='word_1_181' title='bbox 1033 1979 1191 2046; x_wconf 90' lang='lat' dir='ltr'><strong>subitario</strong></span> <span class='ocrx_word' id='word_1_182' title='bbox 1211 1978 1308 2044; x_wconf 92' lang='lat' dir='ltr'><strong>modo</strong></span> <span class='ocrx_word' id='word_1_183' title='bbox 1325 1977 1545 2045; x_wconf 87' lang='lat' dir='ltr'><strong>instituendae</strong></span> <span class='ocrx_word' id='word_1_184' title='bbox 1566 1979 1633 2045; x_wconf 90' lang='lat' dir='ltr'><strong>iam</strong></span> <span class='ocrx_word' id='word_1_185' title='bbox 1649 1999 1670 2043; x_wconf 92' lang='lat' dir='ltr'><strong>a</strong></span> <span class='ocrx_word' id='word_1_186' title='bbox 1686 1977 1834 2062; x_wconf 91' lang='lat' dir='ltr'><strong>pluribus</strong></span> <span class='ocrx_word' id='word_1_187' title='bbox 1852 1979 1930 2044; x_wconf 94' lang='lat' dir='ltr'><strong>olim</strong></span> <span class='ocrx_word' id='word_1_188' title='bbox 1948 1979 2126 2048; x_wconf 84' lang='lat' dir='ltr'><strong>editoribus</strong></span> 
     </span>
     <span class='ocr_line' id='line_1_16' title="bbox 135 2089 2124 2178; baseline 0 -22"><span class='ocrx_word' id='word_1_189' title='bbox 135 2089 348 2174; x_wconf 82' lang='lat' dir='ltr'><strong>excogitatum</strong></span> <span class='ocrx_word' id='word_1_190' title='bbox 370 2110 431 2156; x_wconf 92' lang='lat' dir='ltr'><strong>nos</strong></span> <span class='ocrx_word' id='word_1_191' title='bbox 452 2112 581 2175; x_wconf 91' lang='lat' dir='ltr'><strong>quoque</strong></span> <span class='ocrx_word' id='word_1_192' title='bbox 602 2093 794 2178; x_wconf 77' lang='lat' dir='ltr'><strong>recepimus,</strong></span> <span class='ocrx_word' id='word_1_193' title='bbox 816 2093 967 2158; x_wconf 90' lang='lat' dir='ltr'><strong>omnibus</strong></span> <span class='ocrx_word' id='word_1_194' title='bbox 987 2093 1137 2158; x_wconf 84' lang='lat' dir='ltr'><strong>virorum</strong></span> <span class='ocrx_word' id='word_1_195' title='bbox 1153 2091 1341 2157; x_wconf 92' lang='lat' dir='ltr'><strong>nominibus</strong></span> <span class='ocrx_word' id='word_1_196' title='bbox 1358 2091 1509 2174; x_wconf 89' lang='lat' dir='ltr'><strong>propriis,</strong></span> <span class='ocrx_word' id='word_1_197' title='bbox 1532 2111 1614 2174; x_wconf 90' lang='lat' dir='ltr'><strong>quae</strong></span> <span class='ocrx_word' id='word_1_198' title='bbox 1631 2091 1754 2173; x_wconf 88' lang='lat' dir='ltr'><strong>passim</strong></span> <span class='ocrx_word' id='word_1_199' title='bbox 1773 2090 1810 2154; x_wconf 91' lang='lat' dir='ltr'><strong>in</strong></span> <span class='ocrx_word' id='word_1_200' title='bbox 1827 2097 1921 2156; x_wconf 83' lang='lat' dir='ltr'><strong>textu</strong></span> <span class='ocrx_word' id='word_1_201' title='bbox 1938 2099 2124 2172; x_wconf 86' lang='lat' dir='ltr'><strong>occurrunt,</strong></span> 
     </span>
     <span class='ocr_line' id='line_1_17' title="bbox 135 2201 1681 2289; baseline 0.002 -24"><span class='ocrx_word' id='word_1_202' title='bbox 135 2201 178 2266; x_wconf 91' lang='lat' dir='ltr'><strong>ita</strong></span> <span class='ocrx_word' id='word_1_203' title='bbox 197 2202 361 2285; x_wconf 83' lang='lat' dir='ltr'><strong>expressis</strong></span> <span class='ocrx_word' id='word_1_204' title='bbox 384 2209 417 2268; x_wconf 89' lang='lat' dir='ltr'><strong>et</strong></span> <span class='ocrx_word' id='word_1_205' title='bbox 438 2211 594 2288; x_wconf 81' lang='lat' dir='ltr'><strong>typorum</strong></span> <span class='ocrx_word' id='word_1_206' title='bbox 615 2205 720 2270; x_wconf 92' lang='lat' dir='ltr'><strong>forma</strong></span> <span class='ocrx_word' id='word_1_207' title='bbox 740 2203 907 2289; x_wconf 90' lang='lat' dir='ltr'><strong>insignitis</strong></span> <span class='ocrx_word' id='word_1_208' title='bbox 928 2212 966 2270; x_wconf 87' lang='lat' dir='ltr'><strong>ut</strong></span> <span class='ocrx_word' id='word_1_209' title='bbox 987 2203 1099 2269; x_wconf 89' lang='lat' dir='ltr'><strong>statim</strong></span> <span class='ocrx_word' id='word_1_210' title='bbox 1121 2201 1250 2270; x_wconf 87' lang='lat' dir='ltr'><strong>lectoris</strong></span> <span class='ocrx_word' id='word_1_211' title='bbox 1272 2201 1359 2268; x_wconf 86' lang='lat' dir='ltr'><strong>oculi</strong></span> <span class='ocrx_word' id='word_1_212' title='bbox 1380 2201 1416 2266; x_wconf 92' lang='lat' dir='ltr'><strong>in</strong></span> <span class='ocrx_word' id='word_1_213' title='bbox 1438 2203 1479 2268; x_wconf 92' lang='lat' dir='ltr'><strong>iis</strong></span> <span class='ocrx_word' id='word_1_214' title='bbox 1499 2201 1681 2268; x_wconf 86' lang='lat' dir='ltr'><strong>haererent</strong></span> 
     </span>
    </p>

    <p class='ocr_par' dir='ltr' id='par_1_4' title="bbox 131 2313 2125 3178">
     <span class='ocr_line' id='line_1_18' title="bbox 278 2313 2125 2400; baseline 0.001 -21"><span class='ocrx_word' id='word_1_215' title='bbox 278 2315 525 2398; x_wconf 80' lang='lat' dir='ltr'><strong>Argumentum</strong></span> <span class='ocrx_word' id='word_1_216' title='bbox 544 2313 626 2380; x_wconf 94' lang='lat' dir='ltr'><strong>illud</strong></span> <span class='ocrx_word' id='word_1_217' title='bbox 646 2316 766 2400; x_wconf 92' lang='lat' dir='ltr'><strong>ubique</strong></span> <span class='ocrx_word' id='word_1_218' title='bbox 786 2323 941 2400; x_wconf 87' lang='lat' dir='ltr'><strong>sequetur</strong></span> <span class='ocrx_word' id='word_1_219' title='bbox 961 2315 1080 2381; x_wconf 90' lang='lat' dir='ltr'><strong>notitia</strong></span> <span class='ocrx_word' id='word_1_220' title='bbox 1100 2315 1238 2380; x_wconf 91' lang='lat' dir='ltr'><strong>fontium</strong></span> <span class='ocrx_word' id='word_1_221' title='bbox 1260 2313 1437 2398; x_wconf 85' lang='lat' dir='ltr'><strong>exquibus</strong></span> <span class='ocrx_word' id='word_1_222' title='bbox 1458 2313 1607 2398; x_wconf 83' lang='lat' dir='ltr'><strong>singulae</strong></span> <span class='ocrx_word' id='word_1_223' title='bbox 1629 2313 1785 2397; x_wconf 89' lang='lat' dir='ltr'><strong>epistolae</strong></span> <span class='ocrx_word' id='word_1_224' title='bbox 1806 2314 1928 2396; x_wconf 88' lang='lat' dir='ltr'><strong>petitae</strong></span> <span class='ocrx_word' id='word_1_225' title='bbox 1949 2321 2036 2394; x_wconf 90' lang='lat' dir='ltr'><strong>sunt,</strong></span> <span class='ocrx_word' id='word_1_226' title='bbox 2054 2313 2125 2381; x_wconf 88' lang='lat' dir='ltr'><strong>sive</strong></span> 
     </span>
     <span class='ocr_line' id='line_1_19' title="bbox 134 2419 2124 2511; baseline 0.003 -25"><span class='ocrx_word' id='word_1_227' title='bbox 134 2419 284 2508; x_wconf 87' lang='lat' dir='ltr'><strong>hodieque</strong></span> <span class='ocrx_word' id='word_1_228' title='bbox 308 2443 409 2490; x_wconf 90' lang='lat' dir='ltr'><strong>manu</strong></span> <span class='ocrx_word' id='word_1_229' title='bbox 430 2426 571 2510; x_wconf 80' lang='lat' dir='ltr'><strong>scriptae</strong></span> <span class='ocrx_word' id='word_1_230' title='bbox 592 2433 735 2506; x_wconf 86' lang='lat' dir='ltr'><strong>exstent,</strong></span> <span class='ocrx_word' id='word_1_231' title='bbox 757 2428 829 2494; x_wconf 87' lang='lat' dir='ltr'><strong>sive</strong></span> <span class='ocrx_word' id='word_1_232' title='bbox 850 2435 981 2492; x_wconf 88' lang='lat' dir='ltr'><strong>tantum</strong></span> <span class='ocrx_word' id='word_1_233' title='bbox 1002 2427 1092 2511; x_wconf 84' lang='lat' dir='ltr'><strong>typis</strong></span> <span class='ocrx_word' id='word_1_234' title='bbox 1115 2445 1297 2509; x_wconf 85' lang='lat' dir='ltr'><strong>expressae,</strong></span> <span class='ocrx_word' id='word_1_235' title='bbox 1320 2427 1389 2492; x_wconf 84' lang='lat' dir='ltr'><strong>sive</strong></span> <span class='ocrx_word' id='word_1_236' title='bbox 1411 2423 1552 2510; x_wconf 89' lang='lat' dir='ltr'><strong>denique</strong></span> <span class='ocrx_word' id='word_1_237' title='bbox 1570 2426 1611 2493; x_wconf 90' lang='lat' dir='ltr'><strong>ab</strong></span> <span class='ocrx_word' id='word_1_238' title='bbox 1632 2425 1706 2492; x_wconf 89' lang='lat' dir='ltr'><strong>aliis</strong></span> <span class='ocrx_word' id='word_1_239' title='bbox 1726 2426 1793 2491; x_wconf 88' lang='lat' dir='ltr'><strong>iam</strong></span> <span class='ocrx_word' id='word_1_240' title='bbox 1814 2425 1968 2510; x_wconf 81' lang='lat' dir='ltr'><strong>vulgatae</strong></span> <span class='ocrx_word' id='word_1_241' title='bbox 1990 2447 2011 2491; x_wconf 90' lang='lat' dir='ltr'><strong>a</strong></span> <span class='ocrx_word' id='word_1_242' title='bbox 2031 2424 2124 2492; x_wconf 91' lang='lat' dir='ltr'><strong>nobis</strong></span> 
     </span>
     <span class='ocr_line' id='line_1_20' title="bbox 134 2533 2124 2621; baseline 0.003 -23"><span class='ocrx_word' id='word_1_243' title='bbox 134 2533 170 2598; x_wconf 85' lang='lat' dir='ltr'><strong>ed</strong></span> <span class='ocrx_word' id='word_1_244' title='bbox 189 2533 286 2601; x_wconf 87' lang='lat' dir='ltr'><strong>fidem</strong></span> <span class='ocrx_word' id='word_1_245' title='bbox 310 2535 458 2603; x_wconf 87' lang='lat' dir='ltr'><strong>codicum</strong></span> <span class='ocrx_word' id='word_1_246' title='bbox 479 2537 586 2604; x_wconf 92' lang='lat' dir='ltr'><strong>denuo</strong></span> <span class='ocrx_word' id='word_1_247' title='bbox 607 2539 787 2605; x_wconf 85' lang='lat' dir='ltr'><strong>recensitae</strong></span> <span class='ocrx_word' id='word_1_248' title='bbox 807 2537 976 2621; x_wconf 89' lang='lat' dir='ltr'><strong>prodeant.</strong></span> <span class='ocrx_word' id='word_1_249' title='bbox 1012 2537 1110 2604; x_wconf 69' lang='lat' dir='ltr'><strong>Tales</strong></span> <span class='ocrx_word' id='word_1_250' title='bbox 1130 2537 1265 2603; x_wconf 88' lang='lat' dir='ltr'><strong>notitias</strong></span> <span class='ocrx_word' id='word_1_251' title='bbox 1286 2536 1374 2620; x_wconf 91' lang='lat' dir='ltr'><strong>apud</strong></span> <span class='ocrx_word' id='word_1_252' title='bbox 1396 2535 1556 2620; x_wconf 89' lang='lat' dir='ltr'><strong>plurimos</strong></span> <span class='ocrx_word' id='word_1_253' title='bbox 1573 2557 1695 2616; x_wconf 90' lang='lat' dir='ltr'><strong>eorum,</strong></span> <span class='ocrx_word' id='word_1_254' title='bbox 1717 2537 1774 2620; x_wconf 92' lang='lat' dir='ltr'><strong>qui</strong></span> <span class='ocrx_word' id='word_1_255' title='bbox 1792 2545 1868 2602; x_wconf 92' lang='lat' dir='ltr'><strong>ante</strong></span> <span class='ocrx_word' id='word_1_256' title='bbox 1885 2557 1945 2603; x_wconf 91' lang='lat' dir='ltr'><strong>nos</strong></span> <span class='ocrx_word' id='word_1_257' title='bbox 1962 2536 2124 2603; x_wconf 87' lang='lat' dir='ltr'><strong>similibus</strong></span> 
     </span>
     <span class='ocr_line' id='line_1_21' title="bbox 134 2645 2124 2734; baseline 0.002 -23"><span class='ocrx_word' id='word_1_258' title='bbox 134 2645 241 2713; x_wconf 86' lang='lat' dir='ltr'><strong>studiis</strong></span> <span class='ocrx_word' id='word_1_259' title='bbox 262 2647 498 2729; x_wconf 83' lang='lat' dir='ltr'><strong>incubuerunt,</strong></span> <span class='ocrx_word' id='word_1_260' title='bbox 526 2649 579 2715; x_wconf 87' lang='lat' dir='ltr'><strong>vel</strong></span> <span class='ocrx_word' id='word_1_261' title='bbox 606 2651 717 2716; x_wconf 91' lang='lat' dir='ltr'><strong>minus</strong></span> <span class='ocrx_word' id='word_1_262' title='bbox 743 2658 893 2716; x_wconf 75' lang='lat' dir='ltr'><strong>assumta</strong></span> <span class='ocrx_word' id='word_1_263' title='bbox 914 2650 1114 2733; x_wconf 83' lang='lat' dir='ltr'><strong>conseriptas</strong></span> <span class='ocrx_word' id='word_1_264' title='bbox 1135 2649 1191 2716; x_wconf 86' lang='lat' dir='ltr'><strong>vel</strong></span> <span class='ocrx_word' id='word_1_265' title='bbox 1213 2649 1345 2714; x_wconf 93' lang='lat' dir='ltr'><strong>omnino</strong></span> <span class='ocrx_word' id='word_1_266' title='bbox 1366 2649 1532 2734; x_wconf 84' lang='lat' dir='ltr'><strong>neglectas</strong></span> <span class='ocrx_word' id='word_1_267' title='bbox 1552 2648 1710 2732; x_wconf 88' lang='lat' dir='ltr'><strong>reperies;</strong></span> <span class='ocrx_word' id='word_1_268' title='bbox 1739 2648 1907 2714; x_wconf 88' lang='lat' dir='ltr'><strong>neminem</strong></span> <span class='ocrx_word' id='word_1_269' title='bbox 1935 2656 2046 2714; x_wconf 91' lang='lat' dir='ltr'><strong>autem</strong></span> <span class='ocrx_word' id='word_1_270' title='bbox 2067 2647 2124 2732; x_wconf 93' lang='lat' dir='ltr'><strong>qui</strong></span> 
     </span>
     <span class='ocr_line' id='line_1_22' title="bbox 132 2757 2123 2844; baseline 0.003 -23"><span class='ocrx_word' id='word_1_271' title='bbox 132 2757 175 2822; x_wconf 88' lang='lat' dir='ltr'><strong>ita</strong></span> <span class='ocrx_word' id='word_1_272' title='bbox 193 2760 447 2837; x_wconf 82' lang='lat' dir='ltr'><strong>concinnaverit,</strong></span> <span class='ocrx_word' id='word_1_273' title='bbox 469 2767 508 2826; x_wconf 87' lang='lat' dir='ltr'><strong>ut</strong></span> <span class='ocrx_word' id='word_1_274' title='bbox 528 2767 634 2826; x_wconf 88' lang='lat' dir='ltr'><strong>totum</strong></span> <span class='ocrx_word' id='word_1_275' title='bbox 655 2768 849 2844; x_wconf 89' lang='lat' dir='ltr'><strong>apparatum</strong></span> <span class='ocrx_word' id='word_1_276' title='bbox 870 2761 1064 2829; x_wconf 71' lang='lat' dir='ltr'><strong>enfioumet</strong></span> <span class='ocrx_word' id='word_1_277' title='bbox 1084 2760 1277 2839; x_wconf 73' lang='lat' dir='ltr'><strong>literanum,</strong></span> <span class='ocrx_word' id='word_1_278' title='bbox 1300 2762 1336 2825; x_wconf 95' lang='lat' dir='ltr'><strong>in</strong></span> <span class='ocrx_word' id='word_1_279' title='bbox 1357 2759 1495 2844; x_wconf 88' lang='lat' dir='ltr'><strong>singulis</strong></span> <span class='ocrx_word' id='word_1_280' title='bbox 1515 2760 1639 2844; x_wconf 90' lang='lat' dir='ltr'><strong>passim</strong></span> <span class='ocrx_word' id='word_1_281' title='bbox 1659 2761 1740 2826; x_wconf 89' lang='lat' dir='ltr'><strong>satis</strong></span> <span class='ocrx_word' id='word_1_282' title='bbox 1761 2759 1965 2844; x_wconf 84' lang='lat' dir='ltr'><strong>locupletem,</strong></span> <span class='ocrx_word' id='word_1_283' title='bbox 1987 2759 2123 2826; x_wconf 83' lang='lat' dir='ltr'><strong>curiosis</strong></span> 
     </span>
     <span class='ocr_line' id='line_1_23' title="bbox 134 2868 2123 2956; baseline 0.003 -24"><span class='ocrx_word' id='word_1_284' title='bbox 134 2868 290 2936; x_wconf 82' lang='lat' dir='ltr'><strong>offerrent</strong></span> <span class='ocrx_word' id='word_1_285' title='bbox 335 2868 403 2952; x_wconf 81' lang='lat' dir='ltr'><strong>Qui</strong></span> <span class='ocrx_word' id='word_1_286' title='bbox 423 2871 571 2938; x_wconf 87' lang='lat' dir='ltr'><strong>fortassis</strong></span> <span class='ocrx_word' id='word_1_287' title='bbox 592 2871 634 2936; x_wconf 89' lang='lat' dir='ltr'><strong>ed</strong></span> <span class='ocrx_word' id='word_1_288' title='bbox 655 2873 760 2955; x_wconf 88' lang='lat' dir='ltr'><strong>ipsam</strong></span> <span class='ocrx_word' id='word_1_289' title='bbox 781 2871 956 2938; x_wconf 87' lang='lat' dir='ltr'><strong>lectionem</strong></span> <span class='ocrx_word' id='word_1_290' title='bbox 977 2872 1182 2950; x_wconf 87' lang='lat' dir='ltr'><strong>firmandam,</strong></span> <span class='ocrx_word' id='word_1_291' title='bbox 1204 2873 1261 2938; x_wconf 90' lang='lat' dir='ltr'><strong>ubi</strong></span> <span class='ocrx_word' id='word_1_292' title='bbox 1282 2871 1461 2956; x_wconf 79' lang='lat' dir='ltr'><strong>archetypa</strong></span> <span class='ocrx_word' id='word_1_293' title='bbox 1481 2877 1640 2954; x_wconf 85' lang='lat' dir='ltr'><strong>prostant,</strong></span> <span class='ocrx_word' id='word_1_294' title='bbox 1663 2871 1772 2938; x_wconf 90' lang='lat' dir='ltr'><strong>minus</strong></span> <span class='ocrx_word' id='word_1_295' title='bbox 1793 2870 1957 2939; x_wconf 83' lang='lat' dir='ltr'><strong>ridebitur</strong></span> <span class='ocrx_word' id='word_1_296' title='bbox 1974 2891 2123 2938; x_wconf 88' lang='lat' dir='ltr'><strong>necessa·</strong></span> 
     </span>
     <span class='ocr_line' id='line_1_24' title="bbox 131 2979 2121 3067; baseline 0.003 -24"><span class='ocrx_word' id='word_1_297' title='bbox 131 2979 207 3061; x_wconf 87' lang='lat' dir='ltr'><strong>rius;</strong></span> <span class='ocrx_word' id='word_1_298' title='bbox 228 2991 318 3048; x_wconf 87' lang='lat' dir='ltr'><strong>certe</strong></span> <span class='ocrx_word' id='word_1_299' title='bbox 339 2979 382 3047; x_wconf 90' lang='lat' dir='ltr'><strong>ad</strong></span> <span class='ocrx_word' id='word_1_300' title='bbox 402 2982 694 3050; x_wconf 88' lang='lat' dir='ltr'><strong>commendandam</strong></span> <span class='ocrx_word' id='word_1_301' title='bbox 716 2983 878 3049; x_wconf 90' lang='lat' dir='ltr'><strong>editorum</strong></span> <span class='ocrx_word' id='word_1_302' title='bbox 903 2983 1120 3063; x_wconf 89' lang='lat' dir='ltr'><strong>sedulitatem,</strong></span> <span class='ocrx_word' id='word_1_303' title='bbox 1144 2984 1288 3067; x_wconf 89' lang='lat' dir='ltr'><strong>adeoque</strong></span> <span class='ocrx_word' id='word_1_304' title='bbox 1312 2989 1424 3048; x_wconf 79' lang='lat' dir='ltr'><strong>textus</strong></span> <span class='ocrx_word' id='word_1_305' title='bbox 1448 3003 1490 3048; x_wconf 87' lang='lat' dir='ltr'><strong>ex</strong></span> <span class='ocrx_word' id='word_1_306' title='bbox 1513 2981 1686 3048; x_wconf 90' lang='lat' dir='ltr'><strong>collatione</strong></span> <span class='ocrx_word' id='word_1_307' title='bbox 1703 2981 1848 3066; x_wconf 90' lang='lat' dir='ltr'><strong>plurium</strong></span> <span class='ocrx_word' id='word_1_308' title='bbox 1872 2983 2121 3066; x_wconf 77' lang='lat' dir='ltr'><strong>exemplarium,</strong></span> 
     </span>
     <span class='ocr_line' id='line_1_25' title="bbox 131 3089 1624 3178; baseline 0.003 -24"><span class='ocrx_word' id='word_1_309' title='bbox 131 3089 181 3154; x_wconf 92' lang='lat' dir='ltr'><strong>ubi</strong></span> <span class='ocrx_word' id='word_1_310' title='bbox 202 3091 365 3160; x_wconf 89' lang='lat' dir='ltr'><strong>diffieilior</strong></span> <span class='ocrx_word' id='word_1_311' title='bbox 384 3093 473 3160; x_wconf 89' lang='lat' dir='ltr'><strong>lectu</strong></span> <span class='ocrx_word' id='word_1_312' title='bbox 495 3101 575 3174; x_wconf 91' lang='lat' dir='ltr'><strong>erat,</strong></span> <span class='ocrx_word' id='word_1_313' title='bbox 597 3095 776 3175; x_wconf 88' lang='lat' dir='ltr'><strong>constituti,</strong></span> <span class='ocrx_word' id='word_1_314' title='bbox 798 3095 898 3160; x_wconf 88' lang='lat' dir='ltr'><strong>fidem</strong></span> <span class='ocrx_word' id='word_1_315' title='bbox 919 3093 1147 3160; x_wconf 89' lang='lat' dir='ltr'><strong>stabiliendam</strong></span> <span class='ocrx_word' id='word_1_316' title='bbox 1170 3116 1236 3160; x_wconf 92' lang='lat' dir='ltr'><strong>non</strong></span> <span class='ocrx_word' id='word_1_317' title='bbox 1257 3115 1374 3178; x_wconf 89' lang='lat' dir='ltr'><strong>parum</strong></span> <span class='ocrx_word' id='word_1_318' title='bbox 1394 3093 1531 3160; x_wconf 91' lang='lat' dir='ltr'><strong>idoneus</strong></span> <span class='ocrx_word' id='word_1_319' title='bbox 1553 3095 1624 3159; x_wconf 91' lang='lat' dir='ltr'><strong>erit.</strong></span> 
     </span>
    </p>

    <p class='ocr_par' dir='ltr' id='par_1_5' title="bbox 128 3204 2122 5296">
     <span class='ocr_line' id='line_1_26' title="bbox 275 3204 2122 3291; baseline 0 -21"><span class='ocrx_word' id='word_1_320' title='bbox 275 3205 516 3271; x_wconf 80' lang='lat' dir='ltr'><strong>Annotationes</strong></span> <span class='ocrx_word' id='word_1_321' title='bbox 538 3207 646 3272; x_wconf 85' lang='lat' dir='ltr'><strong>textui</strong></span> <span class='ocrx_word' id='word_1_322' title='bbox 667 3207 865 3273; x_wconf 90' lang='lat' dir='ltr'><strong>subieiemus</strong></span> <span class='ocrx_word' id='word_1_323' title='bbox 886 3207 1015 3274; x_wconf 85' lang='lat' dir='ltr'><strong>criticas</strong></span> <span class='ocrx_word' id='word_1_324' title='bbox 1037 3207 1094 3272; x_wconf 92' lang='lat' dir='ltr'><strong>ubi</strong></span> <span class='ocrx_word' id='word_1_325' title='bbox 1114 3207 1278 3291; x_wconf 78' lang='lat' dir='ltr'><strong>insignem</strong></span> <span class='ocrx_word' id='word_1_326' title='bbox 1298 3205 1442 3290; x_wconf 91' lang='lat' dir='ltr'><strong>aliquam</strong></span> <span class='ocrx_word' id='word_1_327' title='bbox 1464 3206 1550 3270; x_wconf 88' lang='lat' dir='ltr'><strong>inter</strong></span> <span class='ocrx_word' id='word_1_328' title='bbox 1567 3204 1698 3271; x_wconf 81' lang='lat' dir='ltr'><strong>diversa</strong></span> <span class='ocrx_word' id='word_1_329' title='bbox 1718 3205 1919 3290; x_wconf 83' lang='lat' dir='ltr'><strong>exemplaria</strong></span> <span class='ocrx_word' id='word_1_330' title='bbox 1941 3204 2122 3290; x_wconf 89' lang='lat' dir='ltr'><strong>deprehen-</strong></span> 
     </span>
     <span class='ocr_line' id='line_1_27' title="bbox 132 3311 2122 3403; baseline 0.003 -27"><span class='ocrx_word' id='word_1_331' title='bbox 132 3311 266 3382; x_wconf 88' lang='lat' dir='ltr'><strong>derimus</strong></span> <span class='ocrx_word' id='word_1_332' title='bbox 288 3317 438 3382; x_wconf 87' lang='lat' dir='ltr'><strong>lectionis</strong></span> <span class='ocrx_word' id='word_1_333' title='bbox 458 3316 664 3397; x_wconf 78' lang='lat' dir='ltr'><strong>varietatem,</strong></span> <span class='ocrx_word' id='word_1_334' title='bbox 693 3318 747 3385; x_wconf 87' lang='lat' dir='ltr'><strong>vel</strong></span> <span class='ocrx_word' id='word_1_335' title='bbox 768 3319 855 3385; x_wconf 90' lang='lat' dir='ltr'><strong>inter</strong></span> <span class='ocrx_word' id='word_1_336' title='bbox 876 3317 1000 3384; x_wconf 91' lang='lat' dir='ltr'><strong>editum</strong></span> <span class='ocrx_word' id='word_1_337' title='bbox 1020 3325 1055 3384; x_wconf 90' lang='lat' dir='ltr'><strong>et</strong></span> <span class='ocrx_word' id='word_1_338' title='bbox 1076 3339 1176 3384; x_wconf 90' lang='lat' dir='ltr'><strong>manu</strong></span> <span class='ocrx_word' id='word_1_339' title='bbox 1198 3319 1367 3403; x_wconf 89' lang='lat' dir='ltr'><strong>seriptum,</strong></span> <span class='ocrx_word' id='word_1_340' title='bbox 1387 3314 1473 3400; x_wconf 91' lang='lat' dir='ltr'><strong>quod</strong></span> <span class='ocrx_word' id='word_1_341' title='bbox 1494 3315 1531 3380; x_wconf 93' lang='lat' dir='ltr'><strong>in</strong></span> <span class='ocrx_word' id='word_1_342' title='bbox 1552 3316 1694 3382; x_wconf 82' lang='lat' dir='ltr'><strong>Bezanis</strong></span> <span class='ocrx_word' id='word_1_343' title='bbox 1715 3315 1807 3383; x_wconf 91' lang='lat' dir='ltr'><strong>libris</strong></span> <span class='ocrx_word' id='word_1_344' title='bbox 1828 3317 1972 3382; x_wconf 83' lang='lat' dir='ltr'><strong>maxime</strong></span> <span class='ocrx_word' id='word_1_345' title='bbox 1993 3317 2122 3384; x_wconf 87' lang='lat' dir='ltr'><strong>eontin-</strong></span> 
     </span>
     <span class='ocr_line' id='line_1_28' title="bbox 131 3427 2121 3512; baseline 0.001 -22"><span class='ocrx_word' id='word_1_346' title='bbox 131 3445 201 3508; x_wconf 87' lang='lat' dir='ltr'><strong>gere</strong></span> <span class='ocrx_word' id='word_1_347' title='bbox 220 3429 426 3510; x_wconf 88' lang='lat' dir='ltr'><strong>memineris,</strong></span> <span class='ocrx_word' id='word_1_348' title='bbox 456 3428 510 3496; x_wconf 85' lang='lat' dir='ltr'><strong>vel</strong></span> <span class='ocrx_word' id='word_1_349' title='bbox 538 3429 677 3512; x_wconf 90' lang='lat' dir='ltr'><strong>denique</strong></span> <span class='ocrx_word' id='word_1_350' title='bbox 702 3431 791 3496; x_wconf 89' lang='lat' dir='ltr'><strong>inter</strong></span> <span class='ocrx_word' id='word_1_351' title='bbox 819 3430 1043 3496; x_wconf 84' lang='lat' dir='ltr'><strong>authenticum</strong></span> <span class='ocrx_word' id='word_1_352' title='bbox 1070 3429 1210 3496; x_wconf 86' lang='lat' dir='ltr'><strong>latinum</strong></span> <span class='ocrx_word' id='word_1_353' title='bbox 1236 3429 1399 3496; x_wconf 87' lang='lat' dir='ltr'><strong>ineditum</strong></span> <span class='ocrx_word' id='word_1_354' title='bbox 1426 3437 1460 3494; x_wconf 91' lang='lat' dir='ltr'><strong>et</strong></span> <span class='ocrx_word' id='word_1_355' title='bbox 1487 3429 1673 3496; x_wconf 83' lang='lat' dir='ltr'><strong>versionem</strong></span> <span class='ocrx_word' id='word_1_356' title='bbox 1702 3429 1794 3494; x_wconf 90' lang='lat' dir='ltr'><strong>ouius</strong></span> <span class='ocrx_word' id='word_1_357' title='bbox 1823 3428 1992 3512; x_wconf 87' lang='lat' dir='ltr'><strong>hucusque</strong></span> <span class='ocrx_word' id='word_1_358' title='bbox 2020 3427 2121 3493; x_wconf 91' lang='lat' dir='ltr'><strong>solius</strong></span> 
     </span>
     <span class='ocr_line' id='line_1_29' title="bbox 130 3537 2121 3624; baseline 0.001 -22"><span class='ocrx_word' id='word_1_359' title='bbox 130 3538 215 3621; x_wconf 91' lang='lat' dir='ltr'><strong>eopia</strong></span> <span class='ocrx_word' id='word_1_360' title='bbox 241 3537 397 3606; x_wconf 87' lang='lat' dir='ltr'><strong>studiosis</strong></span> <span class='ocrx_word' id='word_1_361' title='bbox 426 3539 497 3604; x_wconf 89' lang='lat' dir='ltr'><strong>fuit.</strong></span> <span class='ocrx_word' id='word_1_362' title='bbox 542 3540 606 3607; x_wconf 90' lang='lat' dir='ltr'><strong>His</strong></span> <span class='ocrx_word' id='word_1_363' title='bbox 628 3541 779 3608; x_wconf 90' lang='lat' dir='ltr'><strong>omnibus</strong></span> <span class='ocrx_word' id='word_1_364' title='bbox 800 3549 909 3607; x_wconf 92' lang='lat' dir='ltr'><strong>tamen</strong></span> <span class='ocrx_word' id='word_1_365' title='bbox 927 3542 1033 3607; x_wconf 76' lang='lat' dir='ltr'><strong>mrius</strong></span> <span class='ocrx_word' id='word_1_366' title='bbox 1055 3563 1115 3607; x_wconf 92' lang='lat' dir='ltr'><strong>nos</strong></span> <span class='ocrx_word' id='word_1_367' title='bbox 1136 3541 1295 3608; x_wconf 90' lang='lat' dir='ltr'><strong>institisse</strong></span> <span class='ocrx_word' id='word_1_368' title='bbox 1323 3539 1580 3620; x_wconf 82' lang='lat' dir='ltr'><strong>animadvertes,</strong></span> <span class='ocrx_word' id='word_1_369' title='bbox 1610 3559 1712 3624; x_wconf 92' lang='lat' dir='ltr'><strong>quum</strong></span> <span class='ocrx_word' id='word_1_370' title='bbox 1733 3539 1892 3622; x_wconf 88' lang='lat' dir='ltr'><strong>plurimos</strong></span> <span class='ocrx_word' id='word_1_371' title='bbox 1913 3539 2121 3604; x_wconf 86' lang='lat' dir='ltr'><strong>librariorum</strong></span> 
     </span>
     <span class='ocr_line' id='line_1_30' title="bbox 130 3650 2121 3736; baseline 0.002 -25"><span class='ocrx_word' id='word_1_372' title='bbox 130 3667 257 3730; x_wconf 80' lang='lat' dir='ltr'><strong>errores,</strong></span> <span class='ocrx_word' id='word_1_373' title='bbox 280 3672 324 3716; x_wconf 83' lang='lat' dir='ltr'><strong>ex</strong></span> <span class='ocrx_word' id='word_1_374' title='bbox 345 3650 466 3718; x_wconf 83' lang='lat' dir='ltr'><strong>veteris</strong></span> <span class='ocrx_word' id='word_1_375' title='bbox 486 3651 676 3718; x_wconf 89' lang='lat' dir='ltr'><strong>literaturae</strong></span> <span class='ocrx_word' id='word_1_376' title='bbox 696 3653 872 3718; x_wconf 91' lang='lat' dir='ltr'><strong>insolentia</strong></span> <span class='ocrx_word' id='word_1_377' title='bbox 892 3659 1002 3733; x_wconf 90' lang='lat' dir='ltr'><strong>natos,</strong></span> <span class='ocrx_word' id='word_1_378' title='bbox 1031 3653 1215 3736; x_wconf 87' lang='lat' dir='ltr'><strong>ubieunque</strong></span> <span class='ocrx_word' id='word_1_379' title='bbox 1243 3673 1322 3719; x_wconf 85' lang='lat' dir='ltr'><strong>vera</strong></span> <span class='ocrx_word' id='word_1_380' title='bbox 1348 3653 1529 3736; x_wconf 85' lang='lat' dir='ltr'><strong>scripturae</strong></span> <span class='ocrx_word' id='word_1_381' title='bbox 1555 3652 1661 3718; x_wconf 85' lang='lat' dir='ltr'><strong>forma</strong></span> <span class='ocrx_word' id='word_1_382' title='bbox 1688 3651 1771 3716; x_wconf 88' lang='lat' dir='ltr'><strong>eitra</strong></span> <span class='ocrx_word' id='word_1_383' title='bbox 1795 3651 1931 3716; x_wconf 92' lang='lat' dir='ltr'><strong>dubium</strong></span> <span class='ocrx_word' id='word_1_384' title='bbox 1959 3673 2001 3716; x_wconf 86' lang='lat' dir='ltr'><strong>ex</strong></span> <span class='ocrx_word' id='word_1_385' title='bbox 2028 3657 2121 3716; x_wconf 91' lang='lat' dir='ltr'><strong>auto-</strong></span> 
     </span>
     <span class='ocr_line' id='line_1_31' title="bbox 129 3760 2120 3847; baseline 0 -19"><span class='ocrx_word' id='word_1_386' title='bbox 129 3760 256 3844; x_wconf 82' lang='lat' dir='ltr'><strong>graphis</strong></span> <span class='ocrx_word' id='word_1_387' title='bbox 277 3762 433 3829; x_wconf 86' lang='lat' dir='ltr'><strong>constitui</strong></span> <span class='ocrx_word' id='word_1_388' title='bbox 453 3769 591 3846; x_wconf 90' lang='lat' dir='ltr'><strong>poterat,</strong></span> <span class='ocrx_word' id='word_1_389' title='bbox 615 3763 806 3846; x_wconf 89' lang='lat' dir='ltr'><strong>simpliciter</strong></span> <span class='ocrx_word' id='word_1_390' title='bbox 827 3765 956 3830; x_wconf 87' lang='lat' dir='ltr'><strong>silentio</strong></span> <span class='ocrx_word' id='word_1_391' title='bbox 974 3763 1110 3847; x_wconf 88' lang='lat' dir='ltr'><strong>sepelire</strong></span> <span class='ocrx_word' id='word_1_392' title='bbox 1137 3764 1359 3844; x_wconf 88' lang='lat' dir='ltr'><strong>maluerimus,</strong></span> <span class='ocrx_word' id='word_1_393' title='bbox 1382 3783 1481 3846; x_wconf 90' lang='lat' dir='ltr'><strong>quam</strong></span> <span class='ocrx_word' id='word_1_394' title='bbox 1503 3761 1713 3828; x_wconf 88' lang='lat' dir='ltr'><strong>declamando</strong></span> <span class='ocrx_word' id='word_1_395' title='bbox 1735 3761 1842 3828; x_wconf 84' lang='lat' dir='ltr'><strong>levem</strong></span> <span class='ocrx_word' id='word_1_396' title='bbox 1864 3762 2001 3846; x_wconf 88' lang='lat' dir='ltr'><strong>gloriam</strong></span> <span class='ocrx_word' id='word_1_397' title='bbox 2023 3761 2120 3828; x_wconf 82' lang='lat' dir='ltr'><strong>affec-</strong></span> 
     </span>
     <span class='ocr_line' id='line_1_32' title="bbox 129 3871 2121 3972; baseline 0.001 -35"><span class='ocrx_word' id='word_1_398' title='bbox 129 3877 201 3938; x_wconf 89' lang='lat' dir='ltr'><strong>tare.</strong></span> <span class='ocrx_word' id='word_1_399' title='bbox 245 3871 386 3958; x_wconf 81' lang='lat' dir='ltr'><strong>Saepius</strong></span> <span class='ocrx_word' id='word_1_400' title='bbox 408 3881 532 3954; x_wconf 89' lang='lat' dir='ltr'><strong>autem,</strong></span> <span class='ocrx_word' id='word_1_401' title='bbox 561 3875 627 3940; x_wconf 93' lang='lat' dir='ltr'><strong>imo</strong></span> <span class='ocrx_word' id='word_1_402' title='bbox 657 3877 859 3959; x_wconf 86' lang='lat' dir='ltr'><strong>saepissime,</strong></span> <span class='ocrx_word' id='word_1_403' title='bbox 888 3875 1021 3942; x_wconf 91' lang='lat' dir='ltr'><strong>incides·</strong></span> <span class='ocrx_word' id='word_1_404' title='bbox 1036 3877 1071 3940; x_wconf 93' lang='lat' dir='ltr'><strong>in</strong></span> <span class='ocrx_word' id='word_1_405' title='bbox 1099 3895 1154 3941; x_wconf 91' lang='lat' dir='ltr'><strong>eas</strong></span> <span class='ocrx_word' id='word_1_406' title='bbox 1177 3876 1419 3954; x_wconf 81' lang='lat' dir='ltr'><strong>annotationes,</strong></span> <span class='ocrx_word' id='word_1_407' title='bbox 1448 3874 1567 3957; x_wconf 91' lang='lat' dir='ltr'><strong>quibus</strong></span> <span class='ocrx_word' id='word_1_408' title='bbox 1595 3894 1638 3938; x_wconf 81' lang='lat' dir='ltr'><strong>ex</strong></span> <span class='ocrx_word' id='word_1_409' title='bbox 1659 3872 1797 3938; x_wconf 90' lang='lat' dir='ltr'><strong>historia</strong></span> <span class='ocrx_word' id='word_1_410' title='bbox 1818 3893 1929 3938; x_wconf 89' lang='lat' dir='ltr'><strong>rerum</strong></span> <span class='ocrx_word' id='word_1_411' title='bbox 1951 3879 2121 3972; x_wconf 83' lang='lat' dir='ltr'><strong>gestarum</strong></span> 
     </span>
     <span class='ocr_line' id='line_1_33' title="bbox 128 3984 2120 4069; baseline 0.001 -21"><span class='ocrx_word' id='word_1_412' title='bbox 128 3985 234 4065; x_wconf 87' lang='lat' dir='ltr'><strong>petitis</strong></span> <span class='ocrx_word' id='word_1_413' title='bbox 256 3986 330 4069; x_wconf 88' lang='lat' dir='ltr'><strong>ipsa</strong></span> <span class='ocrx_word' id='word_1_414' title='bbox 351 3992 502 4052; x_wconf 87' lang='lat' dir='ltr'><strong>autorum</strong></span> <span class='ocrx_word' id='word_1_415' title='bbox 525 3987 610 4053; x_wconf 88' lang='lat' dir='ltr'><strong>dicta</strong></span> <span class='ocrx_word' id='word_1_416' title='bbox 630 3985 796 4054; x_wconf 87' lang='lat' dir='ltr'><strong>illustrare</strong></span> <span class='ocrx_word' id='word_1_417' title='bbox 815 3989 923 4054; x_wconf 85' lang='lat' dir='ltr'><strong>eonati</strong></span> <span class='ocrx_word' id='word_1_418' title='bbox 945 4008 1067 4066; x_wconf 90' lang='lat' dir='ltr'><strong>sumus,</strong></span> <span class='ocrx_word' id='word_1_419' title='bbox 1090 3986 1179 4052; x_wconf 90' lang='lat' dir='ltr'><strong>haud</strong></span> <span class='ocrx_word' id='word_1_420' title='bbox 1201 4007 1275 4052; x_wconf 88' lang='lat' dir='ltr'><strong>raro</strong></span> <span class='ocrx_word' id='word_1_421' title='bbox 1297 3992 1381 4052; x_wconf 86' lang='lat' dir='ltr'><strong>teoto</strong></span> <span class='ocrx_word' id='word_1_422' title='bbox 1408 3995 1443 4051; x_wconf 88' lang='lat' dir='ltr'><strong>et</strong></span> <span class='ocrx_word' id='word_1_423' title='bbox 1465 3985 1633 4051; x_wconf 86' lang='lat' dir='ltr'><strong>obscurius</strong></span> <span class='ocrx_word' id='word_1_424' title='bbox 1655 3984 1884 4064; x_wconf 77' lang='lat' dir='ltr'><strong>scribentium,</strong></span> <span class='ocrx_word' id='word_1_425' title='bbox 1913 3984 2034 4068; x_wconf 92' lang='lat' dir='ltr'><strong>quippe</strong></span> <span class='ocrx_word' id='word_1_426' title='bbox 2063 3985 2120 4068; x_wconf 93' lang='lat' dir='ltr'><strong>qui</strong></span> 
     </span>
     <span class='ocr_line' id='line_1_34' title="bbox 129 4091 2119 4190; baseline 0.001 -32"><span class='ocrx_word' id='word_1_427' title='bbox 129 4091 281 4163; x_wconf 87' lang='lat' dir='ltr'><strong>derebus</strong></span> <span class='ocrx_word' id='word_1_428' title='bbox 304 4105 338 4161; x_wconf 93' lang='lat' dir='ltr'><strong>et</strong></span> <span class='ocrx_word' id='word_1_429' title='bbox 358 4096 420 4162; x_wconf 93' lang='lat' dir='ltr'><strong>sibi</strong></span> <span class='ocrx_word' id='word_1_430' title='bbox 441 4105 475 4163; x_wconf 90' lang='lat' dir='ltr'><strong>et</strong></span> <span class='ocrx_word' id='word_1_431' title='bbox 496 4097 608 4164; x_wconf 88' lang='lat' dir='ltr'><strong>amieis</strong></span> <span class='ocrx_word' id='word_1_432' title='bbox 631 4100 778 4190; x_wconf 88' lang='lat' dir='ltr'><strong>apprime</strong></span> <span class='ocrx_word' id='word_1_433' title='bbox 799 4100 887 4164; x_wconf 91' lang='lat' dir='ltr'><strong>notis</strong></span> <span class='ocrx_word' id='word_1_434' title='bbox 908 4099 1077 4182; x_wconf 91' lang='lat' dir='ltr'><strong>loquentes</strong></span> <span class='ocrx_word' id='word_1_435' title='bbox 1096 4099 1207 4163; x_wconf 91' lang='lat' dir='ltr'><strong>minus</strong></span> <span class='ocrx_word' id='word_1_436' title='bbox 1228 4097 1324 4164; x_wconf 89' lang='lat' dir='ltr'><strong>facile</strong></span> <span class='ocrx_word' id='word_1_437' title='bbox 1345 4104 1420 4180; x_wconf 89' lang='lat' dir='ltr'><strong>post</strong></span> <span class='ocrx_word' id='word_1_438' title='bbox 1439 4103 1570 4162; x_wconf 86' lang='lat' dir='ltr'><strong>tantum</strong></span> <span class='ocrx_word' id='word_1_439' title='bbox 1587 4104 1773 4182; x_wconf 90' lang='lat' dir='ltr'><strong>temporum</strong></span> <span class='ocrx_word' id='word_1_440' title='bbox 1790 4096 1999 4162; x_wconf 83' lang='lat' dir='ltr'><strong>intervallum</strong></span> <span class='ocrx_word' id='word_1_441' title='bbox 2021 4095 2119 4160; x_wconf 89' lang='lat' dir='ltr'><strong>intel·</strong></span> 
     </span>
     <span class='ocr_line' id='line_1_35' title="bbox 128 4203 2119 4295; baseline -0.001 -21"><span class='ocrx_word' id='word_1_442' title='bbox 128 4203 274 4290; x_wconf 82' lang='lat' dir='ltr'><strong>ligantur.</strong></span> <span class='ocrx_word' id='word_1_443' title='bbox 319 4207 449 4274; x_wconf 86' lang='lat' dir='ltr'><strong>Verum</strong></span> <span class='ocrx_word' id='word_1_444' title='bbox 474 4211 510 4275; x_wconf 95' lang='lat' dir='ltr'><strong>in</strong></span> <span class='ocrx_word' id='word_1_445' title='bbox 537 4209 590 4276; x_wconf 92' lang='lat' dir='ltr'><strong>his</strong></span> <span class='ocrx_word' id='word_1_446' title='bbox 617 4231 743 4294; x_wconf 90' lang='lat' dir='ltr'><strong>quoque</strong></span> <span class='ocrx_word' id='word_1_447' title='bbox 772 4210 977 4295; x_wconf 89' lang='lat' dir='ltr'><strong>aliquatenus</strong></span> <span class='ocrx_word' id='word_1_448' title='bbox 1007 4211 1082 4277; x_wconf 90' lang='lat' dir='ltr'><strong>stilo</strong></span> <span class='ocrx_word' id='word_1_449' title='bbox 1109 4209 1359 4294; x_wconf 88' lang='lat' dir='ltr'><strong>temperandum</strong></span> <span class='ocrx_word' id='word_1_450' title='bbox 1389 4206 1558 4288; x_wconf 82' lang='lat' dir='ltr'><strong>duximus,</strong></span> <span class='ocrx_word' id='word_1_451' title='bbox 1588 4229 1631 4272; x_wconf 91' lang='lat' dir='ltr'><strong>ne</strong></span> <span class='ocrx_word' id='word_1_452' title='bbox 1658 4209 1694 4272; x_wconf 92' lang='lat' dir='ltr'><strong>in</strong></span> <span class='ocrx_word' id='word_1_453' title='bbox 1721 4208 1947 4273; x_wconf 89' lang='lat' dir='ltr'><strong>commentarii</strong></span> <span class='ocrx_word' id='word_1_454' title='bbox 1969 4207 2119 4291; x_wconf 90' lang='lat' dir='ltr'><strong>perpetui</strong></span> 
     </span>
     <span class='ocr_line' id='line_1_36' title="bbox 128 4317 2118 4406; baseline 0.002 -25"><span class='ocrx_word' id='word_1_455' title='bbox 128 4317 240 4384; x_wconf 89' lang='lat' dir='ltr'><strong>molem</strong></span> <span class='ocrx_word' id='word_1_456' title='bbox 262 4329 497 4387; x_wconf 87' lang='lat' dir='ltr'><strong>excrescerent.</strong></span> <span class='ocrx_word' id='word_1_457' title='bbox 541 4322 650 4388; x_wconf 85' lang='lat' dir='ltr'><strong>Multa</strong></span> <span class='ocrx_word' id='word_1_458' title='bbox 671 4331 841 4406; x_wconf 88' lang='lat' dir='ltr'><strong>praeterea</strong></span> <span class='ocrx_word' id='word_1_459' title='bbox 863 4333 943 4389; x_wconf 89' lang='lat' dir='ltr'><strong>sunt</strong></span> <span class='ocrx_word' id='word_1_460' title='bbox 963 4342 1046 4406; x_wconf 88' lang='lat' dir='ltr'><strong>quae</strong></span> <span class='ocrx_word' id='word_1_461' title='bbox 1068 4321 1164 4388; x_wconf 91' lang='lat' dir='ltr'><strong>hodie</strong></span> <span class='ocrx_word' id='word_1_462' title='bbox 1185 4321 1240 4388; x_wconf 86' lang='lat' dir='ltr'><strong>vel</strong></span> <span class='ocrx_word' id='word_1_463' title='bbox 1262 4321 1464 4387; x_wconf 91' lang='lat' dir='ltr'><strong>doctissimos</strong></span> <span class='ocrx_word' id='word_1_464' title='bbox 1484 4320 1627 4404; x_wconf 90' lang='lat' dir='ltr'><strong>fugiant,</strong></span> <span class='ocrx_word' id='word_1_465' title='bbox 1657 4333 1763 4402; x_wconf 85' lang='lat' dir='ltr'><strong>neque</strong></span> <span class='ocrx_word' id='word_1_466' title='bbox 1784 4319 1996 4402; x_wconf 87' lang='lat' dir='ltr'><strong>quantumvis</strong></span> <span class='ocrx_word' id='word_1_467' title='bbox 2016 4319 2118 4403; x_wconf 87' lang='lat' dir='ltr'><strong>perti·</strong></span> 
     </span>
     <span class='ocr_line' id='line_1_37' title="bbox 128 4429 2118 4518; baseline 0 -24"><span class='ocrx_word' id='word_1_468' title='bbox 128 4431 195 4496; x_wconf 90' lang='lat' dir='ltr'><strong>naoi</strong></span> <span class='ocrx_word' id='word_1_469' title='bbox 216 4431 445 4516; x_wconf 80' lang='lat' dir='ltr'><strong>indagantium</strong></span> <span class='ocrx_word' id='word_1_470' title='bbox 465 4451 544 4498; x_wconf 87' lang='lat' dir='ltr'><strong>eura</strong></span> <span class='ocrx_word' id='word_1_471' title='bbox 565 4433 720 4499; x_wconf 88' lang='lat' dir='ltr'><strong>elucidari</strong></span> <span class='ocrx_word' id='word_1_472' title='bbox 742 4441 872 4517; x_wconf 89' lang='lat' dir='ltr'><strong>queant</strong></span> <span class='ocrx_word' id='word_1_473' title='bbox 918 4435 969 4500; x_wconf 78' lang='lat' dir='ltr'><strong>&#39;fu</strong></span> <span class='ocrx_word' id='word_1_474' title='bbox 990 4433 1091 4518; x_wconf 87' lang='lat' dir='ltr'><strong>igitur</strong></span> <span class='ocrx_word' id='word_1_475' title='bbox 1112 4433 1195 4500; x_wconf 92' lang='lat' dir='ltr'><strong>nolis</strong></span> <span class='ocrx_word' id='word_1_476' title='bbox 1216 4432 1338 4512; x_wconf 88' lang='lat' dir='ltr'><strong>mirari,</strong></span> <span class='ocrx_word' id='word_1_477' title='bbox 1369 4431 1424 4497; x_wconf 85' lang='lat' dir='ltr'><strong>vel</strong></span> <span class='ocrx_word' id='word_1_478' title='bbox 1445 4430 1525 4496; x_wconf 88' lang='lat' dir='ltr'><strong>adeo</strong></span> <span class='ocrx_word' id='word_1_479' title='bbox 1546 4430 1628 4497; x_wconf 88' lang='lat' dir='ltr'><strong>vitio</strong></span> <span class='ocrx_word' id='word_1_480' title='bbox 1650 4429 1745 4496; x_wconf 91' lang='lat' dir='ltr'><strong>nobis</strong></span> <span class='ocrx_word' id='word_1_481' title='bbox 1764 4439 1904 4510; x_wconf 84' lang='lat' dir='ltr'><strong>vertere,</strong></span> <span class='ocrx_word' id='word_1_482' title='bbox 1928 4429 2031 4496; x_wconf 91' lang='lat' dir='ltr'><strong>sieubi</strong></span> <span class='ocrx_word' id='word_1_483' title='bbox 2051 4451 2118 4495; x_wconf 92' lang='lat' dir='ltr'><strong>non</strong></span> 
     </span>
     <span class='ocr_line' id='line_1_38' title="bbox 129 4540 2119 4629; baseline 0.001 -26"><span class='ocrx_word' id='word_1_484' title='bbox 129 4543 211 4606; x_wconf 91' lang='lat' dir='ltr'><strong>omni</strong></span> <span class='ocrx_word' id='word_1_485' title='bbox 233 4565 276 4609; x_wconf 88' lang='lat' dir='ltr'><strong>ex</strong></span> <span class='ocrx_word' id='word_1_486' title='bbox 296 4551 390 4626; x_wconf 89' lang='lat' dir='ltr'><strong>parte</strong></span> <span class='ocrx_word' id='word_1_487' title='bbox 418 4543 478 4611; x_wconf 91' lang='lat' dir='ltr'><strong>tibi</strong></span> <span class='ocrx_word' id='word_1_488' title='bbox 506 4545 758 4610; x_wconf 85' lang='lat' dir='ltr'><strong>satisfecerimus</strong></span> <span class='ocrx_word' id='word_1_489' title='bbox 787 4545 824 4609; x_wconf 92' lang='lat' dir='ltr'><strong>in</strong></span> <span class='ocrx_word' id='word_1_490' title='bbox 852 4543 991 4629; x_wconf 85' lang='lat' dir='ltr'><strong>singolis</strong></span> <span class='ocrx_word' id='word_1_491' title='bbox 1019 4541 1234 4612; x_wconf 84' lang='lat' dir='ltr'><strong>enucleandis.</strong></span> <span class='ocrx_word' id='word_1_492' title='bbox 1284 4543 1419 4610; x_wconf 79' lang='lat' dir='ltr'><strong>Etenim</strong></span> <span class='ocrx_word' id='word_1_493' title='bbox 1446 4540 1500 4610; x_wconf 84' lang='lat' dir='ltr'><strong>vel</strong></span> <span class='ocrx_word' id='word_1_494' title='bbox 1527 4542 1561 4606; x_wconf 93' lang='lat' dir='ltr'><strong>in</strong></span> <span class='ocrx_word' id='word_1_495' title='bbox 1589 4540 1845 4608; x_wconf 89' lang='lat' dir='ltr'><strong>clarissimorum</strong></span> <span class='ocrx_word' id='word_1_496' title='bbox 1872 4543 2019 4608; x_wconf 81' lang='lat' dir='ltr'><strong>virorum</strong></span> <span class='ocrx_word' id='word_1_497' title='bbox 2048 4542 2119 4606; x_wconf 85' lang='lat' dir='ltr'><strong>vita</strong></span> 
     </span>
     <span class='ocr_line' id='line_1_39' title="bbox 129 4651 2118 4741; baseline 0 -26"><span class='ocrx_word' id='word_1_498' title='bbox 129 4659 202 4717; x_wconf 91' lang='lat' dir='ltr'><strong>sunt</strong></span> <span class='ocrx_word' id='word_1_499' title='bbox 221 4675 305 4739; x_wconf 86' lang='lat' dir='ltr'><strong>quae</strong></span> <span class='ocrx_word' id='word_1_500' title='bbox 326 4655 470 4741; x_wconf 86' lang='lat' dir='ltr'><strong>ignorari</strong></span> <span class='ocrx_word' id='word_1_501' title='bbox 489 4657 617 4740; x_wconf 89' lang='lat' dir='ltr'><strong>possint</strong></span> <span class='ocrx_word' id='word_1_502' title='bbox 634 4655 754 4739; x_wconf 89' lang='lat' dir='ltr'><strong>absque</strong></span> <span class='ocrx_word' id='word_1_503' title='bbox 773 4654 845 4720; x_wconf 85' lang='lat' dir='ltr'><strong>ullo</strong></span> <span class='ocrx_word' id='word_1_504' title='bbox 860 4655 988 4734; x_wconf 90' lang='lat' dir='ltr'><strong>damno,</strong></span> <span class='ocrx_word' id='word_1_505' title='bbox 1011 4663 1044 4722; x_wconf 89' lang='lat' dir='ltr'><strong>et</strong></span> <span class='ocrx_word' id='word_1_506' title='bbox 1065 4678 1167 4741; x_wconf 92' lang='lat' dir='ltr'><strong>quum</strong></span> <span class='ocrx_word' id='word_1_507' title='bbox 1184 4677 1252 4722; x_wconf 91' lang='lat' dir='ltr'><strong>non</strong></span> <span class='ocrx_word' id='word_1_508' title='bbox 1271 4657 1305 4721; x_wconf 91' lang='lat' dir='ltr'><strong>in</strong></span> <span class='ocrx_word' id='word_1_509' title='bbox 1323 4655 1468 4721; x_wconf 88' lang='lat' dir='ltr'><strong>tironum</strong></span> <span class='ocrx_word' id='word_1_510' title='bbox 1485 4673 1582 4718; x_wconf 90' lang='lat' dir='ltr'><strong>usum</strong></span> <span class='ocrx_word' id='word_1_511' title='bbox 1599 4651 1688 4719; x_wconf 90' lang='lat' dir='ltr'><strong>hune</strong></span> <span class='ocrx_word' id='word_1_512' title='bbox 1705 4653 1897 4719; x_wconf 87' lang='lat' dir='ltr'><strong>thesaurum</strong></span> <span class='ocrx_word' id='word_1_513' title='bbox 1915 4651 2118 4738; x_wconf 90' lang='lat' dir='ltr'><strong>epistelieum</strong></span> 
     </span>
     <span class='ocr_line' id='line_1_40' title="bbox 129 4762 2116 4856; baseline 0 -29"><span class='ocrx_word' id='word_1_514' title='bbox 129 4762 271 4846; x_wconf 90' lang='lat' dir='ltr'><strong>edamus,</strong></span> <span class='ocrx_word' id='word_1_515' title='bbox 298 4765 442 4850; x_wconf 89' lang='lat' dir='ltr'><strong>plurima</strong></span> <span class='ocrx_word' id='word_1_516' title='bbox 469 4766 524 4833; x_wconf 85' lang='lat' dir='ltr'><strong>rel</strong></span> <span class='ocrx_word' id='word_1_517' title='bbox 550 4767 666 4833; x_wconf 85' lang='lat' dir='ltr'><strong>leviter</strong></span> <span class='ocrx_word' id='word_1_518' title='bbox 694 4765 842 4850; x_wconf 86' lang='lat' dir='ltr'><strong>attigisse</strong></span> <span class='ocrx_word' id='word_1_519' title='bbox 870 4767 924 4832; x_wconf 87' lang='lat' dir='ltr'><strong>vel</strong></span> <span class='ocrx_word' id='word_1_520' title='bbox 950 4773 1026 4833; x_wconf 89' lang='lat' dir='ltr'><strong>tuae</strong></span> <span class='ocrx_word' id='word_1_521' title='bbox 1054 4768 1157 4851; x_wconf 89' lang='lat' dir='ltr'><strong>ipsius</strong></span> <span class='ocrx_word' id='word_1_522' title='bbox 1185 4767 1357 4852; x_wconf 85' lang='lat' dir='ltr'><strong>sagacitati</strong></span> <span class='ocrx_word' id='word_1_523' title='bbox 1384 4764 1571 4850; x_wconf 87' lang='lat' dir='ltr'><strong>permisisse</strong></span> <span class='ocrx_word' id='word_1_524' title='bbox 1599 4785 1665 4830; x_wconf 93' lang='lat' dir='ltr'><strong>non</strong></span> <span class='ocrx_word' id='word_1_525' title='bbox 1692 4764 1756 4829; x_wconf 89' lang='lat' dir='ltr'><strong>erit</strong></span> <span class='ocrx_word' id='word_1_526' title='bbox 1783 4765 1867 4848; x_wconf 93' lang='lat' dir='ltr'><strong>quod</strong></span> <span class='ocrx_word' id='word_1_527' title='bbox 1896 4763 2116 4856; x_wconf 80' lang='lat' dir='ltr'><strong>deprecemur.</strong></span> 
     </span>
     <span class='ocr_line' id='line_1_41' title="bbox 129 4871 2116 4962; baseline 0.001 -24"><span class='ocrx_word' id='word_1_528' title='bbox 129 4871 236 4941; x_wconf 72' lang='lat' dir='ltr'><strong>Talem</strong></span> <span class='ocrx_word' id='word_1_529' title='bbox 258 4876 390 4961; x_wconf 90' lang='lat' dir='ltr'><strong>quidem</strong></span> <span class='ocrx_word' id='word_1_530' title='bbox 412 4879 659 4944; x_wconf 88' lang='lat' dir='ltr'><strong>annotationum</strong></span> <span class='ocrx_word' id='word_1_531' title='bbox 680 4878 785 4944; x_wconf 91' lang='lat' dir='ltr'><strong>omnis</strong></span> <span class='ocrx_word' id='word_1_532' title='bbox 801 4877 933 4962; x_wconf 86' lang='lat' dir='ltr'><strong>generis</strong></span> <span class='ocrx_word' id='word_1_533' title='bbox 949 4877 1197 4961; x_wconf 90' lang='lat' dir='ltr'><strong>amplitudinem</strong></span> <span class='ocrx_word' id='word_1_534' title='bbox 1214 4879 1347 4962; x_wconf 90' lang='lat' dir='ltr'><strong>qualem</strong></span> <span class='ocrx_word' id='word_1_535' title='bbox 1355 4875 1620 4960; x_wconf 87' lang='lat' dir='ltr'><strong>Herminjardus,</strong></span> <span class='ocrx_word' id='word_1_536' title='bbox 1642 4875 1694 4942; x_wconf 81' lang='lat' dir='ltr'><strong>vir</strong></span> <span class='ocrx_word' id='word_1_537' title='bbox 1716 4897 1873 4954; x_wconf 91' lang='lat' dir='ltr'><strong>summus,</strong></span> <span class='ocrx_word' id='word_1_538' title='bbox 1894 4896 1937 4941; x_wconf 81' lang='lat' dir='ltr'><strong>er</strong></span> <span class='ocrx_word' id='word_1_539' title='bbox 1959 4874 2027 4941; x_wconf 91' lang='lat' dir='ltr'><strong>suis</strong></span> <span class='ocrx_word' id='word_1_540' title='bbox 2046 4879 2116 4939; x_wconf 86' lang='lat' dir='ltr'><strong>stu-</strong></span> 
     </span>
     <span class='ocr_line' id='line_1_42' title="bbox 128 4985 2116 5074; baseline 0.001 -25"><span class='ocrx_word' id='word_1_541' title='bbox 128 4986 248 5066; x_wconf 90' lang='lat' dir='ltr'><strong>pendae</strong></span> <span class='ocrx_word' id='word_1_542' title='bbox 269 4988 437 5055; x_wconf 90' lang='lat' dir='ltr'><strong>doetrinae</strong></span> <span class='ocrx_word' id='word_1_543' title='bbox 465 4991 668 5074; x_wconf 90' lang='lat' dir='ltr'><strong>oornuoopiis</strong></span> <span class='ocrx_word' id='word_1_544' title='bbox 694 4989 817 5073; x_wconf 88' lang='lat' dir='ltr'><strong>passim</strong></span> <span class='ocrx_word' id='word_1_545' title='bbox 838 4987 1030 5071; x_wconf 89' lang='lat' dir='ltr'><strong>depromsit,</strong></span> <span class='ocrx_word' id='word_1_546' title='bbox 1057 4989 1112 5057; x_wconf 90' lang='lat' dir='ltr'><strong>hio</strong></span> <span class='ocrx_word' id='word_1_547' title='bbox 1140 4999 1174 5055; x_wconf 90' lang='lat' dir='ltr'><strong>et</strong></span> <span class='ocrx_word' id='word_1_548' title='bbox 1201 4988 1357 5055; x_wconf 85' lang='lat' dir='ltr'><strong>exhibere</strong></span> <span class='ocrx_word' id='word_1_549' title='bbox 1377 4987 1556 5067; x_wconf 91' lang='lat' dir='ltr'><strong>noluimus,</strong></span> <span class='ocrx_word' id='word_1_550' title='bbox 1583 4995 1625 5066; x_wconf 90' lang='lat' dir='ltr'><strong>et,</strong></span> <span class='ocrx_word' id='word_1_551' title='bbox 1653 4991 1691 5052; x_wconf 92' lang='lat' dir='ltr'><strong>ut</strong></span> <span class='ocrx_word' id='word_1_552' title='bbox 1711 4985 1813 5053; x_wconf 89' lang='lat' dir='ltr'><strong>libere</strong></span> <span class='ocrx_word' id='word_1_553' title='bbox 1835 4986 1989 5066; x_wconf 89' lang='lat' dir='ltr'><strong>dieamus,</strong></span> <span class='ocrx_word' id='word_1_554' title='bbox 2012 4987 2039 5051; x_wconf 91' lang='lat' dir='ltr'><strong>si</strong></span> <span class='ocrx_word' id='word_1_555' title='bbox 2060 4985 2116 5051; x_wconf 86' lang='lat' dir='ltr'><strong>rel</strong></span> 
     </span>
     <span class='ocr_line' id='line_1_43' title="bbox 128 5097 2116 5183; baseline 0.001 -21"><span class='ocrx_word' id='word_1_556' title='bbox 128 5097 251 5165; x_wconf 83' lang='lat' dir='ltr'><strong>ammos</strong></span> <span class='ocrx_word' id='word_1_557' title='bbox 270 5099 394 5180; x_wconf 74' lang='lat' dir='ltr'><strong>fuisset,</strong></span> <span class='ocrx_word' id='word_1_558' title='bbox 417 5113 452 5170; x_wconf 87' lang='lat' dir='ltr'><strong>at</strong></span> <span class='ocrx_word' id='word_1_559' title='bbox 472 5101 610 5168; x_wconf 86' lang='lat' dir='ltr'><strong>fortasse</strong></span> <span class='ocrx_word' id='word_1_560' title='bbox 636 5103 723 5168; x_wconf 85' lang='lat' dir='ltr'><strong>vires</strong></span> <span class='ocrx_word' id='word_1_561' title='bbox 750 5099 937 5166; x_wconf 89' lang='lat' dir='ltr'><strong>defuissent</strong></span> <span class='ocrx_word' id='word_1_562' title='bbox 981 5099 1112 5167; x_wconf 86' lang='lat' dir='ltr'><strong>Indices</strong></span> <span class='ocrx_word' id='word_1_563' title='bbox 1139 5121 1218 5167; x_wconf 84' lang='lat' dir='ltr'><strong>vero</strong></span> <span class='ocrx_word' id='word_1_564' title='bbox 1245 5100 1456 5183; x_wconf 84' lang='lat' dir='ltr'><strong>copiosissimi</strong></span> <span class='ocrx_word' id='word_1_565' title='bbox 1483 5105 1518 5165; x_wconf 83' lang='lat' dir='ltr'><strong>et</strong></span> <span class='ocrx_word' id='word_1_566' title='bbox 1545 5098 1658 5182; x_wconf 89' lang='lat' dir='ltr'><strong>quales</strong></span> <span class='ocrx_word' id='word_1_567' title='bbox 1684 5099 1721 5164; x_wconf 93' lang='lat' dir='ltr'><strong>in</strong></span> <span class='ocrx_word' id='word_1_568' title='bbox 1746 5097 1921 5171; x_wconf 80' lang='lat' dir='ltr'><strong>Calvinum</strong></span> <span class='ocrx_word' id='word_1_569' title='bbox 1946 5116 2116 5181; x_wconf 90' lang='lat' dir='ltr'><strong>nunquam</strong></span> 
     </span>
     <span class='ocr_line' id='line_1_44' title="bbox 129 5205 2115 5296; baseline 0.002 -25"><span class='ocrx_word' id='word_1_570' title='bbox 129 5205 230 5276; x_wconf 88' lang='lat' dir='ltr'><strong>adhuc</strong></span> <span class='ocrx_word' id='word_1_571' title='bbox 251 5209 329 5276; x_wconf 90' lang='lat' dir='ltr'><strong>editi</strong></span> <span class='ocrx_word' id='word_1_572' title='bbox 352 5221 437 5294; x_wconf 88' lang='lat' dir='ltr'><strong>sunt,</strong></span> <span class='ocrx_word' id='word_1_573' title='bbox 459 5213 540 5278; x_wconf 90' lang='lat' dir='ltr'><strong>item</strong></span> <span class='ocrx_word' id='word_1_574' title='bbox 561 5211 709 5278; x_wconf 82' lang='lat' dir='ltr'><strong>Annales</strong></span> <span class='ocrx_word' id='word_1_575' title='bbox 730 5213 876 5284; x_wconf 84' lang='lat' dir='ltr'><strong>maxima</strong></span> <span class='ocrx_word' id='word_1_576' title='bbox 897 5231 971 5278; x_wconf 89' lang='lat' dir='ltr'><strong>oum</strong></span> <span class='ocrx_word' id='word_1_577' title='bbox 999 5211 1173 5279; x_wconf 87' lang='lat' dir='ltr'><strong>sedulitate</strong></span> <span class='ocrx_word' id='word_1_578' title='bbox 1194 5226 1260 5278; x_wconf 81' lang='lat' dir='ltr'><strong>tam</strong></span> <span class='ocrx_word' id='word_1_579' title='bbox 1282 5233 1324 5278; x_wconf 87' lang='lat' dir='ltr'><strong>ex</strong></span> <span class='ocrx_word' id='word_1_580' title='bbox 1343 5211 1424 5296; x_wconf 90' lang='lat' dir='ltr'><strong>ipsis</strong></span> <span class='ocrx_word' id='word_1_581' title='bbox 1451 5211 1503 5277; x_wconf 88' lang='lat' dir='ltr'><strong>his</strong></span> <span class='ocrx_word' id='word_1_582' title='bbox 1531 5209 1677 5295; x_wconf 88' lang='lat' dir='ltr'><strong>epistolis</strong></span> <span class='ocrx_word' id='word_1_583' title='bbox 1698 5231 1797 5294; x_wconf 88' lang='lat' dir='ltr'><strong>quam</strong></span> <span class='ocrx_word' id='word_1_584' title='bbox 1819 5231 1860 5275; x_wconf 85' lang='lat' dir='ltr'><strong>ex</strong></span> <span class='ocrx_word' id='word_1_585' title='bbox 1882 5207 1955 5274; x_wconf 91' lang='lat' dir='ltr'><strong>aliis</strong></span> <span class='ocrx_word' id='word_1_586' title='bbox 1977 5207 2115 5275; x_wconf 86' lang='lat' dir='ltr'><strong>authen·</strong></span> 
     </span>
    </p>
   </div>
   <div class='ocr_carea' id='block_1_3' title="bbox 0 0 2396 6010">
    <p class='ocr_par' dir='ltr' id='par_1_6' title="bbox 0 0 2396 6010">
     <span class='ocr_line' id='line_1_45' title="bbox 0 0 2396 6010; baseline 0 0"><span class='ocrx_word' id='word_1_587' title='bbox 0 0 2396 6010; x_wconf 95' lang='lat' dir='ltr'><strong> </strong></span> 
     </span>
    </p>
   </div>
  </div>
 </body>
</html>
