4782 6010
960 334 1328 404 PROLEGOllOENA.
2054 335 2145 403 m

150 521 278 588 Caluini
300 523 465 606 epistolae.
510 523 615 608 (Neue
638 523 846 590 Noebriritteo
873 544 934 590 aon
954 527 1025 592 dero
1053 525 1228 592 heuman
1248 523 1435 608 monheim
1455 523 1553 590 Arete
1575 523 1714 590 Mittoel
1737 523 1860 588 Sardo
1880 525 1937 590 der
1956 543 1999 589 ru
2025 523 2145 592 oenoe

146 635 188 700 iol
207 634 372 700 aenaea
392 635 523 729 worden.
568 635 746 702 Hemeseo
769 641 858 701 1⁷50.
881 635 927 722 4.)
954 636 1046 701 Alios
1074 636 1154 702 duos
1180 637 1293 702 titulos
1315 637 1417 701 Temo
1440 634 1537 700 VIII.
1564 644 1676 701 nostro
1699 636 1868 704 oooasione
1890 637 1999 702 oblata
2020 637 2144 721 passim

146 752 340 812 memoratos
359 745 425 813 huo
450 734 530 812 verri
551 767 616 813 non
638 749 840 832 pertinentes
859 747 1086 832 praeterimus.
1135 748 1246 814 Etiam
1266 746 1307 813 de
1329 747 1457 814 Rillieti
1478 745 1520 814 V.
1542 747 1584 814 D.
1607 745 1772 813 laboribus
1792 746 1913 814 ibidem
1936 747 2060 814 dietum
2082 755 2142 814 est

295 857 350 922 Ex
372 858 413 924 iis
435 859 492 941 qui
512 858 684 924 historiam
710 859 960 926 eeclesiastioam
988 861 1023 924 in
1044 879 1105 924 sna
1124 859 1340 942 amplitudine
1358 866 1554 938 traotaront,
1585 858 1770 925 laudandus
1791 865 1842 925 est
1862 860 1910 924 Io.
1933 859 2036 926 Honr.
2059 859 2144 926 Hot-

147 969 254 1052 tinger
277 969 476 1050 Turioensis
497 970 592 1038 ouius
610 970 675 1037 huo
693 971 839 1054 partinet
858 971 943 1037 Pars
964 971 1025 1036 IV.
1070 971 1238 1037 saeoulum
1258 971 1355 1036 XVI.
1379 969 1556 1054 eomplexa.
1592 975 1683 1034 1654.

295 1081 407 1147 Etiam
428 1083 516 1147 inter
537 1103 592 1148 eos
611 1083 667 1166 qui
689 1082 863 1148 historiam
883 1083 1123 1149 reformationis
1144 1082 1274 1148 saeonlo
1290 1081 1387 1148 xvi.
1409 1084 1444 1148 in
1466 1082 1622 1148 Helvetia
1642 1082 1757 1160 foetes,
1775 1081 1830 1145 vel
1852 1081 2022 1165 speciatim
2044 1080 2144 1148 eoele-

144 1192 208 1258 siae
233 1191 438 1259 Genevensis
466 1194 684 1278 seripserunt,
712 1193 883 1260 nonnullis
911 1191 954 1259 ud
981 1193 1215 1260 illustrandum¹
1239 1202 1274 1260 et
1294 1192 1553 1260 oonfirmandam
1581 1214 1694 1260 rernm
1716 1201 1883 1277 gestarum
1905 1193 2145 1276 expositionem

144 1302 213 1386 ipsa
234 1305 357 1387 soripta
384 1303 573 1372 authentica
593 1305 695 1372 verbo
723 1314 818 1372 tenus
845 1303 1020 1372 leoteribus
1049 1325 1231 1389 proponere
1259 1305 1398 1388 plaouit,
1427 1327 1507 1372 sone
1529 1303 1685 1371 laudabili
1714 1304 1847 1370 oonsilio
1869 1305 1946 1371 usis.
1992 1304 2144 1370 Primum

143 1413 202 1480 tibi
223 1413 277 1480 bio
301 1416 449 1482 sistimus
472 1416 697 1483 Abrahamum
717 1417 865 1496 Ruohet,
894 1417 972 1483 olim
999 1416 1171 1482 literarum
1192 1417 1411 1500 professorem
1438 1418 1475 1482 in
1497 1417 1664 1484 academia
1684 1416 1923 1496 Lausannensi,
1946 1416 2040 1482 ouius
2061 1436 2144 1499 opus

143 1547 182 1592 ex
203 1532 296 1609 parte
318 1527 515 1611 impressum
536 1527 660 1612 prodiit
672 1527 827 1595 Genavae
848 1549 876 1595 a.
902 1532 982 1592 1727
1005 1538 1038 1594 ot
1060 1549 1125 1612 seq.
1150 1533 1168 1590 6
1192 1529 1290 1594 tomis
1311 1529 1435 1594 lormae
1457 1528 1602 1594 minoris.
1635 1527 1767 1594 Nostris
1789 1527 1922 1592 demum
1942 1527 2144 1610 temporibus

142 1636 307 1721 integrum
329 1637 432 1704 edidit
453 1639 493 1704 1..
516 1639 706 1704 Vulliemin.
751 1639 908 1724 (Histoire
928 1642 967 1707 de
986 1641 1019 1707 iu
1040 1641 1243 1723 reformabor
1271 1641 1310 1706 de
1339 1641 1373 1705 la
1397 1639 1508 1706 Suissa
1523 1660 1590 1721 por
1611 1639 1653 1704 A.
1678 1637 1802 1704 Ruobot
1824 1687 1832 1704 .
1854 1689 1862 1703 .
1887 1686 1894 1701 .
1916 1624 2050 1704 Editioa
2070 1657 2143 1704 aveo

142 1751 326 1830 appendices
347 1755 375 1814 d
395 1772 456 1816 urae
476 1751 573 1816 ootioe
592 1771 652 1816 aar
673 1751 706 1818 lo
727 1753 777 1816 oie
797 1757 826 1817 et
845 1751 890 1818 leo
910 1772 1062 1836 ouoropes
1076 1751 1250 1817 de-Raobot
1269 1771 1332 1834 por
1346 1752 1384 1817 L.
1405 1751 1590 1818 Volliernio:
1614 1749 2142 1834 Premiireportie1516b1536.

143 1865 163 1924 4
189 1867 290 1929 tuae.
338 1859 471 1928 Saena
492 1864 599 1946 parre
628 1867 721 1928 1536
748 1863 769 1928 ὰ
799 1867 900 1929 1566.
947 1864 1058 1930 Tomos
1085 1866 1107 1928 5
1127 1863 1149 1928 ὰ
1172 1869 1202 1930 7.
1226 1863 1328 1948 Nym,
1353 1863 1457 1930 osez.
1482 1867 1719 1932 1835—1838.
1755 1861 1823 1948 ει.)
1856 1863 1936 1928 una
1961 1862 2145 1946 posteriora

141 1971 310 2040 volumina
330 1974 429 2040 huius
448 1975 556 2058 operis
577 1995 662 2058 quae
687 1974 849 2041 seeundae
870 1977 974 2058 partis
996 1975 1093 2041 titulo
1113 1975 1271 2055 veniunt,
1299 1997 1319 2040 e
1340 1973 1468 2042 sohedis
1490 1975 1616 2041 autoris
1637 1973 1692 2040 hio
1713 1973 1858 2058 primum
1878 1975 1915 2038 in
1936 1973 2044 2040 luoem
2065 1995 2141 2058 pro-

141 2082 238 2164 diere,
261 2091 359 2170 atqne
379 2086 415 2150 in
438 2085 490 2152 his
511 2086 589 2152 solis
612 2107 678 2152 non
700 2107 824 2170 paneae
846 2087 988 2164 obortae,
1011 2085 1053 2152 ad
1075 2095 1188 2152 nostra
1205 2093 1313 2154 eastra
1333 2087 1536 2171 pertinentes
1558 2084 1748 2170 appenditis
1769 2087 1842 2152 vioe
1863 2085 1906 2150 sd
1927 2085 2051 2168 oaleem
2072 2085 2141 2150 sin-

140 2196 292 2280 gulorum
314 2203 478 2262 tomorum
500 2196 612 2264 addito
633 2199 852 2282 reperiuntur.
897 2197 991 2280 Quos
1015 2207 1124 2265 tamen
1146 2199 1235 2265 unde
1256 2199 1434 2283 sumpserit
1454 2199 1606 2284 nuspiam
1627 2197 1752 2264 indieat
1770 2197 1915 2280 alioquin
1932 2195 2141 2264 doctissimus

140 2305 251 2373 editor.
294 2307 463 2374 Plurimae
490 2318 661 2394 praeterea
686 2309 841 2394 epistolae
870 2329 912 2375 ex
933 2317 1026 2393 parte
1052 2318 1183 2376 tantum
1206 2311 1401 2394 desoriptae,
1430 2312 1477 2375 ita
1497 2319 1536 2376 ut
1557 2309 1599 2376 ad
1620 2317 1767 2376 nostram
1786 2329 1859 2373 ram
1880 2309 1937 2374 vix
1957 2328 1995 2375 oe
2016 2329 2060 2372 ne
2082 2309 2141 2375 vix

139 2417 271 2502 quidem
292 2421 399 2486 faeere
420 2421 556 2504 possint.
601 2420 699 2503 Quod
721 2429 832 2487 tumen
860 2443 898 2487 eo
919 2422 1030 2487 minus
1050 2422 1240 2502 dolendum,
1263 2421 1350 2506 quod
1371 2421 1575 2506 paneissimis
1598 2421 1744 2504 exeeptis
1765 2419 1896 2486 easdem
1918 2421 1954 2484 in
1975 2418 2140 2486 oodioibus

140 2529 406 2611 Genevensibus‚
436 2533 613 2599 nonnullas
642 2533 741 2598 etium
762 2533 918 2600 Neooomi
945 2534 1082 2618 reperiri
1109 2535 1259 2618 oontigit‚
1285 2533 1366 2600 adeo
1392 2542 1431 2599 ut
1451 2555 1539 2600 nono
1560 2533 1628 2599 ism
1650 2531 1738 2616 apud
1760 2532 1951 2596 Bonneturn
1977 2531 2139 2616 legantur,

139 2661 239 2724 quum
260 2642 329 2708 fera
351 2642 393 2708 ed
414 2664 515 2708 unam
537 2665 650 2711 omnes
672 2644 810 2729 gallioae
830 2646 905 2711 sint
948 2645 1063 2711 Habes
1084 2653 1173 2710 tomo
1194 2647 1308 2730 quinto
1329 2647 1449 2730 viginti
1470 2655 1611 2730 septem,
1638 2645 1778 2728 septimo
1805 2665 1925 2710 novem
1954 2651 1988 2708 et
2009 2651 2141 2727 septua-

137 2754 228 2838 ginta
245 2752 439 2820 doonmenta
455 2756 525 2820 eins
537 2756 666 2840 generis
677 2755 763 2839 quod
779 2755 876 2822 modo
892 2755 1099 2841 depinximus
1116 2758 1248 2823 inserta
1283 2756 1460 2823 Ooeterum
1475 2778 1556 2842 opus
1566 2757 1760 2822 historioum
1775 2757 1883 2839 ipsum
1894 2756 2012 2820 notitiu
2030 2775 2142 2821 rorum

136 2863 428 2950 loeupletiseimm
444 2865 558 2933 multis
579 2867 684 2933 modis
701 2867 743 2932 ad
758 2867 989 2934 illustrandum
1006 2867 1197 2934 thesaurum
1213 2875 1364 2934 nostrum
1379 2869 1584 2953 epistolioum
1605 2867 1714 2952 eopias
1735 2866 1927 2933 utilissimas
1943 2865 2140 2950 suppeditat

290 2976 452 3045 Paneiora
479 2977 615 3062 praebet
641 2977 837 3045 doeumenta
864 2977 989 3046 inedita
1010 2979 1211 3060 oalviniana,
1240 2979 1395 3064 epistolae
1422 3001 1500 3048 vero
1528 2980 1632 3063 ipsius
1659 2967 1883 3044 reformatoris
1903 2977 2027 3058 nullas,
2058 2997 2142 3062 opus

137 3087 384 3173 sotis·amplum
407 3097 440 3154 at
462 3111 563 3175 grave
584 3091 636 3157 oui
658 3091 775 3158 titulus
797 3099 861 3157 est:
884 3085 1027 3158 Histoire
1046 3091 1085 3157 de
1106 3091 1222 3175 l'eplise
1242 3093 1281 3157 de
1294 3091 1421 3173 Geretae,
1443 3093 1555 3175 depuis
1577 3091 1605 3158 le
1626 3094 1877 3157 commeroemeot
1890 3091 1935 3156 de
1955 3089 1989 3155 la
2009 3089 2144 3173 reformo

130 3200 263 3284 jioqo’o
285 3221 342 3268 ooo
354 3202 456 3282 jaare,
472 3221 539 3284 por
560 3201 592 3268 J.
619 3202 760 3284 oeteo,
782 3203 891 3269 oriem
906 3208 1049 3286 posteur.
1095 3203 1189 3269 Teme
1205 3197 1354 3285 premier.
1397 3202 1527 3283 Gestae,
1548 3200 1734 3268 obertate.
1770 3205 1870 3267 1858.
1914 3201 2142 3268 Posteriores

137 3313 207 3378 viro
230 3313 516 3398 praestantissimo
537 3312 625 3380 adito
645 3314 829 3396 volumina,
859 3335 961 3398 quum
988 3316 1169 3382 reeentiora
1189 3321 1348 3395 traotent,
1373 3315 1427 3381 hie
1448 3314 1656 3400 negligimus.
1700 3313 1817 3380 Priore
1838 3332 1918 3380 vero
1940 3311 2044 3378 multo
2066 3331 2142 3378 oum

137 3423 245 3492 fruetu
267 3445 329 3490 nos
351 3445 427 3490 usos
448 3446 519 3490 esse
540 3427 663 3510 passim
685 3447 727 3492 ox
748 3425 1013 3518 annotetionibus
1035 3427 1157 3492 nostris
1179 3426 1293 3493 disoes.
1545 3407 1550 3423 ⁸

292 3537 405 3602 Etiam
426 3537 566 3603 Amadai
586 3538 706 3622 Roget,
728 3538 791 3604 viri
814 3536 1001 3617 doetissimi‚
1023 3559 1106 3621 opus
1127 3559 1234 3622 nuper
1254 3539 1445 3604 inohoatum
1468 3537 1627 3622 (Histoire
1647 3537 1692 3602 du
1707 3534 1822 3620 peuple
1838 3534 1877 3600 de
1889 3533 2008 3600 Garrire
2028 3533 2142 3616 depuis

139 3649 171 3714 io
190 3649 328 3732 reformo
340 3649 469 3731 jusqu’o
490 3649 662 3715 Peaoolode.
698 3648 825 3730 Gmive,
847 3649 967 3714 duilieo
990 3653 1096 3728 1870)
1117 3649 1210 3714 ouius
1232 3649 1297 3715 duo
1316 3651 1424 3734 prima
1445 3655 1575 3714 tuntum
1597 3647 1751 3714 lasoioula
1772 3645 1925 3724 vidimus,
1948 3645 2143 3714 doonmenta

141 3780 181 3825 ex
202 3760 361 3827 Arohivie
383 3759 636 3826 Genevensibus
654 3759 845 3844 deprompta
871 3761 994 3844 passim
1022 3760 1165 3839 exhibet,
1193 3781 1276 3844 quae
1297 3762 1384 3827 inter
1405 3760 1560 3844 epistolas
1582 3760 1704 3825 referre
1726 3780 1793 3823 non
1820 3756 2022 3836 dubitamus,
2050 3757 2142 3840 prins

138 3877 248 3937 tamen
273 3869 316 3936 ed
335 3871 541 3940 authentioas
562 3873 694 3939 obortas
714 3871 917 3957 eastiganda‚
945 3893 1046 3958 quum
1068 3873 1174 3938 editor
1194 3873 1230 3937 in
1252 3872 1460 3938 eommodum
1480 3871 1637 3938 leotorum
1660 3871 1799 3936 formam
1821 3877 1933 3934 textus
1954 3889 2033 3952 prae
2055 3869 2142 3935 anti-

138 3983 264 4066 quitate
293 3983 491 4067 asperiorem
517 3984 639 4066 passim
665 3985 826 4068 refingere
853 3985 1067 4050 eonstituerit.
1115 3985 1193 4068 lpsa
1221 4006 1301 4050 vero
1323 3984 1448 4050 autoris
1475 3983 1658 4048 luonbratio
1680 3983 1816 4048 summis
1838 3981 1925 4047 euris
1945 3991 2143 4065 praeparato

138 4095 311 4180 egregium
332 4116 413 4178 opus
435 4095 496 4162 tibi
517 4095 687 4180 promittit,
710 4095 739 4161 ei
760 4102 828 4160 tam
850 4095 933 4162 bene
954 4097 1120 4181 ineeptnm
1143 4095 1185 4161 ad
1206 4097 1307 4162 finem
1327 4095 1507 4180 perdnoere
1528 4094 1737 4160 meritissime
1757 4093 1829 4158 viro
1849 4092 2032 4178 eontigerit.

295 4205 347 4272 Ne
368 4205 447 4290 quid
467 4206 655 4290 neglexisse
675 4205 844 4272 videamur
865 4206 926 4273 hos
947 4207 1047 4273 etiam
1068 4207 1181 4274 titulos
1203 4208 1340 4274 eaeteris
1361 4207 1424 4273 hoo
1443 4207 1514 4273 loeo
1537 4205 1701 4271 addimus:

296 4316 448 4382 Memoire
476 4337 534 4383 sorr
562 4317 811 4384 i’doblissement
838 4318 876 4384 de
907 4319 941 4386 lo
969 4319 1102 4402 reforrne
1130 4325 1243 4385 atsur
1271 4319 1305 4384 lu
1333 4319 1529 4384 maddutioo
1558 4317 1602 4382 du
1628 4315 1809 4383 ooloirisme
1838 4315 1859 4380 ὰ
1891 4313 2019 4382 Genios.
2073 4315 2143 4381 Por

139 4427 187 4494 Μ.
210 4428 343 4513 Mipoel.
389 4433 481 4494 1834.
514 4433 544 4495 4.
589 4427 683 4510 Quae
704 4429 757 4496 hio
779 4428 976 4496 exhibentur
998 4431 1192 4498 dooumenta
1213 4431 1254 4496 ad
1277 4427 1411 4498 Serveti
1431 4449 1564 4496 oausam
1585 4428 1759 4512 pertinent

295 4539 361 4606 Die
385 4539 528 4621 Coofliide
556 4541 611 4606 deo
633 4540 928 4625 Zzoinpiiouiernue,
959 4541 1180 4608 ertlrerlbuma
1207 4543 1273 4608 aad
1297 4539 1509 4608 Goloinismua
1537 4541 1574 4604 in
1603 4539 1660 4604 der
1689 4538 1881 4605 Beneuen
1912 4537 2141 4606 Luodmkirobs

139 4671 196 4718 ooo
221 4655 461 4717 1532-1558.
507 4652 598 4719 Nood
618 4653 709 4718 meist
728 4653 952 4737 uouedmoldeo
977 4653 1104 4736 Qucum
1124 4653 1301 4738 durnerunt
1320 4674 1379 4720 ooo
1400 4653 1461 4719 Dr.
1487 4649 1520 4717 0.
1544 4649 1586 4715 Β.
1610 4649 1850 4734 Hondeeboyeo,
1871 4671 1900 4714 o.
1924 4670 1950 4716 o.
1975 4648 2062 4732 Pros.
2083 4650 2141 4715 der

143 4763 309 4848 Theolopie
329 4765 365 4828 in
386 4763 476 4829 Rem
497 4765 625 4849 (postea
645 4762 896 4848 Heidelbergue,
919 4785 1009 4831 nuno
1030 4765 1193 4850 Bonnee).
1237 4765 1334 4846 Beira,
1364 4764 1478 4848 Verlup
1499 4783 1557 4828 ooo
1581 4761 1613 4828 0.
1636 4762 1678 4827 A.
1696 4762 1790 4827 leoni
1813 4759 1905 4826 Sabo.
1942 4763 2033 4825 1842.
2056 4759 2139 4825 ΧΠ.

140 4880 213 4940 402.
238 4897 282 4942 ss.
305 4879 334 4939 8.
379 4874 556 4960 Appendix
577 4875 712 4942 exhibet
733 4876 820 4940 inter
841 4875 907 4940 alia
928 4875 1040 4943 deoem
1062 4877 1215 4960 epistolas
1236 4875 1367 4944 Caluini
1386 4883 1419 4942 et
1440 4895 1499 4940 sex
1520 4872 1721 4939 adeundam
1743 4875 1784 4940 ab
1806 4873 1880 4938 eliis
1901 4871 2004 4951 dotas,
2026 4891 2140 4938 omnes

140 5007 181 5052 ex
203 4985 403 5072 apographis
425 4987 635 5054 archivorum
656 4985 811 5054 eoelesiae
831 4987 1012 5054 Barnensis
1035 4987 1228 5072 desoriptes,
1256 4986 1314 5054 sed
1339 4987 1513 5073 pleresque
1534 5006 1601 5051 non
1622 4987 1777 5072 integras.
1820 4983 1970 5066 Quarum
1992 4983 2139 5049 omnium

141 5098 348 5184 autographo
365 5097 522 5166 Genevae
543 5107 684 5178 exstant,
704 5099 834 5183 saepius
856 5099 1024 5166 meliorem
1046 5099 1218 5166 leetionem
1239 5120 1338 5184 quam
1360 5119 1443 5183 quae
1465 5097 1520 5165 hio
1541 5096 1601 5163 tibi
1623 5097 1760 5164 offertur
1781 5094 1981 5180 praebentia.
2025 5095 2139 5161 litium

139 5211 176 5275 in
198 5209 466 5278 annotationibus
486 5211 595 5276 textui
613 5211 794 5278 subiunotis
815 5211 965 5297 longiore
986 5209 1123 5278 subinde
1143 5219 1296 5295 excerpta
1316 5211 1473 5277 invenies
