4804 6012
230 379 291 440 287

228 585 341 630 semen
373 563 583 640 suffocatum,
622 580 688 623 non
728 561 937 623 exstinctum.
993 555 1051 622 sio
1084 556 1203 638 itaque,

228 671 331 733 quum
353 648 459 713 denuo
483 646 667 711 admonitus
689 655 722 709 et
743 645 904 709 excitatns
926 663 1040 719 essem,
1064 641 1204 706 autDeo

227 736 326 819 plane
348 732 597 817 repugnandum
621 741 706 806 erat,
737 739 795 794 aut
823 729 1038 812 praeferenda
1064 727 1205 810 cognitio

228 842 326 904 quam
351 819 432 884 mihi
454 815 627 882 infuderat.
679 817 765 880 Nota
793 827 858 892 est,
888 829 920 879 et
950 815 1048 897 vulgo
1077 833 1206 896 quoque

230 909 309 972 trita
327 906 462 970 Domini
484 905 586 968 nostri
609 903 686 966 lesu
709 902 836 966 Christi
859 901 1039 976 sententia,
1070 920 1205 964 servum

230 1013 305 1058 eum
328 993 383 1074 qui
406 995 478 1068 [pag.
499 995 552 1068 34]
581 990 714 1052 Domini
734 988 935 1052 voluntatem
960 988 1062 1057 novit,
1087 987 1116 1050 si
1134 1005 1205 1048 eam

229 1087 426 1154 contemnat,
450 1075 550 1157 duplo
572 1073 777 1156 puniendum
800 1095 878 1138 esse.
923 1074 1032 1154 Atque
1051 1070 1113 1136 hoe
1135 1071 1207 1133 inre

230 1165 446 1230 cummuniter
467 1163 553 1224 inter
575 1181 635 1224 nos
658 1160 806 1224 homines
836 1159 968 1222 utimur.
1018 1157 1076 1222 Sia
1097 1157 1207 1238 itaque

230 1251 364 1335 gravius
386 1249 535 1312 futurum
557 1257 628 1310 erat
650 1266 760 1310 meum
781 1255 965 1326 peceatum,
996 1245 1024 1307 si
1053 1242 1132 1324 quid
1160 1243 1207 1305 fe·
1232 1295 1235 1316 ,

229 1337 347 1402 cissam
367 1334 526 1399 adversus
548 1332 765 1396 eonscientiae
794 1353 886 1394 tueare
908 1329 1080 1404 iudicium,
1109 1349 1206 1409 quam

230 1423 274 1488 sit
296 1441 409 1485 eorum
433 1417 550 1501 quibus
572 1417 682 1482 oeulos
705 1416 852 1480 noudum
881 1417 1008 1498 aperuit
1029 1413 1205 1478 Dominus:

229 1530 308 1572 nam
330 1527 412 1588 quae
434 1506 470 1568 in
493 1505 545 1568 his
568 1513 618 1567 est
639 1503 837 1586 ignorantia,
867 1503 901 1566 in
923 1524 975 1566 rna
998 1501 1112 1564 fuisset
1134 1520 1207 1580 per-

230 1595 361 1660 vicacia.
395 1591 489 1671 Quae
512 1587 642 1672 quidem
663 1589 752 1652 iusta
774 1588 856 1652 mihi
878 1586 1009 1651 videtur
1031 1586 1207 1662 excusati0,

231 1702 290 1747 eur
311 1701 364 1743 me
386 1677 427 1741 ad
450 1677 588 1740 aliorum
609 1674 756 1758 regulam
775 1696 840 1738 non
860 1674 1106 1756 composuerim,
1130 1691 1208 1752 quo-

231 1787 306 1830 rnm
335 1764 464 1828 diversa
495 1777 566 1826 erat
598 1761 747 1824 conditio.
798 1760 911 1841 Neque
940 1780 1018 1823 vero
1046 1756 1080 1820 id
1108 1779 1128 1820 a
1156 1777 1208 1819 me

232 1851 284 1916 vel
318 1851 457 1933 gloriose
487 1848 538 1912 vel
572 1856 763 1929 arroganter
796 1844 860 1911 dici
888 1845 1069 1909 existimari
1100 1842 1206 1907 velim.

232 1935 300 2003 Sed
323 1956 424 2018 quum
446 1933 529 1996 mihi
540 1931 631 1996 Deus
654 1931 752 1996 verbo
776 1953 834 1995 suo
857 1932 1012 2012 quidnam
1036 1939 1122 1993 esset
1143 1927 1209 1991 mei

231 2023 327 2088 officii
351 2019 598 2103 praescriberet:
634 2039 698 2101 qua
726 2017 834 2082 decuit
862 2017 1069 2098 simplicitate
1090 2036 1208 2096 sequu-

231 2117 301 2173 tum
325 2129 376 2172 me
399 2107 492 2182 scias,
521 2104 652 2180 Caesar,
681 2125 744 2185 quo
762 2103 900 2168 vocabat
923 2103 1103 2186 agebatque
1132 2121 1208 2166 eon-

232 2195 485 2260 scientiacoram
501 2191 658 2255 Domino:
682 2189 775 2253 nulla
789 2196 899 2253 autem
921 2190 1106 2252 temeritate
1127 2186 1208 2250 inei-

231 2289 338 2344 tntum
361 2300 461 2360 supra
483 2277 562 2340 alios
591 2296 762 2357 assurgere
792 2275 942 2339 voluisse.
987 2274 1127 2338 Interim
1150 2293 1210 2336 nee

232 2365 314 2430 mihi
337 2373 468 2428 tantum
490 2361 612 2437 tribue,
641 2381 702 2426 nec
724 2361 842 2425 iudicio
865 2382 936 2424 meo
966 2367 1130 2440 tamlsnm
1153 2356 1209 2421 ad-

233 2453 355 2528 dictus,
388 2450 468 2532 quin
498 2469 549 2512 me
577 2447 690 2512 relicto
713 2446 807 2511 facile
835 2446 896 2510 aim
927 2465 1120 2511 accessurus
1142 2465 1209 2507 me-

231 2539 316 2602 liora
348 2535 491 2611 doeenti,
520 2534 549 2599 si
575 2533 653 2616 quid
681 2532 865 2597 aDemino
887 2531 1021 2596 adferat.
1065 2531 1150 2594 Nam
1174 2537 1211 2592 nt

232 2622 405 2690 christiani
437 2621 580 2685 hominis
612 2629 677 2695 cst,
717 2619 780 2682 Dei
815 2619 987 2682 veritatem
1021 2623 1237 2682 constanter*

232 2708 398 2792 amplecti,
428 2708 474 2772 sio
495 2706 595 2770 etiam
618 2704 754 2768 docilem
782 2703 822 2767 iis
846 2724 882 2768 se
904 2701 1049 2781 reddero,
1071 2703 1127 2784 qui
1150 2701 1209 2765 ali-

232 2797 326 2860 cuius
347 2794 467 2859 erroris
489 2789 661 2856 evidenter
682 2811 757 2854 eum
778 2789 982 2854 convincent

318 2881 469 2944 Primum
490 2879 661 2960 profiteor,
690 2878 773 2940 sicut
798 2897 817 2939 a
844 2897 897 2940 me
919 2876 984 2938 iam
1007 2875 1128 2939 factum
1151 2883 1209 2950 ost,

232 2977 322 3032 certa
343 2964 408 3030 lide
430 2963 597 3046 amplecti,
628 2960 785 3044 quidquid
807 2963 906 3026 sacris
929 2961 1032 3025 litoris
1055 2969 1087 3024 et
1115 2981 1209 3042 apos-

232 3053 375 3118 tolorum
387 3049 545 3134 Symbole
563 3049 763 3113 continetur:
787 3047 947 3130 planeque
965 3052 1037 3125 [pag.
1059 3051 1112 3125 35]
1132 3045 1209 3109 alie·

233 3160 315 3203 num
336 3159 406 3202 osse
428 3137 468 3200 ab
491 3133 696 3212 haeresibus,
724 3141 885 3216 quotquot
907 3155 926 3197 a
949 3132 1055 3196 veteri
1074 3131 1210 3196 ecelesia

234 3223 407 3289 damnatae
429 3230 514 3287 sunt.
548 3221 661 3298 Porro,
684 3239 813 3285 sacram
834 3219 1031 3301 scripturam
1052 3223 1210 3300 sequutus

233 3311 367 3376 unicum
390 3310 499 3373 Deum
521 3305 633 3383 adoro,
663 3315 697 3369 et
724 3305 880 3370 honorem
902 3304 1005 3382 illum,
1027 3325 1125 3386 quem
1147 3303 1209 3367 sibi

232 3395 402 3479 proprium
428 3415 498 3458 esse
526 3391 644 3470 voluit,
675 3391 716 3456 ad
745 3401 910 3457 creaturas
939 3389 1074 3454 minime
1100 3401 1208 3454 traus-

232 3483 310 3548 fero.
359 3481 474 3564 Ipsum
503 3487 612 3543 autem
640 3478 710 3543 colo
738 3497 805 3540 non
835 3497 874 3541 ea
902 3497 1000 3558 quam
1029 3475 1070 3540 ad
1099 3496 1208 3539 meum

232 3569 405 3633 arbitrium
426 3565 620 3642 effinxerim,
643 3562 699 3628 sed
720 3584 817 3646 quam
839 3561 894 3626 ille
916 3561 1134 3645 praescripsit,
1157 3581 1208 3625 ra·
1233 3565 1236 3585 ¹

233 3656 328 3719 tione.
384 3653 536 3735 Agnosco
569 3651 668 3714 etiam
701 3657 734 3712 et
764 3649 918 3730 profiteor
951 3657 1098 3712 autorem
1131 3668 1207 3710 eum

233 3761 313 3816 esse,
336 3746 370 3802 et
392 3739 515 3802 fontem
536 3738 642 3800 omnis
665 3734 829 3810 bonitatis,
853 3733 1040 3818 sapientiae,
1064 3733 1207 3810 virtutis,

233 3827 386 3902 iustitiae,
409 3831 442 3886 et
464 3823 490 3886 si
513 3821 591 3904 quid
613 3831 781 3904 praeterea
801 3819 896 3885 laude
919 3820 1056 3904 dignum
1076 3821 1133 3883 sit:
1155 3841 1208 3883 eo·

234 3933 296 3996 que
318 3909 450 3975 nomine
475 3929 605 3972 omnem
633 3907 681 3970 illi
709 3908 768 3971 uni
795 3907 932 3990 gloriam
960 3927 1031 3970 esse
1059 3906 1207 3970 tribuen-

234 3997 319 4062 dam.
364 3993 470 4059 Simul
501 4000 609 4057 autem
638 3993 674 4056 in
703 3993 774 4057 eius
803 3992 908 4071 cultu,
938 4013 1034 4075 quem
1057 4013 1122 4055 non
1145 3992 1208 4073 ipsi

233 4080 411 4148 commenti
439 4081 556 4158 simus,
589 4077 646 4144 sod
672 4100 769 4160 quem
798 4079 853 4142 ille
886 4077 1071 4155 mandavit,
1104 4089 1206 4142 totam

233 4169 319 4233 haue
340 4167 445 4230 vitam
467 4187 537 4230 esse
558 4163 813 4248 transigendam,
835 4165 930 4246 eique
946 4163 1052 4228 veluti
1070 4165 1129 4227 uui
1152 4162 1207 4227 de-

232 4252 429 4320 vovendam.
473 4249 541 4316 Sed
562 4273 634 4316 eam
655 4259 765 4315 tamen
787 4271 858 4315 esse
880 4257 1078 4314 nostramet
1097 4252 1207 4332 pravi-

233 4349 335 4404 tatem
357 4345 391 4402 et
407 4336 696 4421 ingraditndinem,
720 4345 758 4400 ut
778 4335 866 4400 illius
884 4335 1086 4400 obedientiae
1109 4357 1206 4418 quam

233 4427 281 4490 illi
304 4425 458 4488 debemus
481 4423 564 4502 loce,
594 4423 654 4487 toti
681 4423 715 4486 in
739 4423 915 4498 sosimus,
940 4429 977 4485 ut
999 4423 1069 4486 eius
1092 4421 1207 4486 volun-

233 4511 295 4576 tati
317 4509 541 4586 adversemur,
570 4508 670 4590 idque
698 4530 739 4573 ex
762 4529 800 4572 ea
822 4517 960 4572 naturae
981 4517 1114 4572 nostrae
1136 4529 1207 4573 eor-

233 4597 399 4680 ruptioue,
426 4615 509 4676 quae
538 4615 557 4658 a
583 4595 689 4677 primu
711 4604 803 4676 patre
825 4607 937 4658 nostro
960 4591 1066 4658 Adam
1089 4615 1206 4679 propa-

234 4696 312 4768 gata
333 4691 391 4746 eet.
437 4679 493 4744 Sia
516 4680 604 4743 enim
626 4681 668 4756 is,
698 4680 753 4743 ubi
781 4679 890 4743 Deum
920 4679 1080 4756 deseruit,
1110 4679 1207 4744 simul

233 4793 295 4835 nos
317 4787 429 4832 omnes
450 4767 485 4828 in
507 4786 601 4830 snam
621 4767 723 4829 traxit
744 4765 884 4829 ruinam.
929 4767 1045 4847 Itaque
1067 4785 1207 4848 agnosco

234 4877 295 4920 nos
319 4877 339 4918 a
360 4853 475 4916 matris
497 4859 598 4930 utero,
622 4861 754 4933 propter
775 4859 944 4934 peccatum
966 4851 1052 4934 quod
1069 4853 1207 4916 circum-

234 4941 377 5016 ferimus,
400 4958 473 5002 reos
495 4957 565 5001 esse
582 4939 698 5001 mortis
716 4945 877 5014 aeternae,
901 4951 938 5001 ut
959 4939 1029 5000 inre
1048 4939 1207 5019 possimus

234 5047 255 5090 a
276 5025 419 5090 Domine
441 5022 598 5087 damnari.
644 5021 698 5086 nd
720 5023 815 5100 haee,
846 5023 925 5088 adeo
946 5043 1136 5106 perversam
1158 5023 1207 5087 vi-

234 5112 415 5192 tiosamque
452 5129 523 5174 esse
561 5115 707 5173 nostram
746 5117 914 5186 naturam,
953 5117 991 5172 nt
1029 5119 1063 5172 ot
1093 5129 1207 5175 caecus

235 5197 278 5262 sit
314 5195 514 5272 intellectus,
554 5205 587 5258 et
625 5214 680 5257 eor
719 5196 828 5277 ipsum
865 5215 1019 5278 pravum,
1061 5199 1135 5273 [pag.
1155 5199 1208 5274 36]

234 5281 318 5347 nihil
340 5289 378 5344 ιιι
398 5303 418 5344 a
439 5280 547 5359 nobis,
575 5277 661 5364 quod
682 5281 804 5346 bonum
833 5281 885 5360 sit,
913 5279 1073 5364 proficisci
1101 5287 1207 5364 queat.

1109 365 1354 434 APOIaOGIA

2178 371 2242 432 288

1256 556 1344 620 Nam
1371 563 1404 622 et
1432 556 1459 621 si
1486 577 1586 639 quam
1613 557 1688 620 boni
1715 557 1856 638 speciem
1883 557 2020 622 fortasse
2047 565 2240 642 praetexue-

1257 643 1375 720 rimus,
1404 641 1616 706 nihilominus
1645 663 1754 708 ceram
1772 643 1843 707 Deo
1872 663 1964 707 mera
1991 653 2042 710 est
2065 643 2240 710 ,abomina-

1257 730 1313 804 tio,
1337 729 1365 793 si
1386 728 1421 792 in
1439 749 1478 792 ea
1500 729 1702 806 haereamus,
1724 748 1823 810 quam
1846 729 1924 806 dixi,
1946 739 2084 794 naturae
2106 751 2239 815 eorrup-

1258 816 1356 880 tione.

1345 900 1412 966 Sed
1434 899 1536 976 Deus,
1565 921 1623 982 pro
1644 899 1775 964 infinita
1796 921 1856 964 sua
1878 901 2032 976 bonitate,
2056 923 2116 966 nos
2139 903 2239 966 intui·

1258 996 1326 1064 tus,
1357 995 1391 1050 et
1419 986 1607 1068 intelligens
1635 984 1839 1066 deploratum
1866 1005 1938 1050 esse
1966 986 2055 1054 hune
2078 989 2238 1064 morbum,

1258 1075 1323 1137 nisi
1346 1074 1374 1137 si
1396 1079 1600 1137 succurreret
1621 1071 1699 1152 ipse,
1723 1073 1826 1135 nostri
1849 1073 2003 1136 misertus
2026 1087 2076 1138 est
2093 1084 2127 1137 et
2145 1095 2239 1156 opem

1260 1159 1372 1223 attulit
1400 1179 1457 1240 per
1485 1158 1589 1220 tilium
1618 1177 1714 1221 sunm
1742 1158 1920 1222 Dominum
1949 1167 2097 1223 nostrum
2128 1161 2239 1225 Iesum

1260 1246 1444 1322 Christum,
1474 1263 1570 1324 quem
1593 1243 1714 1318 emisit,
1743 1253 1781 1306 ut
1801 1265 1860 1308 nos
1883 1245 2066 1323 redimerat,
2095 1257 2129 1310 et
2152 1246 2240 1328 quod

1259 1333 1294 1395 in
1317 1329 1423 1394 Adam
1446 1329 1636 1411 ademptum
1655 1329 1771 1404 luerat,
1796 1329 1993 1395 restitueret.
2040 1332 2158 1414 Itaque
2181 1353 2238 1416 ag·

1260 1439 1356 1482 nosce
1368 1415 1548 1480 Dominum
1571 1421 1722 1478 nostrum
1745 1414 1864 1492 Iesum,
1888 1427 1925 1479 ut
1946 1415 1979 1479 id
1997 1417 2088 1482 euius
2107 1420 2239 1484 nomine

1260 1505 1380 1568 missus
1401 1511 1481 1576 erat,
1509 1500 1661 1582 impleret
1681 1510 1938 1584 praestaretque,
1969 1523 2027 1567 sna
2049 1511 2156 1569 morte
2177 1525 2239 1569 noa

1259 1587 1484 1655 reconciliasse
1506 1588 1578 1651 Deo
1600 1587 1685 1668 patri
1718 1607 1793 1665 suo,
1821 1599 1854 1651 et
1884 1600 1996 1652 nostra
2026 1597 2159 1671 peccata
2181 1590 2238 1654 de-

1259 1676 1387 1751 lavisse,
1412 1695 1451 1737 ue
1474 1673 1551 1755 quid
1574 1671 1727 1749 obstaret,
1751 1675 1924 1755 quominus
1942 1675 1990 1738 illi
2009 1676 2134 1758 accepti
2152 1697 2239 1741 esse-

1260 1783 1342 1825 mus.
1387 1760 1485 1823 Nunc
1507 1779 1634 1840 quoque
1657 1779 1716 1840 per
1744 1759 1894 1840 spiritum
1918 1768 2069 1825 sanctum
2092 1783 2112 1826 a
2135 1764 2237 1826 servi-

1260 1857 1330 1911 tuto
1353 1847 1477 1928 peceati
1499 1865 1559 1909 nos
1578 1865 1723 1908 asserere
1741 1865 1778 1908 ae
1795 1844 1945 1924 liberare,
1968 1869 2069 1928 quum
2092 1857 2238 1912 veterem

1260 1935 1294 1998 in
1316 1933 1410 1996 nobis
1433 1931 1608 2008 hominem,
1637 1930 1706 1994 sive
1728 1939 1864 1995 naturae
1886 1941 2017 1997 nostrae
2040 1934 2238 2014 pravitatem

1261 2020 1445 2096 mortificat,
1468 2025 1505 2081 ut
1528 2014 1703 2098 aliquando
1726 2035 1945 2094 renascamur,
1970 2019 2065 2082 sicuti
2088 2019 2160 2103 ipse
2180 2040 2239 2086 nos

1262 2111 1443 2188 regenerat.
1489 2101 1544 2168 Sic
1567 2104 1674 2184 itaque
1697 2102 1802 2177 credo,
1832 2125 1904 2178 nos,
1933 2125 1975 2168 ex
1997 2106 2112 2170 mortis
2135 2114 2241 2171 aeter·

1262 2213 1323 2256 nae
1345 2190 1493 2255 faucibus
1505 2201 1643 2270 creptos,
1666 2189 1841 2253 aDomino
1860 2189 1894 2252 in
1917 2191 2056 2273 gratiam
2077 2192 2187 2274 recipi.
2209 2199 2242 2256 et

1262 2279 1327 2342 iam
1349 2298 1407 2358 pro
1433 2274 1528 2340 iustis
1557 2275 1668 2338 haberi
1697 2275 1843 2358 gratuita
1864 2276 1935 2340 eius
1956 2277 2118 2354 bonitate,
2148 2277 2240 2342 nullo

1263 2371 1373 2427 autem
1397 2371 1507 2426 nostre
1529 2361 1654 2423 merito.
1708 2363 1816 2442 Atque
1844 2381 1883 2424 ea
1908 2361 2038 2442 quidem
2065 2364 2193 2427 ratione
2222 2385 2241 2428 a

1261 2449 1405 2513 Domino
1427 2447 1599 2529 adoptatis,
1623 2447 1710 2510 etin
1734 2467 1907 2510 numerum
1929 2448 2071 2514 filiorum
2094 2449 2167 2512 eins
2189 2471 2241 2513 as·

1262 2535 1348 2610 citis,
1378 2534 1532 2617 spiritum
1563 2541 1712 2598 sanetum
1742 2535 1976 2597 communicari
2004 2539 2078 2612 [pag.
2099 2539 2152 2612 37]
2183 2557 2241 2617 per

1263 2621 1443 2697 Christum,
1467 2629 1503 2683 ut
1524 2620 1628 2682 vitam
1647 2626 1793 2682 nostram
1812 2619 1846 2681 iu
1860 2619 1923 2683 Dei
1942 2620 2135 2701 obsequium
2152 2641 2240 2686 eom·

1262 2727 1431 2790 ponamus.
1476 2707 1560 2768 Eam
1583 2713 1694 2769 tamen
1714 2725 1786 2768 esee
1804 2713 1950 2768 nostram
1973 2705 2240 2786 imbecillitatem,

1262 2801 1300 2857 ut
1321 2793 1455 2856 minime
1478 2791 1582 2855 officio
1604 2799 1715 2854 nostro
1743 2789 2009 2872 respondeamus:
2044 2791 2102 2855 sed
2124 2793 2241 2857 Domi-

1262 2900 1342 2943 num
1364 2885 1496 2960 propter
1518 2875 1689 2942 Christum
1712 2874 1824 2940 eadem
1854 2895 1914 2940 sua
1942 2878 2049 2960 gratia
2076 2878 2240 2960 supplere,

1262 2965 1447 3046 sareircque
1481 2961 1567 3044 quod
1598 2963 1690 3026 nobis
1720 2959 1827 3039 deest,
1861 2983 1983 3044 suaque
2016 2962 2241 3030 misericordia

1262 3050 1461 3115 condonare:
1491 3055 1526 3112 ut
1557 3047 1650 3112 nobis
1678 3056 1836 3130 perpetuo
1865 3049 1908 3112 sit
1937 3069 2018 3131 opus
2046 3051 2241 3115 remissione

1261 3141 1476 3218 peccaterum.

1346 3221 1437 3303 Ergo
1464 3227 1566 3283 totam
1594 3219 1709 3283 salutis
1742 3239 1834 3283 meae
1863 3218 2015 3284 fiduciam
2041 3219 2078 3282 in
2104 3219 2240 3286 Christe

1261 3307 1388 3381 eelloco,
1417 3326 1514 3388 quem
1536 3305 1602 3369 seio
1624 3313 1750 3370 eertum
1772 3326 1842 3370 esse
1864 3305 1967 3370 voluti
1989 3305 2109 3389 pignus
2131 3313 2166 3371 et
2187 3329 2240 3371 ar·

1260 3415 1332 3456 ram
1356 3393 1485 3474 paterni
1507 3411 1586 3474 erga
1613 3411 1673 3455 nos
1695 3391 1830 3455 amoris:
1859 3409 1922 3473 quo
1945 3391 2036 3456 Deus
2065 3399 2158 3473 pater
2180 3415 2241 3458 nos

1261 3478 1497 3559 complectitur:
1523 3477 1688 3559 huiusque
1705 3477 1781 3541 boni
1804 3478 1941 3560 gratiam
1965 3477 1999 3540 in
2022 3477 2162 3542 solidum
2180 3480 2241 3543 nni

1262 3563 1395 3630 Christo
1418 3573 1584 3644 acceptam
1604 3563 1686 3626 fero:
1715 3569 1751 3626 ut
1773 3583 1815 3626 ne
1838 3583 1897 3644 per
1919 3562 2085 3626 somnium
2107 3564 2239 3647 quidem

1261 3650 1365 3714 ausim
1389 3649 1567 3732 quidquam
1589 3648 1671 3711 mihi
1689 3646 1880 3713 adscribere.
1916 3647 2023 3713 Credo
2045 3655 2156 3714 autem
2174 3649 2239 3715 fide

1260 3757 1319 3800 nos
1339 3734 1511 3801 Christum
1533 3756 1607 3799 eum
1627 3733 1723 3799 bonis
1744 3732 1895 3798 omnibus
1915 3735 1982 3798 suis
2003 3735 2157 3817 recipere,
2180 3737 2238 3800 nbi

1260 3821 1355 3904 pleno
1374 3841 1509 3886 assensu
1528 3819 1716 3901 excepimus
1733 3818 1892 3902 quidquid
1910 3819 1950 3883 de
1968 3841 2005 3884 eo
2023 3821 2116 3884 nobis
2134 3841 2237 3886 evan-

1260 3907 1382 3992 gelium
1405 3915 1558 3971 testatur:
1594 3915 1692 3986 atqua
1711 3925 1750 3968 oa
1770 3906 1897 3969 ratione
1919 3927 1978 3970 nos
1997 3907 2033 3970 in
2055 3907 2126 3971 eius
2148 3907 2238 3971 saln-

1259 3994 1311 4142 tip,
1335 4013 1431 4075 quam
1452 3992 1660 4074 evangelium
1683 3991 1787 4069 offert,
1808 3993 2044 4074 possessionem
2067 3993 2154 4056 mitti
2176 4013 2239 4076 per

1258 4081 1366 4144 fiem.

1345 4164 1483 4228 Interim
1510 4182 1651 4246 agnosco
1680 4163 1778 4227 fidem
1811 4163 1897 4226 hano
1927 4181 2001 4226 eum
2034 4163 2238 4245 poenitentia

1259 4253 1464 4316 coniunctam
1487 4271 1557 4313 osse
1580 4248 1706 4324 debere,
1730 4259 1766 4313 ut
1787 4256 1934 4314 sanctam
1959 4248 2060 4312 vitam
2083 4249 2236 4314 institua-

1259 4359 1332 4401 mus
1360 4345 1449 4400 rcota
1475 4334 1675 4400 conscientia
1703 4335 1852 4418 dignam:
1886 4334 2018 4398 inanem
2047 4342 2081 4398 et
2102 4335 2236 4400 noxiam

1260 4444 1330 4487 esse
1355 4419 1600 4496 confidentiam,
1630 4421 1695 4484 imo
1723 4419 1892 4504 sacrilegio
1923 4427 1956 4482 et
1983 4419 2085 4502 impia
2109 4420 2236 4486 Christi

1260 4507 1456 4572 contumelia
1476 4529 1541 4570 non
1562 4527 1681 4586 carere,
1705 4508 1733 4572 si
1754 4507 1808 4589 qui
1830 4505 1981 4572 licentiae
1999 4505 2156 4587 peccandi
2177 4507 2235 4571 ob·

1260 4593 1401 4658 tendunt
1424 4593 1487 4657 Dei
1501 4594 1670 4675 gretiam:
1704 4614 1805 4675 quum
1828 4591 1870 4655 ud
1898 4592 2106 4656 sanctitatem
2128 4599 2162 4655 et
2183 4594 2234 4656 in·

1260 4679 1444 4744 nocentiam
1466 4679 1570 4743 vocati
1602 4683 1675 4758 [pag.
1696 4684 1748 4756 38]
1776 4680 1895 4758 simus,
1924 4697 1993 4740 non
2020 4677 2062 4741 ad
2091 4678 2235 4742 immun-

1260 4765 1381 4830 ditiem.
1433 4763 1490 4829 sio
1518 4765 1625 4848 itaquo
1652 4757 1775 4840 seritio,
1803 4771 1935 4828 nostrae
1959 4760 2090 4844 quidem
2120 4763 2236 4828 salutis

1259 4851 1389 4915 laudem
1417 4850 1554 4916 solidam
1584 4850 1721 4914 bonitati
1749 4857 1782 4913 et
1809 4847 2051 4913 misericordiae
2079 4847 2145 4914 Dei
2174 4851 2235 4914 tri·

1260 4936 1430 5013 beandam,
1460 4957 1562 5018 eaque
1585 4957 1652 5000 nna
1673 4947 1819 5000 nostram
1841 4935 1992 5000 fiduciam
2005 4933 2133 4998 debere
2156 4935 2235 4999 niti:

1259 5022 1316 5088 sed
1328 5023 1392 5086 tale
1411 5031 1603 5104 tantumque
1615 5021 1736 5086 bonum
1754 5021 1847 5086 nobis
1865 5041 1931 5085 non
1950 5019 2030 5096 dari,
2048 5019 2114 5084 nisi
2132 5041 2236 5102 quum

1260 5108 1301 5173 ad
1336 5107 1518 5172 Dominum
1556 5107 1792 5172 convertimur:
1833 5113 1871 5170 ut
1909 5107 2034 5171 fructus
2072 5104 2246 5171 benorum.

1259 5201 1510 5277 sanctorumque
1536 5213 1671 5275 eperum
1697 5191 1910 5258 eonversiene
1938 5192 1995 5256 tali
2018 5189 2133 5274 dignos
2156 5192 2236 5258 eda-

1259 5301 1342 5347 mus.
1387 5281 1497 5362 Atque
1523 5278 1585 5344 hau
1612 5279 1744 5361 quidam
1777 5278 1842 5345 fide
1867 5277 1974 5343 solum
2001 5284 2034 5342 et
2059 5285 2237 5346 aeternum
