4804 6012
125 381 181 443 tlt
1007 379 1237 450 ΟΟΝΒΠιῙΑ.
2062 391 2125 452 218

125 567 301 633 muliorum
323 568 505 635 calumniis.
547 569 652 652 Atqui
674 569 716 635 N.
738 569 909 637 convietus
931 569 995 634 iam
1014 569 1094 636 satis
1147 603 1250 674 QUUM
1271 603 1440 660 Mffllgrpffl
1462 603 1650 662 vssvffipqffl
1673 606 1893 665 compqupvffl
1911 607 2055 667 TURBAE
2075 609 2126 666 IN,

126 663 251 719 tenetur
275 654 327 754 bis
345 655 514 757 ·(di·splosa·
535 655 632 756 5¹¹.N·
655 655 933 756 bombardulaoex
956 675 1022 740 qna
1044 677 1094 757 so-
1215 690 1394 746 COMMODE
1410 689 1448 744 m
1467 689 1641 746 Eccffisqq
1659 691 1848 748 sppopffi
1866 693 2013 751 ΜΠ,
2029 699 2050 764 ι)

124 739 228 806 cunda
248 759 322 806 viee
343 763 430 825 igme
452 750 612 820 emtcarit)
635 749 780 808 tentatae
797 741 914 808 oaedrs.
959 739 1096 808 Accedit

124 824 203 910 qnod
225 827 293 890 iam
315 835 413 892 antea
437 849 555 912 parum
582 849 624 892 ex
652 829 758 894 officio
786 849 857 894 sese
885 829 986 912 gessit
1008 829 1095 892 inter
1233 828 1420 895 Plurimum
1442 826 1540 906 dolet,
1562 828 1663 894 fatres
1686 828 1900 911 dilectissimi,
1923 853 1990 898 non
2013 833 2125 899 offerri

124 932 188 990 vos,
212 919 249 978 ut
269 913 392 978 mirum
415 913 459 977 sit
480 912 607 978 tamdiu
625 913 758 979 tolerari
774 915 929 997 potuisse.
964 913 1011 979 Ut
1031 913 1094 999 igi·
1146 915 1258 1000 potius
1280 916 1482 980 occasionem
1504 914 1693 998 gratulandi
1713 915 1805 982 vobis
1827 915 1867 982 de
1889 939 2045 1018 prospero
2072 941 2125 986 ee·

124 1005 175 1063 tor
206 1017 278 1066 eam
311 999 515 1082 provinciam
548 997 699 1066 deinces
730 999 888 1079 retineat,
947 1021 991 1064 ua
1024 1019 1095 1065 sese
1146 999 1265 1066 olosiae
1286 1009 1418 1068 vestrae
1440 1007 1536 1079 statu,
1558 1020 1655 1084 quam
1678 1001 1884 1087 significandi
1905 1004 1999 1071 vobis
2026 1026 2125 1096 quam

125 1083 216 1168 plane
236 1083 410 1168 indiguum
432 1085 593 1171 praebuit,
619 1021 710 1152 uobis
731 1083 861 1170 quidem
885 1021 1093 1151 nullomodo
1145 1087 1283 1152 moleste
1311 1087 1453 1166 tulerim,
1484 1085 1569 1170 quod
1591 1087 1698 1153 tristia
1718 1087 1760 1152 ad
1782 1109 1835 1153 me
1863 1088 1902 1154 de
1930 1091 2022 1156 vobis
2050 1111 2124 1176 per·

124 1169 249 1254 probari
268 1179 383 1254 potest.
427 1171 632 1236 Nominatim
655 1171 741 1255 quod
769 1173 816 1237 ita
837 1171 1015 1255 praefracte
1038 1171 1093 1236 de·
1145 1173 1214 1238 lata
1236 1173 1312 1238 sint.
1357 1172 1429 1238 Iam
1452 1173 1542 1237 enim
1564 1173 1699 1240 acerbus
1721 1175 1782 1238 init
1804 1172 1844 1239 de
1866 1175 1982 1258 optimi
2011 1176 2125 1242 fratris

124 1257 269 1324 tractavit
287 1258 490 1340 acquiescere
517 1257 684 1341 piissimae
712 1257 934 1323 exhortationi
955 1265 1093 1338 vestrae,
1145 1259 1186 1324 N.
1210 1265 1316 1324 morte
1338 1258 1487 1337 nuncius,
1510 1279 1611 1341 quum
1631 1259 1666 1324 iu
1687 1259 1744 1324 illo
1766 1259 1859 1325 vobis
1887 1259 2016 1326 oblatus
2038 1269 2126 1328 esset

124 1341 164 1408 ita
190 1344 253 1409 hoo
275 1351 455 1428 exaggerat
481 1342 625 1409 hominis
643 1343 782 1422 iactum,
811 1353 849 1408 ut
876 1343 1094 1409 abdicandum
1146 1366 1166 1410 a
1193 1343 1336 1410 Domino
1364 1351 1476 1428 pastor
1501 1345 1797 1429 opportunissimus
1829 1353 1967 1413 atvero
2000 1347 2123 1414 fidelis:

123 1428 214 1511 plane
234 1431 303 1495 iam
322 1437 457 1495 constet.
491 1429 532 1496 Iu
554 1428 650 1494 modo
672 1439 782 1495 autem
800 1429 919 1514 agendi
939 1429 1000 1495 hoe
1018 1449 1093 1494 eon·
1145 1430 1231 1514 quod
1253 1439 1304 1496 est
1324 1432 1440 1510 rarius,
1462 1429 1515 1496 his
1536 1430 1736 1514 temporibus
1757 1434 1910 1512 maxime,
1938 1454 2039 1516 quum
2067 1435 2124 1518 qui

125 1514 225 1580 silium
248 1513 380 1592 damus,
410 1525 448 1580 ut
474 1513 623 1600 deligatis
651 1535 693 1580 ex
714 1523 824 1582 vostro
845 1523 939 1582 coetu
962 1515 1018 1600 qui
1043 1523 1093 1580 to-
1145 1537 1181 1581 se
1203 1517 1329 1582 sineere
1346 1516 1480 1582 Domini
1502 1517 1594 1600 operi
1614 1515 1813 1600 impendant,
1834 1519 1931 1603 pauci
1952 1541 1988 1583 ro
2011 1520 2122 1584 eriun-

124 1601 181 1666 tius
204 1611 316 1668 coetus
338 1602 471 1666 nomine
498 1601 649 1686 aporiant
669 1600 823 1666 fratribus
846 1601 886 1666 N.
916 1602 965 1666 uti
994 1602 1093 1666 ratio·
1145 1613 1209 1668 tur.
1255 1604 1304 1668 Aa
1325 1603 1392 1667 iam
1414 1600 1507 1670 vobis
1529 1603 1736 1686 exploratum
1758 1625 1918 1670 essenon
1945 1541 2067 1685 dubito,
2090 1613 2125 1672 et

124 1687 215 1753 uibus
237 1687 365 1754 idoneis
385 1695 513 1752 mature
540 1707 578 1753 ae
600 1686 746 1772 legitime
773 1687 927 1772 expensis
948 1708 1093 1772 pronun·
1146 1709 1244 1772 quam
1265 1688 1356 1753 utilis
1377 1695 1463 1754 esset
1483 1688 1573 1753 illius
1595 1709 1709 1772 opera,
1744 1697 1778 1754 et
1805 1711 1903 1774 quam
1931 1691 2059 1776 integro
2087 1713 2124 1757 se

124 1773 238 1840 eiatum
270 1774 370 1838 fuerit
401 1773 442 1838 N.
476 1771 646 1838 ferendum
682 1795 748 1838 nou
781 1793 852 1839 esse
884 1773 1024 1858 amplius
1057 1774 1093 1837 in
1144 1775 1234 1840 inter
1255 1795 1314 1840 vos
1336 1781 1473 1860 gereret
1514 1773 1561 1838 Et
1582 1781 1690 1838 mmen
1711 1795 1808 1858 spero
1829 1775 1924 1842 illum
1946 1777 2003 1860 qui
2024 1799 2044 1843 a
2065 1799 2124 1843 vo-

124 1859 302 1926 ministario
323 1857 408 1943 quod
429 1857 515 1924 male
537 1860 735 1926 exercuerit:
758 1858 895 1944 proinde
917 1879 1034 1946 rogare
1055 1865 1093 1924 ut
1145 1860 1196 1926 bie
1218 1861 1284 1925 iam
1306 1859 1429 1926 electus
1450 1867 1509 1939 est,
1532 1858 1661 1925 fidelem
1689 1861 1790 1926 etiam
1815 1882 1946 1945 operam
1975 1872 2123 1947 praeste-

124 1943 205 2012 illius
225 1945 289 2012 loci
306 1945 442 2012 eeclesia
462 1945 571 2030 ipsum
594 1946 693 2010 etiam
711 1967 731 2010 a
748 1967 783 2011 se
801 1945 940 2025 emittat,
963 1967 1000 2012 ao
1018 1965 1092 2030 pro·
1145 1953 1267 2025 turum,
1288 1967 1348 2031 pro
1370 1945 1435 2011 Dei
1456 1946 1564 2030 gratia
1584 1946 1619 2010 in
1637 1946 1747 2029 ipsum
1768 1947 1896 2026 collata,
1919 1955 1959 2013 ut
1986 1969 2044 2016 vos
2066 1949 2123 2015 de·

125 2028 172 2096 bet
197 2039 236 2097 nt
262 2033 298 2096 in
323 2031 392 2098 eius
422 2031 529 2097 locum
558 2029 800 2098 submittendus
829 2031 913 2097 ahos
942 2031 1092 2116 eligatur,
1145 2032 1239 2097 stitui
1266 2053 1333 2097 non
1362 2032 1545 2116 contingat:
1574 2030 1669 2097 modo
1698 2033 1798 2096 etiam
1825 2031 1967 2099 videatis
1994 2055 2037 2100 ne
2065 2035 2124 2100 alii

125 2137 214 2200 quem
234 2124 268 2182 et
294 2117 358 2200 ipsi
386 2125 567 2202 agnoscant
593 2125 626 2183 et
651 2116 840 2202 approbent
891 2115 929 2183 Si
956 2117 1093 2184 eeclesia
1143 2117 1270 2184 interea
1291 2118 1382 2183 exuti
1403 2125 1570 2197 maneant,
1587 2118 1770 2182 utomnino
1788 2119 2001 2186 rosiacturos
2019 2141 2124 2204 spero,

124 2204 260 2286 requiret
282 2204 426 2269 rationes
447 2203 570 2280 iudicii,
592 2211 630 2268 ut
651 2203 780 2288 plenius
803 2203 843 2269 de
865 2225 901 2269 re
923 2211 992 2269 tota
1012 2203 1092 2286 ipsis
1144 2225 1247 2287 quum
1274 2203 1339 2268 iste
1370 2204 1457 2270 inter
1485 2225 1544 2270 vos
1571 2211 1605 2268 et
1636 2203 1711 2269 illos
1737 2204 1855 2269 fratres
1883 2227 1924 2269 ex
1957 2207 2124 2272 communi

124 2287 249 2372 liqueat,
271 2297 343 2355 tum
366 2289 498 2355 demum
523 2289 673 2373 expediet
697 2288 810 2355 eadem
832 2289 890 2354 illa
912 2289 990 2372 ipsis
1013 2289 1091 2354 arti·
1143 2310 1303 2356 oonseusu
1327 2291 1461 2355 tractari
1488 2289 1683 2368 existimem,
1713 2296 1747 2354 et
1773 2290 1921 2373 ipsorum
1950 2292 2124 2376 angustiae

125 2374 248 2440 celatim
272 2397 468 2460 proponere,
495 2397 578 2458 quae
601 2375 734 2442 avobis
757 2377 948 2460 accepimus.
992 2373 1091 2455 Quod
1143 2373 1243 2442 fldem
1264 2385 1408 2442 vestram
1433 2375 1616 2459 implorent.
1648 2374 1735 2440 Illud
1751 2397 1828 2442 vero
1850 2376 1956 2442 moad
1978 2376 2123 2444 seriben-

125 2461 218 2527 siita
248 2461 305 2526 illo
333 2461 491 2545 populum
518 2461 580 2527 loci
609 2461 781 2545 pellexerit
809 2469 905 2545 atque
932 2461 1092 2526 irretierit
1143 2459 1222 2526 dum
1256 2461 1396 2546 impulit,
1429 2459 1599 2546 aegritudo
1631 2481 1749 2546 nempe
1782 2461 1884 2526 animi
1916 2465 1991 2543 mei,
2023 2485 2123 2548 quam

124 2547 184 2613 suis
204 2547 340 2627 artibus,
363 2555 401 2614 ut
422 2547 485 2631 ipsi
505 2569 570 2612 non
593 2549 801 2631 acquiescant
824 2555 934 2614 vestro
957 2546 1090 2613 consilio
1144 2555 1272 2613 vestrae
1294 2548 1519 2615 contentiones
1541 2555 1576 2613 et
1596 2547 1703 2632 iurgia
1724 2547 2014 2629 mihioonciliaut,
2041 2571 2121 2634 quo-

124 2639 153 2696 et
168 2634 396 2713 exhortationi,
419 2645 489 2700 tum
511 2631 644 2698 demum
662 2631 859 2700 admouendi
877 2641 975 2699 erunt
995 2633 1088 2712 serio,
1141 2655 1217 2698 rum
1244 2633 1374 2698 nnllam
1406 2635 1506 2698 linem
1539 2632 1645 2699 rideo.
1694 2633 1855 2699 Putabam
1889 2635 1977 2699 euim
2011 2637 2123 2703 omnia

122 2718 251 2786 rideant
271 2720 321 2785 uti
342 2720 405 2786 hoo
426 2718 601 2790 admissuri
629 2719 710 2786 sint:
739 2741 838 2803 quum
861 2720 889 2785 si
915 2720 1011 2784 ineo
1033 2719 1090 2785 ob·
1142 2720 1312 2803 consopita
1333 2741 1414 2798 esse,
1442 2739 1480 2784 ac
1501 2719 1573 2784 Deo
1599 2739 1638 2783 eo
1666 2720 1800 2785 nomine
1827 2721 1951 2804 gratias
1978 2741 2120 2806 egeram,

123 2805 236 2872 stirme
266 2812 429 2890 perstent,
456 2804 680 2872 schismaticos
708 2825 778 2872 sese
805 2805 985 2872 exhibituri
1012 2804 1088 2886 sint,
1141 2807 1284 2882 maxime
1306 2803 1364 2871 ubi
1383 2805 1424 2871 ab
1445 2805 1567 2889 optimo
1587 2805 1689 2870 fratre
1715 2805 1756 2870 N.
1779 2805 1918 2871 istorum
1941 2813 2025 2874 teste
2050 2808 2121 2873 ido-

123 2891 262 2958 undeet
289 2893 377 2978 ipsos
405 2913 425 2956 a
453 2892 557 2957 vestri
583 2893 728 2976 corporis
760 2892 888 2958 unitate
915 2891 1089 2976 separandi
1141 2913 1213 2972 neo,
1240 2893 1289 2958 ita
1316 2913 1351 2957 so
1382 2912 1452 2956 rem
1486 2890 1606 2956 habere
1639 2891 1843 2974 accepissem.
1896 2892 2004 2976 Atque
2037 2893 2120 2959 illud

123 2976 291 3044 iuiicienda
318 2979 362 3044 sit
387 2975 480 3043 vobis
509 2978 696 3045 necessitas.
747 2977 843 3060 Quod
874 2975 916 3044 ad
947 2977 1088 3044 alterum
1140 2978 1291 3044 vulneris
1312 2977 1401 3043 illius
1422 2977 1488 3043 mei
1515 2976 1724 3042 acerbitatem
1752 2977 1848 3060 parit,
1878 2999 1979 3062 quum
2008 2979 2121 3063 vigera

123 3064 240 3140 attinet,
264 3065 342 3148 quia
363 3063 437 3148 plus
459 3065 496 3128 in
516 3064 572 3130 illo
594 3073 646 3129 est
666 3061 908 3148 imprudentiae
931 3071 964 3128 et
984 3063 1088 3147 impe·
1140 3064 1264 3129 malum
1292 3063 1398 3143 audio,
1449 3062 1512 3128 uod
1540 3064 1741 3129 exstinctum
1768 3061 1944 3129 audieram.
1988 3065 2120 3150 Ageba-

123 3155 171 3214 tus
192 3169 289 3234 quam
311 3159 417 3216 certae
435 3149 669 3234 improbitatis,
701 3151 781 3216 satis
808 3151 876 3216 fore
898 3149 1089 3228 videtur,si
1140 3157 1196 3214 tur
1218 3157 1295 3216 ante
1317 3149 1358 3214 de
1378 3085 1583 3234 qubusdam,
1606 3171 1688 3232 qnae
1710 3149 1743 3212 iu
1767 3149 1868 3215 fratre
1890 3149 1930 3214 N.
1954 3149 2119 3217 desidera-

123 3235 268 3302 occlesiae
291 3236 391 3301 etiam
411 3235 516 3321 ipsius
536 3237 739 3321 significetur
766 3233 921 3320 suspendi
949 3235 1045 3300 illum
1068 3257 1088 3301 a
1138 3236 1233 3314 batis,
1255 3235 1375 3320 quibus
1396 3235 1453 3300 illa
1480 3233 1642 3301 medicina
1663 3233 1809 3300 adhibita
1830 3237 1946 3314 suerat,
1968 3257 2034 3319 qua
2061 3258 2119 3303 vo-

121 3321 311 3388 ministerio:
335 3335 403 3387 tum
420 3331 459 3388 ut
476 3323 544 3405 ipse
562 3342 633 3388 seso
651 3323 698 3388 ita
713 3321 876 3402 humiliet,
899 3329 970 3386 tum
988 3322 1087 3387 ctiam
1139 3322 1189 3387 bis
1210 3320 1336 3400 idonee,
1359 3328 1398 3386 ut
1419 3321 1581 3398 existimo,
1603 3321 1804 3387 safishctum
1834 3341 1905 3387 esse
1934 3331 2116 3405 oporteret:

121 3415 156 3471 ut
175 3408 364 3474 scandalum
386 3409 561 3474 sarciatur:
593 3415 691 3491 atque
711 3407 794 3472 illud
816 3410 864 3473 ita
885 3406 1027 3488 demum,
1050 3415 1087 3473 ut
1138 3429 1239 3490 quum
1261 3407 1386 3491 etipse
1407 3408 1602 3471 nominatim
1624 3427 1780 3473 censurae
1802 3427 1873 3474 sese
1902 3409 2116 3474 submisisset

122 3495 239 3576 quoties
259 3494 342 3579 ipsis
363 3493 536 3575 videbitur,
563 3495 672 3578 ipsum
693 3493 791 3561 liceat
812 3501 959 3578 repetere
979 3501 1013 3558 et
1034 3513 1085 3559 re-
1136 3493 1234 3560 Nune
1266 3515 1387 3559 novam
1414 3493 1506 3557 litem
1536 3500 1684 3558 exortam
1717 3492 1824 3572 audio,
1853 3493 1939 3576 quod
1971 3493 2118 3578 plerique

121 3581 220 3662 cipere
241 3581 277 3646 in
299 3579 498 3646 ministrum.
548 3579 705 3646 Moneudi
729 3587 840 3645 autem
862 3587 961 3645 erunt
979 3581 1085 3644 nomi·
1136 3579 1230 3644 illum
1254 3601 1312 3662 pro
1334 3585 1465 3663 pastore
1488 3577 1608 3645 habero
1630 3577 1819 3656 detrectent,
1842 3579 1907 3645 nisi
1935 3579 2024 3645 abire
2053 3580 2117 3644 mi·

120 3666 217 3730 natim
245 3668 273 3732 si
300 3667 340 3732 do
368 3665 425 3732 illo
454 3666 631 3750 repetendo
654 3673 784 3751 agetur,
813 3687 880 3731 non
907 3665 1003 3730 aliter
1023 3665 1085 3732 hoe
1136 3666 1271 3731 nistorio
1293 3666 1400 3732 iussus
1423 3685 1528 3731 novae
1544 3665 1694 3730 electioni
1712 3662 1909 3730 subiiciatur.
1943 3665 2015 3750 Ego
2037 3687 2117 3732 vero

119 3771 209 3834 posse
229 3751 412 3836 procedere,
435 3773 533 3836 qnam
555 3759 593 3817 ut
614 3753 677 3837 ipsi
699 3753 798 3818 otiam
821 3771 952 3817 omnem
970 3751 1085 3834 culpae
1135 3758 1243 3817 tacere
1271 3773 1338 3817 non
1365 3771 1509 3835 possum,
1539 3749 1643 3817 videri
1670 3750 1754 3814 mihi
1782 3749 1856 3815 illos
1885 3750 1962 3815 moli
1990 3751 2117 3818 consilii

120 3837 216 3920 ipsius
240 3838 431 3904 memoriam
459 3838 636 3924 sepeliant,
670 3859 776 3921 neque
802 3837 865 3922 ipsi
893 3837 959 3904 ullo
987 3837 1084 3903 modo
1135 3844 1275 3916 autores,
1298 3837 1354 3921 qui
1376 3837 1487 3902 omnia
1514 3836 1561 3902 ita
1582 3835 1624 3901 ad
1645 3837 1760 3902 meum
1787 3844 1944 3918 resecant,
1967 3835 2052 3920 quod
2075 3835 2117 3903 ad

120 3921 198 4006 quod
225 3922 392 4003 acciderit,
426 3925 637 4009 exprobrent,
672 3944 757 3989 neve
785 3923 866 3990 haee
895 3923 1084 4007 temporalis
1136 3923 1290 3990 eeclesiae
1323 3921 1581 3988 aedificationem
1611 3921 1703 3986 nullo
1730 3921 1826 3986 modo
1854 3921 1961 3988 faciat.
2012 3923 2116 4006 Equi-

119 4011 281 4096 oastigatio
302 4009 352 4074 illi
373 4011 416 4076 sit
435 4009 553 4091 fraudi,
575 4011 750 4095 quominus
771 4011 833 4093 ipsi
854 4011 1020 4095 integrum
1042 4011 1085 4075 sit
1136 4009 1210 4074 dem
1232 4027 1300 4072 non
1322 4015 1416 4074 teneo
1440 4006 1599 4092 quomodo
1617 4007 1691 4073 istic
1711 4006 1854 4090 primum
1877 4008 1921 4072 sit
1942 4009 2115 4075 institutus

119 4095 192 4162 ahos
220 4096 373 4180 deinceps
407 4095 646 4182 reprehendere
677 4117 719 4162 ex
746 4097 920 4182 ministerii
948 4097 1084 4176 ratione,
1135 4103 1257 4178 pastor,
1285 4103 1319 4159 et
1345 4094 1527 4160 ministerio
1554 4093 1647 4177 fungi
1675 4093 1824 4176 eoeperit
1870 4091 1909 4159 Si
1936 4093 2049 4160 electio
2078 4096 2115 4160 in

119 4179 256 4266 adeoque
276 4190 314 4248 ut
336 4182 485 4248 doctriua
510 4183 612 4266 ipsius
639 4182 775 4266 plenum
797 4183 849 4248 ius
871 4190 905 4247 et
925 4182 1083 4247 autorita-
1135 4183 1241 4246 forma
1262 4202 1322 4246 sua
1342 4179 1450 4246 locum
1472 4178 1649 4256 habuisset,
1672 4177 1785 4244 nullus
1804 4186 1892 4244 esset
1914 4177 2009 4245 hodie
2038 4201 2116 4247 eon-

117 4273 178 4333 tem
200 4289 298 4354 quam
319 4277 481 4349 meretur,
510 4269 664 4334 obtineat.
715 4266 931 4352 Optassemus
953 4265 1084 4352 quidem
1135 4265 1337 4332 trovertendi
1357 4266 1455 4332 loeus.
1500 4263 1568 4330 Sed
1591 4263 1705 4329 demus
1734 4285 1803 4328 rem
1830 4285 1896 4330 non
1925 4285 2036 4332 carere
2063 4264 2116 4332 de·

116 4352 148 4417 iu
168 4353 331 4420 mitiorem
353 4353 552 4421 sententiam
575 4355 734 4420 inclinare
761 4354 789 4420 si
816 4354 887 4419 fieri
914 4354 1083 4437 potuisset,
1135 4353 1350 4435 lectualiquo.
1385 4348 1570 4434 Expendite
1591 4349 1726 4427 interea,
1749 4371 1852 4433 quum
1874 4351 1991 4434 aliquis
2012 4352 2116 4419 exsis-

117 4439 169 4505 oed
189 4441 288 4506 ueriti
309 4462 423 4507 sumus
445 4463 488 4506 ne
509 4440 672 4524 parcendo
693 4439 758 4505 illis
775 4440 938 4505 Dominus
959 4440 1085 4505 interea
1135 4440 1177 4504 tit
1210 4439 1245 4503 in
1277 4439 1411 4522 regione
1443 4445 1600 4501 extranea
1627 4436 1682 4518 qui
1709 4435 1852 4520 postulet
1879 4435 1942 4502 eibi
1968 4435 2038 4503 dari
2067 4437 2115 4502 lo·

117 4533 202 4592 tauto
231 4527 341 4593 minus
371 4537 527 4610 parceret
577 4525 697 4592 Velete
723 4527 842 4591 fratres
871 4525 1081 4592 dilectissimi.
1135 4545 1210 4591 eum
1229 4531 1263 4592 et
1284 4524 1471 4589 facultatem
1493 4520 1666 4606 colligendi
1695 4523 1804 4606 gregis
1826 4521 1973 4602 Domini,
2002 4543 2114 4588 annon

116 4609 273 4678 Dominus
294 4633 355 4680 suo
378 4633 438 4679 vos
458 4611 619 4698 praesidio
645 4619 793 4690 tueatur,
823 4612 942 4695 spiritu
965 4613 1082 4678 contir-
1136 4611 1191 4694 qui
1212 4610 1281 4674 illie
1303 4609 1424 4675 adsunt
1445 4616 1479 4672 et
1500 4607 1535 4672 in
1557 4607 1775 4672 ministerium
1804 4608 1947 4690 primum
1976 4629 2114 4674 consen·

116 4707 192 4778 met,
225 4707 324 4784 atque
352 4719 413 4764 sua
444 4698 479 4764 in
510 4697 603 4766 vobis
633 4698 719 4764 dono
752 4717 880 4780 semper
912 4697 1081 4782 adaugeat.
1135 4697 1232 4776 tiunt,
1261 4717 1297 4761 re
1324 4696 1397 4778 ipsa
1422 4692 1516 4758 illum
1549 4693 1685 4778 elegisse
1717 4691 1844 4759 dicendi
1876 4694 1952 4774 sint,
1986 4693 2115 4760 etiamsi

117 4782 270 4850 (tenerae
288 4784 326 4850 in
347 4791 460 4851 nostro
482 4791 585 4851 coetu.
1135 4781 1218 4848 nulli
1241 4787 1312 4847 tum
1334 4781 1419 4846 ritus
1430 4776 1604 4846 accedant?
1627 4777 1716 4844 Illud
1736 4799 1815 4845 vero
1832 4779 1914 4844 mihi
1936 4779 2114 4864 ingratitu-

677 4923 684 4937 .
851 4920 858 4935 .
1021 4921 1028 4934 .
1136 4865 1222 4934 diuis
1243 4867 1376 4952 plenum
1398 4865 1539 4945 videtur,
1573 4865 1600 4931 si
1623 4885 1772 4931 successu
1795 4867 1950 4948 temporis
1976 4865 2032 4931 ille
2060 4885 2113 4929 re-

376 4920 498 4989 Vffltffl'
518 4921 565 4988 1⁰·
590 4920 751 4989 Od'mm
772 4940 919 4986 ΜΨ
941 4939 1083 4986 mmm·
1136 4953 1256 5032 ficitur,
1279 4951 1374 5017 ouius
1390 4973 1489 5038 opero
1507 4957 1615 5018 erecta
1631 4951 1733 5016 inerit
1752 4951 1902 5018 eeclesia:
1927 4969 1965 5016 ao
1985 4951 2051 5016 ism
2072 4949 2113 5014 il·

1206 5175 1235 5240 1)
1255 5174 1329 5244 app.
1354 5180 1380 5230 et
1398 5171 1543 5244 Rospom
1566 5173 1607 5228 ed.
1628 5173 1727 5229 Genea
1746 5189 1777 5242 p.
1801 5171 1864 5241 349,
1888 5171 1977 5227 Mar.
1998 5189 2026 5241 p.
2051 5169 2113 5240 227,

1137 5243 1246 5298 Hauon.
1285 5241 1370 5310 ΔΜ,
1390 5242 1490 5298 Obouet
1503 5259 1534 5312 p.
1553 5239 1613 5312 tta,
1631 5245 1717 5298 Anat
1731 5257 1762 5312 p.
1776 5239 1835 5296 219.
1866 5239 2002 5297 Gallicum
2020 5242 2114 5297 orobe-

1135 5319 1229 5382 typam
1266 5313 1417 5382 meddam
1433 5318 1479 5367 est.
