4852 6022
270 331 336 396 ιιι
1140 312 1403 384 amuranus
1430 319 1594 382 ιιι-ιιι
1647 265 1648 270 ¹
2211 319 2273 380 ιοι

272 517 421 602 positam.
477 513 523 578 Et
555 529 641 588 senc,
678 527 779 591 quum
812 508 875 573 hoe
908 507 952 572 eit
983 525 1084 590 prope
1116 507 1248 570 unicum
1300 505 1337 571 in
1358 504 1524 588 publicum
1546 501 1736 587 prodierant
1761 503 1903 569 multum
1932 502 2014 570 lucis
2040 503 2162 568 intulit
2208 499 2273 569 Sed
2310 482 2316 494 ’

272 603 363 668 illius
385 598 527 666 officium
550 604 693 662 mentem
715 593 884 675 scriptoris
905 613 1001 676 quem
1019 591 1249 675 explioaudum
1300 592 1378 676 quia
1398 591 1448 656 illi
1468 591 1669 673 propesitum
1691 587 1788 656 modo
1810 589 1910 656 fuisse
1938 601 2083 674 apparet,
2111 609 2196 672 quae
2224 591 2274 654 in·

274 686 414 769 sumpsit
434 683 626 767 patefacere,
647 687 807 763 quantum
826 677 867 744 ab
893 697 931 743 ea
948 677 1090 742 lecturos
1109 676 1248 756 abducit,
1300 677 1414 761 primis
1436 683 1546 742 essent
1567 675 1850 742 animadversione
1872 675 1971 760 digne
1991 684 2153 754 excutere,
2178 675 2215 739 in
2235 675 2274 741 iis

274 770 471 838 tantundem
500 787 520 831 a
548 784 646 848 scopo
673 786 732 830 suo
759 765 906 842 aberrat,
938 763 990 829 vel
1019 773 1107 830 certe
1135 783 1154 828 a
1181 766 1249 830 suis
1301 761 1378 828 dum
1415 763 1610 828 immoratur
1648 761 1752 826 multa
1791 761 1939 826 consulto
1977 761 2149 843 praeterit,
2193 781 2274 844 quae

273 857 394 923 finibus
415 849 651 937 quodammodo
673 858 838 933 evagetur.
891 849 1009 932 Itaque
1038 849 1249 934 cupiebamus
1301 849 1436 932 vulgare
1458 849 1627 932 ingenium
1648 847 1787 931 fatigare
1808 846 1959 912 nonnihil
1981 846 2116 929 possint
2145 845 2274 929 Sequu-

275 964 317 1008 ex
345 961 457 1007 eorum
485 959 639 1013 numero,
672 935 789 1020 quibus
820 935 856 999 in
886 935 948 1000 hoe
981 933 1102 1000 laboris
1129 957 1249 1020 genere
1301 941 1355 1000 tus
1371 931 1677 1018 eetRotlinpeoe2)
1695 934 1750 1016 qui
1769 941 1802 997 et
1819 934 1890 1015 ipse
1906 953 2062 1018 magnam
2080 953 2141 998 suo
2158 933 2275 996 merito

277 1027 474 1112 theologiam
495 1029 607 1090 iuvare
628 1021 726 1088 hodie
747 1021 950 1104 propositum
973 1029 1032 1099 est,
1062 1041 1165 1086 unum
1187 1021 1248 1086 ali·
1300 1019 1429 1086 laudem
1451 1019 1590 1102 adeptus
1612 1029 1671 1084 est.
1714 1018 1841 1084 Habuit
1862 1019 1951 1084 euim
1971 1018 2181 1084 coniunctam
2202 1037 2275 1084 cum

277 1133 375 1197 quem
393 1119 523 1177 exstare
542 1109 599 1191 qui
620 1116 654 1173 et
677 1106 827 1174 facilitati
849 1105 1003 1184 studeret,
1026 1115 1059 1172 et
1076 1106 1173 1172 simul
1191 1106 1248 1172 da·
1301 1105 1449 1172 doctriua
1471 1105 1669 1182 facilitatem,
1697 1124 1761 1188 qua
1788 1125 1823 1170 se
1845 1123 2044 1188 magnopere
2072 1102 2274 1187 approbarit.

277 1207 328 1265 ret
350 1217 480 1282 operam
499 1215 541 1260 ne
558 1193 695 1277 prolixis
713 1192 955 1259 commentariis
977 1191 1141 1258 studiosos
1162 1193 1250 1258 ultra
1301 1191 1447 1258 rParidem
1467 1190 1611 1256 Boreae
1619 1193 1648 1272 8ι
1665 1188 1943 1258 lucubrationibus
1954 1191 2021 1256 suis
2032 1189 2160 1256 emissis
2173 1189 2275 1256 veluti

276 1283 411 1349 modum
443 1281 612 1346 detineret.
658 1277 855 1360 Quanquam
883 1287 994 1343 autem
1022 1279 1089 1344 ecio
1116 1287 1248 1344 senten·
1300 1276 1511 1360 colophonem
1533 1277 1698 1360 imposuit.
1743 1275 1913 1358 Siquidem
1941 1275 1993 1340 vir
2020 1275 2085 1352 ille,
2115 1283 2154 1339 nt
2182 1276 2274 1352 nosti,

276 1372 356 1435 tiam
378 1369 463 1433 hane
486 1387 551 1430 uon
580 1364 667 1448 apud
693 1385 806 1430 omnes
833 1373 997 1448 receptam
1019 1385 1105 1441 esse,
1134 1374 1167 1428 et
1194 1385 1248 1430 eos
1300 1371 1431 1445 praeter
1448 1361 1651 1428 reconditam
1670 1361 1886 1428 eruditionem
1907 1362 2134 1444 copiosamque
2156 1361 2275 1426 multa·

277 1456 333 1540 qui
356 1476 421 1520 non
444 1453 606 1534 recipiunt
627 1449 796 1514 nonnullis
817 1469 944 1532 quoque
967 1451 1169 1534 argumentis
1191 1449 1248 1514 ad·
1300 1470 1374 1514 rum
1396 1468 1509 1514 rerum
1531 1448 1718 1525 scientiam,
1741 1455 1870 1530 praeter
1886 1447 2012 1532 ingenii
2031 1447 2272 1530 perspicaciam,

276 1541 351 1606 duoi
373 1551 412 1604 ut
434 1541 480 1602 ita
500 1537 656 1615 iudicent,
686 1557 746 1620 ego
768 1546 879 1600 tamen
902 1533 1063 1600 dimoveri
1085 1555 1152 1600 uon
1174 1556 1248 1618 pos·
1299 1533 1440 1600 multam
1455 1533 1627 1599 lectionem
1646 1533 1789 1616 aliasque
1806 1533 1927 1598 multae
1943 1553 1981 1598 ao
1997 1533 2108 1598 varias
2126 1533 2275 1612 virtutes,

277 1647 350 1692 sum
381 1625 422 1690 ab
452 1643 563 1688 amore
586 1621 779 1704 compendii.
824 1621 950 1686 Verum
975 1641 1075 1703 quum
1098 1622 1145 1684 ita
1166 1621 1249 1686 ferat
1300 1619 1419 1702 quibus
1447 1640 1467 1684 a
1495 1619 1625 1684 nemine
1652 1618 1721 1685 fere
1750 1617 1846 1684 hodie
1874 1619 2032 1695 vincitur,
2060 1640 2135 1686 oum
2164 1619 2275 1702 paucis

277 1731 316 1778 ea
337 1731 421 1793 quae
451 1709 620 1774 hominum
649 1708 789 1791 ingeniis
822 1707 921 1772 insita
948 1719 997 1771 est
1025 1707 1182 1784 venetas,
1212 1715 1250 1771 ut
1300 1713 1351 1770 est
1370 1705 1595 1782 conserendus,
1625 1705 1786 1788 plurimos
1808 1703 1985 1784 antecellit,
2012 1703 2099 1770 hano
2121 1703 2186 1770 sibi
2208 1725 2276 1786 pro-

278 1797 344 1864 alia
365 1795 436 1860 aliis
458 1794 563 1877 magis
585 1793 762 1870 arrideant,
790 1793 918 1857 fruatur
939 1792 993 1856 hie
1015 1811 1093 1856 sane
1114 1794 1249 1875 quisque
1301 1791 1404 1874 priam
1438 1788 1567 1856 laudem
1600 1790 1699 1856 habet
1738 1791 1824 1874 quod
1863 1790 1975 1857 nullus
2017 1790 2080 1856 hac
2119 1791 2275 1854 memoria

277 1903 338 1950 suo
365 1881 496 1956 iudicio,
530 1878 625 1944 modo
653 1901 694 1943 ne
722 1879 794 1960 quis
822 1899 934 1943 omnes
962 1877 1042 1942 alios
1069 1879 1128 1944 sub
1159 1879 1248 1962 leges
1301 1877 1466 1943 exactiore
1504 1875 1676 1960 diligentia
1715 1877 1750 1940 in
1790 1877 1971 1958 scripturae
2007 1876 2274 1958 interpretatione

277 1989 353 2034 suas
374 1965 522 2050 redigere
545 1964 631 2030 velit.
675 1965 729 2030 Ita
750 1966 807 2028 liet
833 1971 872 2028 ut
899 1984 1006 2046 neque
1034 1984 1102 2042 nos,
1131 1963 1249 2046 quibus
1301 1973 1450 2028 versatus
1473 1975 1530 2027 est.
1576 1963 1661 2028 (lum
1682 1963 1802 2028 talibus
1824 1982 1902 2046 ergo
1924 1961 2004 2028 viris
2030 1962 2114 2027 velle
2142 1971 2274 2028 oenten-

276 2054 381 2137 magis
403 2051 509 2134 placet
530 2051 681 2124 brevitas,
706 2070 818 2114 eorum
840 2047 966 2114 labores
984 2048 1038 2114 vel
1056 2070 1250 2132 respuamus
1302 2047 1387 2124 dere,
1410 2057 1448 2113 ut
1464 2048 1564 2114 nimis
1583 2049 1749 2131 improbae
1771 2048 2003 2114 aemulationis
2020 2070 2092 2114 esse
2108 2049 2273 2126 confiteor,

277 2137 330 2204 vel
362 2145 608 2204 contemnamus
640 2137 695 2218 qui
728 2136 763 2198 in
797 2135 898 2200 sacris
934 2135 1026 2200 libris
1058 2135 1250 2201 enarrandis
1301 2135 1347 2200 itu
1366 2133 1447 2198 mihi
1477 2155 1645 2217 uunquam
1672 2135 1707 2198 in
1736 2143 1879 2198 mentem
1907 2134 1996 2200 venit
2024 2133 2076 2202 rel
2105 2135 2274 2198 minimam

278 2224 472 2306 copiosiores
505 2230 582 2287 sunt
615 2243 652 2286 ao
685 2221 829 2297 fusiores,
869 2229 903 2284 et
934 2220 982 2284 illi
1014 2221 1160 2286 vicissim
1190 2242 1249 2286 nos
1301 2219 1408 2284 laudis
1436 2229 1561 2302 partem
1591 2219 1655 2285 illis
1684 2220 1880 2304 praeripere.
1925 2219 2062 2286 Maneat
2088 2219 2157 2285 illis
2186 2219 2275 2286 solra

277 2311 395 2387 ferant,
423 2308 521 2373 etiam
550 2307 578 2372 si
607 2315 724 2388 putent
754 2306 851 2370 nimis
872 2327 1000 2387 pressus
1029 2326 1066 2370 ao
1095 2308 1248 2373 concisos.
1301 2315 1335 2370 et
1357 2305 1462 2388 gratia
1483 2313 1517 2370 et
1538 2307 1696 2372 autoritas
1722 2325 1820 2388 quam
1843 2313 1920 2370 sunt
1942 2306 2101 2370 bonorum
2130 2306 2274 2370 omnium

278 2395 350 2478 Ego
372 2401 460 2459 certe
478 2392 560 2456 mihi
578 2400 760 2474 temperare
780 2412 845 2456 non
863 2393 955 2474 potui
974 2393 1052 2474 quin
1072 2393 1248 2475 experirer,
1301 2392 1501 2457 confossione
1522 2392 1702 2475 promeriti.
1745 2391 1820 2458 Hoc
1847 2401 1956 2457 tamen
1985 2390 2076 2467 mibi,
2105 2401 2144 2456 ut
2172 2410 2273 2473 spero,

277 2479 392 2563 ecquid
410 2485 520 2562 posset
536 2477 588 2543 bic
604 2478 757 2544 ecclesiae
769 2477 832 2542 Dei
843 2498 917 2542 mea
927 2497 1025 2559 opera
1035 2477 1247 2544 commodare.
1301 2476 1510 2542 concedetur:
1533 2476 1617 2542 nihil
1639 2497 1783 2560 unquam
1806 2477 1906 2542 fuisse
1928 2478 2013 2542 inter
2035 2477 2188 2542 homines
2210 2485 2274 2542 ιιιιι

275 2566 390 2648 Neque
410 2584 489 2630 vero
511 2570 570 2629 aut
590 2583 643 2628 me
664 2571 875 2645 assequutum
908 2585 994 2628 nune
1018 2563 1144 2628 confido
1167 2564 1248 2628 illud
1302 2561 1485 2628 absolutum
1513 2563 1549 2628 in
1576 2584 1638 2645 quo
1671 2564 1724 2628 vel
1751 2563 1946 2646 expoliendo
1970 2563 2022 2628 vol
2050 2562 2199 2628 ornando
2227 2560 2273 2626 vel

278 2651 364 2734 quod
383 2659 462 2713 tuuc
479 2649 571 2714 uobis
588 2649 762 2714 videbatur
778 2669 848 2712 esse
865 2651 1033 2730 optimum,
1047 2657 1105 2714 aut
1121 2651 1249 2732 assequi
1300 2648 1493 2716 illustrando
1521 2669 1588 2714 uon
1616 2651 1709 2716 fieret
1735 2648 1826 2714 loeus
1853 2649 2059 2732 sequentium
2085 2648 2273 2714 industriae.

278 2757 331 2800 me
342 2757 435 2818 posse
447 2735 578 2819 speravi
589 2756 688 2816 quum
700 2735 886 2816 inciperem.
915 2733 1041 2799 Verum
1059 2735 1107 2798 ita
1124 2735 1248 2818 stylum
1300 2731 1353 2798 De
1375 2756 1428 2799 me
1455 2735 1538 2800 nibil
1565 2734 1754 2817 praedicare
1781 2734 1893 2812 audeo,
1921 2735 1984 2800 nisi
2010 2733 2096 2816 quod
2125 2733 2273 2810 indicavi,

278 2830 460 2904 temperare
487 2828 624 2886 conatus
651 2841 722 2884 sum
753 2829 790 2884 ut
819 2819 923 2884 rideri
952 2841 1080 2902 possem
1102 2823 1248 2886 animum
1301 2840 1368 2884 non
1394 2820 1546 2886 inutilem
1568 2821 1637 2886 iore
1664 2821 1750 2886 hano
1779 2841 1923 2902 operam:
1957 2818 2118 2902 adquam
2141 2819 2273 2902 suscipi·

277 2905 456 2972 intendisse
479 2905 520 2970 ad
537 2905 618 2970 illud
636 2905 813 2987 exemplar.
858 2905 1029 2986 Quantum
1047 2907 1248 2990 profecerim,
1301 2906 1418 2971 endam
1440 2906 1532 2972 nulla
1552 2926 1606 2971 me
1627 2927 1773 2988 unquam
1800 2906 1864 2970 alia
1884 2907 1969 2972 ratio
1990 2923 2088 2988 quam
2110 2906 2272 2988 publicum

277 2994 353 3078 quia
374 3011 484 3056 mcum
506 3012 573 3056 non
602 2999 652 3056 est
677 2991 829 3070 iudicare,
858 2989 918 3055 tibi
945 2992 1057 3076 tuique
1087 2992 1249 3058 similibus
1301 2991 1454 3058 melesius
1471 2992 1592 3058 bouum
1609 2990 1804 3058 induxisset.
1851 2991 1902 3058 ad
1921 2991 2002 3058 haec
2019 2991 2194 3075 sperabam
2211 2993 2273 3056 iore

277 3077 425 3160 relinquo
447 3075 695 3142 aestimandum.
746 3077 925 3142 Enimvero
954 3076 1039 3160 quod
1067 3077 1248 3162 periculum
1301 3085 1339 3142 ut
1366 3079 1401 3142 in
1431 3077 1559 3144 diverso
1587 3077 1751 3144 scribendi
1780 3099 1900 3177 genere
1928 3077 2021 3142 nulla
2048 3077 2273 3144 aemulationis

276 3161 311 3230 in
333 3161 395 3230 hae
417 3163 619 3246 potissimum
642 3161 739 3228 Pauli
761 3162 897 3248 epistola
917 3165 1024 3229 facere
1045 3183 1144 3230 ausus
1165 3185 1248 3244 sum,
1301 3162 1426 3229 invidia
1446 3184 1622 3246 premerer,
1645 3185 1729 3247 quae
1750 3165 1835 3228 mhi
1855 3163 2007 3248 inprimis
2029 3161 2177 3230 timenda
2197 3173 2271 3228 erat

277 3249 447 3316 consilium
481 3269 591 3312 meum
623 3248 800 3314 obnoxium
839 3249 908 3314 iore
941 3248 1035 3314 video
1070 3250 1248 3315 multorum
1303 3247 1475 3331 Philippus
1492 3250 1580 3314 enim
1602 3247 1688 3333 quod
1710 3249 1814 3316 voluit
1835 3249 1973 3332 adeptus
1995 3257 2055 3328 est,
2078 3259 2119 3314 ut
2134 3250 2272 3314 maxime

276 3333 533 3418 reprehensioni.
570 3333 656 3398 Nam
678 3355 778 3416 quum
800 3340 850 3400 tot
871 3335 1060 3401 excellentis
1082 3334 1249 3400 doctrinae
1301 3337 1485 3401 necessaria
1501 3337 1609 3418 capita
1625 3336 1815 3402 illustraret
1850 3335 1961 3400 Multa
1977 3355 2062 3418 quae
2079 3333 2273 3419 negligenda

277 3421 342 3486 viri
364 3418 502 3486 antehae
523 3420 558 3483 in
580 3420 649 3485 eius
671 3419 887 3502 explicatione
909 3419 1115 3499 elaborarint,
1144 3421 1248 3486 eredi-
1301 3441 1368 3486 nou
1382 3429 1470 3501 sunt,
1489 3420 1567 3487 dum
1584 3422 1620 3486 in
1636 3421 1704 3486 illis
1720 3423 1836 3506 primis
1853 3429 2029 3505 occupatus
2045 3421 2271 3505 praetermisit,

277 3505 342 3572 bile
354 3514 413 3584 est,
432 3505 560 3570 nullum
572 3505 644 3572 aliis
655 3507 774 3570 melius
785 3505 907 3588 aliquid
927 3505 1083 3571 afferendi
1097 3505 1248 3573 relictum
1301 3507 1408 3572 noluit
1435 3508 1515 3574 alios
1542 3507 1701 3590 impedire
1728 3507 1808 3591 quin
1841 3528 1881 3572 ea
1913 3527 2042 3590 quoque
2075 3514 2270 3572 excuterent.

276 3613 347 3658 esse
369 3591 485 3658 locum.
529 3591 603 3674 Ego
626 3611 703 3655 vero
725 3591 836 3668 fateor,
861 3591 990 3657 tametsi
1011 3592 1095 3656 mihi
1117 3593 1248 3676 aliquod
1300 3591 1445 3658 Baccarus
1465 3603 1500 3658 et
1520 3594 1678 3676 prolixior
1700 3603 1751 3658 est
1767 3614 1864 3676 quam
1882 3601 1920 3660 ut
1938 3594 1978 3658 ab
1997 3593 2185 3659 hominibus
2203 3591 2272 3656 aliis

275 3697 392 3761 operae
412 3697 503 3741 meae
525 3677 667 3758 pretium
689 3675 874 3759 pollicebar,
903 3676 964 3743 hac
993 3687 1102 3744 tammr
1125 3679 1248 3762 eogita-
1301 3680 1566 3762 occupationibus
1594 3680 1750 3744 districtis
1777 3679 1898 3762 raptim
1926 3678 2007 3763 legi,
2044 3687 2079 3743 et
2106 3677 2272 3744 sublimior

275 3765 364 3828 tione
385 3761 485 3827 fuisse
508 3781 560 3825 me
583 3763 676 3826 initio
698 3762 899 3840 deterritum,
929 3763 1014 3846 quod
1042 3765 1180 3830 verebar
1206 3785 1248 3830 ne
1301 3785 1398 3848 quam
1412 3762 1474 3852 [ιιι]
1489 3764 1530 3830 ab
1540 3765 1719 3830 humilibus
1739 3775 1772 3830 et
1788 3787 1854 3831 non
1872 3763 1968 3830 valde
1984 3765 2120 3830 attentis
2134 3763 2269 3846 intelligi

275 3849 478 3914 incurrerem
500 3849 533 3911 in
558 3847 678 3912 famam
701 3849 905 3928 temeritatis,
935 3850 962 3914 si
989 3859 1065 3932 pest
1085 3861 1133 3914 tot
1155 3871 1247 3935 egre-
1301 3851 1394 3917 facile
1416 3861 1522 3933 queat.
1563 3851 1648 3916 Nam
1671 3849 1713 3916 ad
1734 3852 1958 3934 cuiuscunque
1980 3851 2168 3934 argumenti
2190 3860 2271 3915 trao-

276 3935 345 4016 gios
363 3935 503 3998 artifices
521 3953 654 3997 manum
667 3935 742 3999 huie
754 3935 843 4018 operi
855 3935 1072 4000 admoverem.
1104 3937 1249 4001 Exstant
1301 3937 1456 4001 tationem
1491 3957 1525 4002 se
1559 3937 1710 4012 eontulit,
1744 3945 1811 4002 tam
1845 3937 1948 4002 multa
1980 3935 2030 4000 illi
2064 3935 2106 4002 ad
2140 3955 2267 4001 manum

275 4019 309 4082 in
327 4019 423 4084 istam
442 4019 611 4102 epistolam
629 4019 724 4082 multi
743 4028 901 4098 veterum,
920 4021 1015 4084 multi
1026 4023 1246 4086 recentiorum
1300 4029 1522 4106 suggeruntur
1541 4023 1581 4088 ab
1604 4023 1787 4088 incredibili
1803 4044 1868 4105 qua
1884 4021 1985 4104 pellet
2001 4021 2126 4105 ingenii
2143 4023 2266 4086 foecun-

277 4107 508 4168 commentarii.
564 4106 609 4168 Et
637 4125 715 4168 sane
749 4127 908 4188 nusquam
940 4105 1058 4171 melius
1090 4107 1247 4173 collocare
1300 4107 1411 4184 ditate,
1435 4117 1471 4172 ut
1492 4129 1626 4172 manum
1650 4109 1690 4173 de
1711 4109 1824 4174 tabula
1846 4109 1960 4174 tollere
1982 4108 2116 4174 nesciat
2160 4106 2265 4188 Quum

278 4209 368 4252 suam
381 4211 511 4272 oporam
524 4201 689 4272 poterant:
710 4191 848 4272 quando,
867 4192 894 4254 si
907 4195 978 4274 quis
991 4212 1063 4256 eam
1075 4193 1246 4277 intelligat,
1300 4215 1376 4276 ergo
1397 4194 1479 4259 alter
1499 4215 1568 4258 non
1597 4195 1707 4260 omnia
1735 4197 1778 4259 sit
1805 4201 2030 4277 persequutus,
2057 4193 2142 4258 alter
2169 4193 2265 4258 fusius

278 4272 404 4338 aditum
431 4277 492 4340 sibi
521 4275 683 4358 quendam
711 4279 909 4359 patefactum
943 4277 1040 4341 habet
1072 4277 1113 4343 ad
1146 4280 1247 4344 totius
1300 4280 1343 4344 sit
1371 4287 1603 4362 persequutus,
1633 4301 1729 4362 quam
1760 4289 1798 4344 ut
1825 4282 1943 4364 exiguo
1974 4289 2122 4361 tempore
2152 4277 2264 4362 perlegi

278 4359 459 4440 scripturae
476 4362 734 4445 intelligentiam.
772 4363 824 4427 De
835 4363 1002 4428 veteribus
1013 4363 1110 4430 sileo:
1129 4364 1247 4448 quibus
1299 4365 1410 4447 possit,
1422 4366 1546 4430 nullam
1559 4367 1786 4432 aemulationis
1797 4367 1937 4450 speciem
1954 4365 2075 4430 habere
2086 4366 2265 4430 institutum

276 4445 390 4530 pietas,
415 4445 558 4522 eruditio,
590 4449 814 4522 sanctimonia,
842 4455 931 4514 aetas
954 4449 1093 4532 denique
1118 4457 1246 4514 tantum
1272 4434 1275 4471 '
1299 4473 1410 4515 meum
1427 4453 1508 4516 mihi
1534 4452 1713 4517 videbatur.
1754 4452 1910 4518 Dubitari
1935 4463 2043 4516 tamen
2063 4449 2266 4534 aliquamdiu,

277 4530 462 4596 autoritatis
485 4533 566 4608 fecit,
596 4545 633 4596 ut
660 4535 742 4598 nibil
773 4532 860 4617 quod
889 4533 928 4599 ab
959 4535 1037 4616 ipsis
1065 4537 1246 4617 profectum
1272 4566 1274 4585 ι
1299 4545 1521 4619 praestaretne
1543 4536 1701 4620 quasdam
1720 4539 1823 4603 veluti
1841 4538 2076 4603 racemationes
2095 4547 2172 4619 post
2188 4537 2267 4619 ipsos

277 4617 320 4682 sit
342 4625 548 4682 contemnere
570 4617 753 4686 debeamus.
799 4621 848 4686 Au
871 4641 926 4686 eos
949 4621 1047 4685 etiam
1073 4623 1128 4704 qui
1151 4621 1247 4687 hodie
1300 4624 1445 4706 aliosque
1466 4625 1581 4702 facere,
1612 4627 1646 4688 in
1676 4624 1794 4706 quibus
1816 4645 1855 4688 ea
1876 4623 2062 4706 colligerem
2090 4624 2126 4686 in
2157 4623 2267 4706 quibus

277 4702 597 4768 vivuntnominatiru
618 4727 728 4770 omnes
746 4726 999 4770 commemorare
1017 4705 1101 4770 nihil
1119 4709 1245 4774 attinet.
1298 4711 1414 4775 iuvare
1436 4731 1488 4774 me
1506 4729 1600 4792 posse
1617 4709 1793 4776 mediocria
1809 4711 1942 4793 ingenia
1959 4707 2153 4788 arbitrabar,
2177 4727 2267 4790 quam

276 4785 329 4852 De
348 4789 389 4854 iis
408 4787 462 4870 qui
481 4789 686 4884 praecipuam
705 4813 836 4874 operam
856 4801 1022 4856 naverunt
1039 4791 1143 4858 dicam
1161 4793 1247 4876 quod
1298 4803 1493 4878 perpetuum
1526 4797 1797 4862 commentarium
1828 4803 1954 4872 texere,
1994 4797 2031 4860 iu
2071 4815 2136 4877 quo
2171 4793 2267 4858 multa

277 4874 388 4938 sentio.
439 4871 612 4954 Philippus
641 4875 864 4956 Melaucbtbou,
879 4879 902 4959 ¹)
928 4897 995 4960 ‹pro
1027 4879 1185 4962 singulari
1214 4887 1247 4945 et
1298 4889 1445 4964 repetere
1463 4903 1594 4947 neeesse
1612 4883 1704 4959 foret,
1726 4903 1809 4964 quae
1827 4892 1885 4946 aut
1901 4879 1943 4946 ab
1960 4881 2027 4945 illis
2044 4881 2198 4946 omnibus
2216 4889 2268 4944 aut

278 4957 424 5022 doctrina
456 4969 490 5023 et
522 4957 683 5024 industria
716 4971 749 5024 et
777 4963 972 5028 dexteritate
1001 4984 1065 5046 qua
1094 4967 1129 5028 in
1158 4967 1247 5030 omni
1299 4966 1406 5051 aliquo
1434 4973 1550 5032 saltem
1579 4968 1709 5033 illorum
1737 4969 1827 5049 prius
1855 4975 1966 5032 essent
1995 4967 2089 5031 dieta.
2150 4967 2266 5030 Verum

278 5041 521 5126 disciplinarum
545 5065 664 5127 genere
682 5047 790 5128 pollet,
811 5069 890 5130 prae
908 5049 948 5112 iis
967 5049 1023 5132 qui
1045 5059 1121 5115 ante
1138 5052 1247 5134 ipsum
1299 5107 1407 5114 ψ-
1448 5110 1466 5116 -

289 5165 377 5171 „-
427 5167 473 5174 “““
553 5235 558 5244 .
1402 5171 1432 5238 2)
1454 5173 1596 5227 θοιιιιιιιιιι.
1614 5175 1644 5225 ia
1661 5188 1720 5240 epp.
1738 5173 1853 5240 apostol.
1871 5169 1945 5226 15⁸2.

295 5224 358 5286 1⁹1.
378 5229 405 5294 l)
423 5231 534 5286 Διιιιιιι.
546 5249 575 5284 ιιι
586 5249 624 5299 cp.
635 5231 674 5285 od
685 5231 761 5286 Rem.
772 5232 847 5286 1522.
872 5236 1005 5290 Ειιιιᾱιιι
1018 5235 1246 5292 Gummlbtli.
1272 5288 1275 5298 ,
1402 5240 1432 5306 3)
1451 5241 1643 5311 Μιιαριιαιιι
1659 5245 1685 5294 ιι
1702 5241 1844 5296 summio
1861 5241 1893 5292 ιἰι
1911 5240 1965 5308 Ep.
1985 5239 2024 5294 ad
2043 5238 2124 5295 Bon.
2146 5239 2220 5293 leet.
