4846 6016
262 299 310 366 bd
1076 291 1433 361 ORDONNANOES.
2222 296 2263 360 84

268 486 306 570 (6
332 483 461 550 6666616
485 483 630 551 6166666
662 505 704 549 66
735 503 795 548 666
823 483 913 566 1666)
946 502 967 547 6
996 480 1098 548 doure
1125 481 1245 548 heures
1296 480 1423 560 tributi,
1445 501 1505 564 pro
1527 501 1585 546 suo
1607 480 1743 564 quisque
1764 487 1863 564 captu
1885 479 2058 564 excipiant.
2091 477 2173 546 Mox
2190 499 2268 546 6666

266 591 406 655 6666666
427 570 524 634 6616
545 565 625 636 66116
647 587 820 635 commune
847 589 867 632 a
895 567 1040 634 1666166
1062 567 1178 633 enfans
1200 565 1244 632 du
1296 567 1443 632 omnium
1465 565 1619 633 classium
1640 565 1842 646 scholastici,
1870 565 2066 650 permutatis
2088 565 2267 645 auditoriis,

267 655 392 740 college
411 676 459 720 un
476 655 589 721 theme
606 653 835 737 6616666161
854 653 982 719 616616
1000 660 1110 720 661666
1130 673 1245 718 66666-
1296 673 1338 718 66
1355 660 1510 735 tempore,
1528 651 1628 718 nullis
1645 652 1919 735 166666116111616,
1937 651 2268 734 116666666661166

267 762 328 891 per
357 761 417 824 par
445 739 541 806 ordre
568 740 658 806 selon
686 739 735 805 les
762 739 897 820 classes,
930 739 1120 806 l'eserivent
1146 739 1245 804 66616
1294 738 1331 803 16
1363 738 1502 804 latinum
1532 758 1732 817 sermonem,
1765 758 1823 804 666
1856 739 1992 821 6616666
2023 743 2145 816 66616,
2180 737 2267 801 intra

281 848 343 912 uy,

371 827 516 892 chascun
544 825 699 892 6616666
726 833 845 908 666166.
896 824 943 891 Ge
970 830 1135 908 qu'estant
1155 825 1243 904 faict,
1296 825 1446 906 quintam
1474 822 1590 890 horam
1618 830 1848 890 convertunto:
1877 830 1911 888 et
1936 844 1979 888 ne
2007 844 2071 905 666
2097 823 2152 886 hio
2177 823 2266 888 fraus

267 911 364 994 qu'ils
385 933 420 978 se
442 911 582 977 retirent
609 920 686 978 tous
712 933 778 976 aux
805 910 925 977 classes
947 916 981 976 et
1001 916 1244 994 promptement
1295 913 1362 988 fiat,
1386 909 1549 976 secundae
1571 908 1684 976 classis
1705 917 1895 992 praeceptor
1916 907 2116 976 scholasticis
2141 908 2267 992 primae

268 1019 346 1064 sans
373 997 530 1082 regarder
549 1018 592 1062 en
614 1017 674 1080 pas
692 1019 738 1062 un
767 996 867 1075 livre,
897 1004 1053 1062 tournent
1076 1017 1119 1061 en
1140 996 1242 1062 Latin
1296 995 1424 1074 classis,
1448 998 1575 1078 primus
1597 995 1773 1074 secundae,
1802 1005 1835 1060 et
1856 997 1902 1060 ita
1923 994 2085 1078 deinceps,
2108 1001 2266 1078 praeesto.

268 1081 392 1150 dedans
424 1083 499 1166 cinq
527 1081 648 1148 heures
679 1083 712 1147 16
739 1081 849 1147 theme
881 1083 937 1166 qui
964 1081 1037 1147 leur
1067 1087 1242 1148 66666616
1296 1079 1365 1162 Qui
1386 1087 1572 1164 praeerunt,
1595 1080 1771 1166 diligenter
1787 1081 1898 1147 omnia
1917 1079 2123 1164 inspiciunto,
2146 1087 2181 1146 et
2197 1078 2267 1144 sine

267 1177 419 1252 propose:
441 1168 588 1235 chasaun
609 1167 650 1234 de
666 1188 859 1251 soymesme,
882 1175 916 1234 et
933 1189 1011 1234 sans
1029 1167 1111 1233 aide.
1154 1167 1243 1232 1116
1295 1167 1363 1233 6116
1385 1165 1458 1233 1616
1481 1166 1740 1233 administrante.

267 1255 314 1320 lin
336 1253 417 1336 6611
437 1275 480 1319 66
501 1257 552 1339 s'y
573 1254 684 1337 puisse
702 1253 784 1319 faire
812 1274 938 1320 aucune
960 1251 1091 1332 166616,
1119 1252 1198 1335 qu’il
1219 1275 1242 1338 y

267 1339 315 1405 ait
336 1339 557 1423 changement
578 1339 619 1404 de
641 1339 770 1416 classes,
793 1339 961 1404 tellement
983 1359 1046 1422 que
1067 1338 1098 1403 16
1110 1338 1244 1422 Rogant

268 1423 309 1490 de
335 1424 369 1489 16
396 1424 533 1491 seconde
559 1425 662 1490 classe
689 1423 820 1508 preside
846 1445 905 1490 sur
925 1424 974 1490 les
1000 1424 1177 1490 escholiers
1202 1423 1242 1492 16

266 1509 300 1574 16
320 1511 495 1593 premiere:
517 1516 552 1574 et
572 1509 667 1596 celuy
689 1509 729 1597 de
750 1509 783 1576 16
804 1510 964 1592 premiere
984 1531 1043 1576 sur
1059 1509 1107 1575 les
1129 1510 1242 1576 escho-

266 1594 346 1662 liers
374 1594 414 1660 de
442 1595 476 1660 16
503 1595 656 1662 seconde:
685 1603 718 1662 61
745 1595 830 1662 61661
862 1595 919 1661 des
947 1603 1059 1662 autres
1085 1614 1241 1680 suyvans.

269 1679 343 1762 Quo
360 1680 456 1746 66616
466 1680 749 1764 66166661166661,
767 1689 930 1764 66666661
941 1681 1042 1766 garde
1053 1681 1242 1764 soigueuse·

265 1773 361 1916 666ηὲ
390 1787 411 1832 6
442 1773 529 1846 1661,
567 1773 601 1832 61
638 1767 842 1852 6661666661
879 1767 974 1834 16616
1007 1787 1084 1833 6666
1117 1763 1243 1833 aucune

298 1873 339 1917 au
363 1871 391 1916 e.

353 2020 427 2102 Que
448 2021 497 2088 166
518 2022 653 2106 Regens
669 2021 863 2088 recueillent
883 2022 932 2090 166
950 2024 1077 2090 116666
1098 2022 1242 2090 6166666
1381 2020 1542 2087 ’.1166616
1563 2019 1698 2087 collecta
1726 2028 1759 2084 61
1787 2017 1901 2085 ordine
1927 2017 2136 2086 decuriarum
2158 2019 2269 2086 distri·

266 2104 592 2174 16166166666611
614 2130 634 2174 6
655 2106 798 2192 preside:
822 2108 921 2174 61166
943 2121 1045 2194 ayant
1065 2109 1128 2174 mis
1150 2108 1242 2175 selon
1295 2106 1389 2188 1616,
1419 2106 1541 2192 singuli
1566 2111 1792 2191 praeceptores
1821 2105 1863 2172 ad
1890 2104 2157 2190 ludimagistrum
2184 2107 2269 2172 1666

265 2191 384 2258 l’ordre
406 2192 464 2259 das
476 2192 628 2274 (11661666,
649 2193 699 2260 166
720 2193 861 2260 rendent
882 2193 1173 2262 fidelemententre
1194 2195 1243 2262 les
1294 2193 1359 2259 fide
1381 2193 1553 2272 afferunto.

265 2278 374 2345 mains
395 2277 440 2344 du
461 2279 641 2363 Principal.
1400 2302 1405 2314 ·

353 2448 428 2530 Qua
449 2449 481 2516 16
502 2449 689 2516 lendcmain
711 2456 746 2516 et
767 2455 878 2516 autres
898 2451 988 2516 iours
1006 2471 1153 2538 6666666
1173 2453 1241 2519 ius·
1379 2449 1502 2515 Rectcr
1523 2447 1679 2532 postridie
1696 2454 1730 2512 et
1747 2445 1957 2532 sequentibus
1974 2445 2089 2512 diebus
2106 2468 2208 2532 usque
2226 2446 2269 2513 ad

266 2555 346 2618 ques
368 2557 411 2600 66
431 2535 575 2620 premier
596 2537 669 2600 1666
690 2533 731 2602 16
752 2535 842 2621 May,
871 2535 902 2602 le
923 2537 1069 2603 Recteur
1089 2537 1243 2621 appelant
1295 2533 1458 2602 calendas
1480 2534 1571 2613 Maii,
1594 2532 1750 2600 adhibitis
1772 2533 2008 2618 professoribus
2029 2533 2177 2617 publicis,
2199 2534 2268 2599 sin-

267 2639 346 2686 6666
368 2641 427 2705 soy
448 2621 496 2688 les
508 2621 716 2688 Professeurs
735 2620 872 2705 publice,
895 2624 1047 2688 examine
1063 2645 1124 2707 666
1145 2623 1241 2688 ordre
1294 2622 1449 2706 gularum
1470 2620 1625 2686 classium
1646 2619 1793 2686 themata
1814 2617 1928 2684 ordine
1954 2619 2132 2704 expendat:
2166 2640 2268 2685 6666-

264 2705 313 2772 166
335 2705 462 2774 themes
484 2705 524 2772 de
546 2706 709 2773 chascune
730 2707 841 2774 classe.
873 2707 921 2773 Et
936 2707 986 2774 les
1005 2710 1111 2775 tantos
1131 2715 1242 2775 estana
1295 2709 1373 2772 16116
1394 2705 1568 2785 erroribus,
1591 2705 1735 2788 ipsisque
1757 2705 1958 2772 scholasticis
1979 2711 2152 2788 praesente
2173 2725 2268 2788 prae-

266 2792 455 2874 marqueei,
484 2801 517 2856 et
546 2791 595 2858 les
616 2791 791 2860 escholiers
812 2793 944 2876 6666166
965 2793 1059 2860 66166
1079 2795 1171 2861 leurs
1192 2793 1240 2859 (11-
1294 2803 1424 2877 6661666
1442 2791 1633 2859 1666616116
1652 2792 1776 2858 6666116
1798 2799 1831 2857 61
1853 2789 1982 2871 auditis,
2005 2790 2046 2857 ad
2063 2810 2161 2874 quem
2178 2791 2267 2874 quis·

212 2881 215 2888 '
266 2877 385 2956 661666,
409 2885 443 2943 61
464 2878 537 2944 6616
558 2899 601 2943 66
624 2878 657 2942 16
677 2897 834 2962 presence
852 2877 893 2943 (16
909 2879 983 2945 1666
999 2879 1140 2964 Rogant,
1163 2879 1241 2964 qu'il
1294 2899 1357 2963 666
1385 2878 1526 2963 gradum
1553 2877 1597 2944 sit
1622 2876 1864 2961 promovendus
1893 2899 1935 2943 66
1963 2895 2165 2945 assessorum
2192 2897 2268 2943 sen·

266 2960 448 3028 determine
470 2963 561 3030 66166
582 2963 699 3032 161616
721 2963 761 3030 16
783 2985 835 3030 666
857 2965 1024 3045 assistens,
1047 2965 1163 3048 66661
1185 2963 1241 3032 de·
1293 2964 1399 3030 tentia
1421 2963 1595 3030 decernite.

266 3056 325 3132 gre
347 3047 469 3117 161666
490 3057 577 3116 66166
598 3057 724 3116 aranee
745 3049 888 3116 chascun
910 3050 967 3116 des
985 3050 1169 3118 eschohers.

354 3223 436 3299 [pago
457 3224 509 3300 13]
538 3217 612 3300 Qua
638 3218 670 3284 le
691 3219 834 3302 premier
860 3221 933 3286 1666
960 3219 1000 3286 16
1022 3221 1103 3306 May
1131 3222 1242 3308 (61666
1379 3220 1533 3288 Calendis
1559 3220 1641 3287 Maii
1668 3218 1746 3308 (nisi
1773 3219 1856 3286 forte
1883 3218 1920 3284 in
1948 3217 2034 3284 diem
2056 3217 2267 3284 Dominicum

268 3305 349 3389 qu'il
374 3325 409 3370 se
436 3311 644 3372 rencontrast
672 3320 717 3371 66
740 3327 788 3370 66
809 3305 1009 3374 Dimanche:
1040 3329 1096 3374 car
1124 3329 1166 3372 en
1194 3308 1241 3373 tel
1291 3305 1479 3373 inciderint:
1501 3314 1572 3373 tum
1594 3307 1684 3372 enim
1697 3308 1732 3371 in
1753 3313 1922 3389 66616666
1940 3303 2026 3370 diem
2042 3305 2106 3370 ista
2122 3303 2267 3370 reiicieu-

267 3412 322 3457 cas
343 3390 438 3456 16616
459 3411 495 3456 66
511 3397 669 3456 66661166
686 3412 728 3456 66
744 3389 946 3476 166166616)
969 3399 1042 3459 1661
1062 3392 1239 3478 leOollege
1292 3393 1362 3477 tur)
1385 3399 1456 3459 1616
1476 3392 1588 3460 661616
1608 3393 1645 3456 16
1667 3391 1702 3458 S.
1725 3392 1818 3458 Petri
1839 3392 1946 3457 lorum
1967 3391 2151 3457 convenite.
2198 3387 2266 3455 Ad·

267 3475 453 3544 s’assemble
488 3497 531 3542 au
562 3475 684 3560 temple
712 3475 752 3542 de
779 3474 815 3543 fl.
844 3478 968 3544 Pierre.
1018 3477 1092 3560 Qua
1116 3479 1151 3545 16
1177 3479 1241 3546 6611
1292 3485 1371 3558 6616,
1394 3479 1422 3546 61
1443 3479 1492 3544 116
1517 3477 1682 3545 611611166
1703 3476 1903 3560 6661166166
1925 3475 2080 3555 Senatui,
2110 3495 2153 3540 66
2176 3474 2265 3560 Syn-

289 3567 401 3629 resent
421 3562 512 3629 aussi
533 3561 598 3646 (s’il
619 3561 742 3630 semble
759 3562 824 3630 166
845 3563 1069 3650 6116661666)
1090 3563 1161 3630 166
1182 3564 1240 3632 166
1292 3563 1373 3630 diois
1399 3571 1457 3630 aut
1481 3563 1699 3632 senatoribus
1732 3563 1864 3646 6116616,
1897 3583 1964 3628 666
1996 3583 2073 3628 oum
2104 3561 2266 3626 ministris

265 3584 448 3733 baignous
470 3647 657 3734 Syndiques
678 3670 720 3714 ou
742 3647 968 3732 Oonseilliers,
998 3671 1077 3717 6666
1103 3649 1151 3716 166
1173 3650 1240 3716 Μ1-
1292 3650 1384 3716 66611
1394 3658 1427 3716 61
1437 3650 1682 3734 professoribus,
1699 3647 1926 3732 ludimagistro
1944 3654 1977 3713 et
1994 3646 2266 3732 hypodidascalis,

266 3735 386 3800 nistros
414 3741 448 3799 et
468 3734 695 3814 Professeurs,
722 3733 754 3800 le
774 3734 943 3819 Principal
966 3741 999 3800 et
1026 3735 1075 3802 las
1095 3736 1239 3820 Regens.
1291 3737 1328 3800 in
1349 3756 1489 3819 666666
1512 3741 1585 3817 [pag.
1598 3741 1653 3816 20]
1674 3735 1904 3802 coetuRector
1925 3733 2056 3800 scholae
2073 3733 2163 3818 legas
2184 3734 2266 3800 istas

266 3819 382 3884 11616
431 3839 564 3886 resence
592 3818 743 3902 desquels
772 3819 805 3885 le
832 3821 977 3887 Recteur
1004 3822 1074 3887 fara
1101 3822 1240 3906 quelque
1292 3821 1421 3904 publice
1442 3821 1532 3888 61666
1552 3819 2267 3888 66666661161661666166611666666666-

268 3903 380 3969 brieve
407 3841 593 3990 barangue,
628 3925 712 3989 pour
737 3906 983 3973 recommander
1009 3906 1241 3975 161666661166
1293 3907 1378 3974 dato.
1411 3907 1543 3974 Deinde
1553 3929 1595 3972 66
1617 3906 1757 3990 singulis
1779 3905 1936 3972 classibus
1952 3903 2031 3983 bini,
2049 3905 2105 3986 qui
2122 3913 2268 3970 caeteros

188 4007 192 4014 ·
268 3988 308 4054 de
330 4010 384 4056 ces
404 3989 474 4056 loix
494 3992 551 4074 qui
572 3991 605 4056 la
631 3999 741 4057 seront
767 3992 903 4058 recitees
929 3991 1177 4076 publiquement
1198 4015 1241 4059 en
1294 3993 1357 4059 risi
1384 3993 1509 4058 fuerint
1537 3993 1709 4076 diligentia
1736 3998 1769 4058 et
1797 3991 1980 4057 eruditione
2008 4009 2197 4075 superasse,
2225 4011 2267 4055 ex

266 4074 301 4139 la
321 4095 477 4158 presence
499 4075 540 4142 de
560 4083 651 4142 toute
672 4075 705 4141 la
726 4078 926 4163 compagnie.
978 4079 1033 4143 En
1061 4099 1241 4162 aprosque
1293 4080 1475 4164 praesentis
1497 4079 1540 4144 D.
1562 4077 1702 4164 Syndici
1719 4078 1772 4145 vel
1795 4077 1963 4144 Senatoris
1984 4097 2085 4141 manu
2106 4076 2267 4159 praemio·

268 4159 309 4225 de
338 4160 502 4226 chascune
530 4161 635 4228 616666
661 4161 710 4228 166
740 4161 826 4227 1666
853 4167 953 4247 qu'on
981 4185 1063 4229 aura
1091 4165 1242 4249 iugales
1294 4165 1363 4229 lum
1390 4163 1477 4247 quod
1509 4165 1616 4230 61666
1644 4163 1744 4229 fuerit
1772 4163 1973 4248 amplissimo
2000 4159 2154 4240 Senatui,
2183 4160 2267 4226 6661-

267 4245 343 4329 6166
366 4245 506 4330 diligens
528 4255 562 4312 et
584 4267 739 4326 6666666,
767 4251 885 4333 666661
905 4248 939 4314 16
958 4255 1137 4332 666666166,
1159 4271 1243 4333 6666
1294 4250 1410 4400 piunto
1433 4257 1466 4315 et
1487 4255 1677 4317 reverenter
1695 4249 1817 4334 grabes
1839 4255 1970 4334 agunto.
2014 4247 2136 4313 Postea
2157 4245 2268 4312 661116

268 4332 414 4398 receuoir
435 4330 476 4397 de
497 4331 639 4398 166616
662 4332 708 4399 du
730 4331 1078 4419 SeigneurSyndique
1100 4357 1141 4400 ou
1154 4335 1242 4402 Gon·
1316 4336 1388 4402 6661
1410 4335 1649 4402 collaudatione
1671 4355 1714 4400 66
1736 4356 1792 4401 666
1812 4334 1972 4412 116616616,
1996 4332 2025 4399 61
2046 4331 2124 4417 6611
2145 4332 2268 4398 161661

268 4417 391 4483 66111166
412 4417 469 4499 661
492 4417 1109 4503 666161666,666166666111666166166,
1133 4421 1242 4488 (16161
1294 4421 1419 4505 primae
1445 4420 1689 4488 66166666166
1722 4421 1833 4487 classis
1866 4417 2051 4486 scholastici
2079 4417 2133 4484 661
2161 4417 2267 4484 661616

268 4503 336 4584 6616
357 4503 438 4586 qu’il
458 4502 564 4586 plaira
581 4504 802 4571 aMessieurs:
825 4513 858 4571 et
875 4528 916 4571 en
933 4506 966 4570 16
983 4513 1125 4590 6666661
1146 4507 1242 4589 qu’ils
1294 4507 1441 4574 oratione
1462 4507 1515 4574 661
1543 4508 1688 4573 carmine
1716 4507 1890 4590 scriptum,
1919 4503 2066 4571 modesto
2092 4504 2266 4570 recitante:

268 4589 463 4654 remercient
489 4589 671 4655 Messieurs
697 4611 776 4658 6666
803 4613 988 4658 666666666.
1032 4592 1119 4658 16666
1146 4613 1242 4676 apres
1295 4613 1333 4659 ao
1355 4591 1489 4658 tandem
1511 4594 1626 4678 gratiis
1648 4593 1729 4659 actis
1751 4612 1771 4656 a
1791 4592 1947 4671 Rectore,
1974 4599 2008 4657 et
2034 4590 2175 4674 peractis
2195 4592 2268 4672 pre»

267 4694 330 4758 que
352 4673 383 4739 le
404 4674 549 4740 Recteur
569 4695 650 4740 aura
667 4696 708 4742 en
730 4696 794 4759 peu
816 4675 856 4742 16
877 4677 1111 4761 parollesloue
1132 4678 1242 4745 166616
1295 4679 1397 4760 61166,
1418 4688 1600 4748 conventus
1622 4678 1805 4744 dimittitor.

268 4759 458 4838 escholiers,
484 4781 567 4842 pour
593 4760 669 4826 1666
696 4761 823 4827 166666
849 4762 999 4829 meilleur
1027 4784 1183 4848 oourage,
1208 4771 1242 4830 et

268 4867 288 4910 a
309 4847 355 4909 lin
378 4867 440 4928 que
462 4845 510 4910 les
532 4853 642 4913 autres
664 4869 684 4912 a
704 4845 878 4930 l’exemple
898 4848 939 4913 de
960 4849 1057 4915 66616
1073 4849 1107 4915 16
1123 4858 1242 4935 666661

267 4931 385 4997 1661166
407 4952 427 4996 6
447 4930 525 4996 1166
545 4931 703 4999 estudier:
732 4933 761 4998 si
782 4932 831 4998 les
853 4933 1028 5000 escholiers
1050 4932 1090 5001 de
1111 4934 1145 5000 la
1166 4957 1240 5019 666-

267 5017 369 5082 miere
391 5024 425 5082 et
445 5017 583 5084 seconde
604 5017 708 5084 616666
729 5029 788 5084 661
804 5017 945 5102 6661666
961 5020 1071 5102 666616
1087 5041 1131 5086 66
1147 5029 1241 5087 66166

268 5103 389 5186 escript
410 5123 429 5167 a
450 5103 568 5169 reciter
590 5103 712 5170 166661
733 5110 825 5170 16616
853 5103 888 5168 16
909 5106 1115 5191 compagnie,
1145 5107 1241 5190 qu'ils

266 5187 301 5254 le
321 5189 429 5256 166661
450 5209 530 5257 aveo
551 5189 747 5256 1666661616
768 5201 802 5256 61
822 5209 1005 5257 reverante.
1050 5193 1096 5257 Et
1116 5194 1193 5275 puis
1209 5193 1241 5258 le
