4820 6016
1004 313 1084 374 1538
1106 308 1267 383 OG'POB.
2061 315 2127 380 att

593 525 662 596 ¹⁴⁸·
1157 497 2127 652 ttttltttttltttt¹⁸¹⁰t¹²⁰⁶‘mmm‘

381 661 614 730 OALVINUS
637 663 866 732 FARELLO.
1241 669 1383 753 Mirari)
1412 669 1533 738 bonum
1545 606 1669 736 gvirum
1696 670 1822 736 nullam
1850 671 1910 736 sub
1938 677 2124 736 extromum

1157 754 1245 820 vitoe
1274 753 1413 820 edidisse
1440 755 1546 822 lucem
1578 776 1660 839 quae
1688 755 1729 820 ed
1758 777 1817 822 uos
1839 756 2023 839 pertineret.
2068 755 2122 824 De

226 831 357 900 Goraldi
377 837 502 898 morum
520 835 614 914 dulc,
636 838 775 900 tuamen
792 835 946 916 amodum
967 837 1023 918 gui
1048 858 1105 902 aa·
1157 859 1341 906 successore
1364 841 1503 924 cogitate
1523 841 1593 924 ipsi.
1638 841 1811 906 Neminem
1838 843 1926 907 enim
1948 841 2001 906 hic
2023 840 2123 908 habe·

132 941 193 1004 per
215 920 461 1017 Argentoratum
486 939 519 984 se
539 919 665 984 amtelit
684 921 801 1000 ιιιιιιαι,
823 921 900 1002 quid
919 941 989 986 ιιι
1013 921 1104 988 Scae·
1157 945 1230 990 mus
1263 926 1341 990 satis
1367 935 1598 1008 comparatum.
1654 925 1828 1010 Memor)
1856 927 1921 991 iam
1954 927 2124 994 nobiscum

136 1007 186 1072 rio
209 1010 320 1090 comt,
347 1023 416 1068 cum
437 1005 625 1088 magistratu
654 1011 681 1070 et
709 1007 865 1070 minutis
893 1012 1037 1087 ιινιιιιιι,
1067 1007 1105 1074 dc
1157 1018 1216 1088 est,
1240 1010 1279 1075 dc
1300 1011 1391 1076 caius
1412 1012 1574 1093 probitate
1595 1011 1678 1076 nihil
1699 1033 1767 1076 non
1785 1012 1866 1076 mibi
1883 1011 2043 1094 spondere
2065 1033 2123 1078 eu·

137 1091 301 1158 ccbiaatote
322 1089 566 1188 abundequcod
581 1111 642 1172 per
658 1092 873 1189 poentientiam
893 1093 1026 1168 licuerit,
1053 1093 1105 1174 sa·
1157 1092 1224 1160 deo.
1269 1095 1414 1162 (lanatus
1442 1118 1516 1162 sam
1544 1097 1592 1160 illi
1620 1096 1805 1162 dissuadere
1835 1097 1939 1162 modis
1963 1099 2122 1177 omuibus,

136 1179 205 1244 ιιιιι
226 1180 368 1256 cacum
395 1195 493 1240 omuo
515 1177 716 1258 ινιιιειιιιιι
743 1178 930 1244 mmuiettdot
956 1179 992 1242 ia
1023 1183 1104 1246 trac·
1156 1201 1198 1245 ne
1219 1180 1317 1246 istam
1334 1182 1396 1246 sibi
1414 1183 1614 1248 vacadoaem
1632 1191 1775 1248 sumeret
1791 1183 1826 1246 in
1844 1191 1937 1247 tanta
1953 1182 2123 1248 laborandi

137 1261 404 1330 maceratura
419 1259 602 1326 emineas.
1156 1268 1356 1332 necessitate.
1391 1265 1458 1334 Sed
1477 1265 1532 1332 ubi
1549 1267 1617 1332 vidi
1637 1267 1730 1332 illum
1752 1288 1886 1333 manere
1907 1268 1940 1331 ia
1961 1268 2125 1334 sententie

487 1433 493 1444 ¹
1025 1395 1031 1406 ·
1156 1351 1363 1428 obstinatum,
1386 1374 1444 1417 nec
1467 1351 1561 1418 dallei
1582 1352 1775 1430 rationibus,
1804 1373 1869 1418 non
1891 1353 1981 1436 potui
2003 1351 2044 1417 ad
2066 1374 2125 1418 ex·

137 1435 195 1500 (Ᾱῑῑ
273 1433 356 1502 ptam
373 1437 463 1486 ιιι
485 1450 513 1485 ¹¹¹
531 1434 602 1486 Bibl.
625 1432 725 1486 Genea
748 1431 812 1486 ⁰0¹1·
832 1432 894 1498 1⁰⁶,
917 1433 962 1488 tol.
979 1432 1013 1486 21
1032 1435 1104 1502 (1¹⁰⁶
1156 1445 1298 1501 tremum
1320 1438 1486 1521 refragari.
1520 1438 1606 1504 Mihi
1627 1438 1759 1502 omnino
1782 1439 1831 1504 vir
1852 1438 1953 1503 bonus
1974 1437 2123 1504 habetur.

136 1439 987 1640 ῗξᾨᾝξιὶῃὲῖῃξῗξωξξῗὀξζξζξίἷ)Ξὲῗὴζοέξιαιξᾞ
1003 1502 1102 1625 θθὲξᾶ
1156 1521 1202 1586 Et
1223 1543 1262 1586 ea
1283 1530 1333 1588 est
1354 1523 1556 1600 sinceritate,
1585 1531 1623 1587 ιιι
1653 1522 1732 1586 mihi
1756 1545 1775 1586 a
1797 1524 1868 1588 fuco
1890 1544 1956 1588 non
1980 1524 2121 1590 timeam.

137 1640 241 1709 anglice
258 1639 289 1691 'l'-
307 1613 326 1690 i.
345 1655 372 1706 p.
391 1636 426 1690 lb
443 1643 547 1690 textum
565 1639 725 1707 impressam
742 1639 864 1706 sequitur
883 1640 1030 1710 archetypo
1048 1657 1102 1693 non
1156 1605 1751 1707 N,⁰¹1‚ad⁰⁰,i¹¹d·i⁰iiffuminqtmllffi·
1783 1607 1849 1674 sed
1867 1609 1983 1707 Vitium
2002 1608 2063 1674 ¹¹⁰⁰
2080 1630 2123 1674 ⁰¹

553 1707 694 1775 inspecto.)
1156 1713 1258 1757 nimia
1279 1693 1479 1776 benignitate
1497 1713 1669 1776 provenire
1687 1693 1834 1758 observo.
1869 1692 1925 1758 Sic
1942 1713 2122 1776 propensus

1157 1786 1207 1842 est
1224 1777 1265 1842 ed
1286 1799 1398 1844 omnes
1423 1779 1664 1862 amplexandos,
1687 1787 1724 1843 ut
1747 1777 1820 1861 plus
1838 1778 1941 1844 multo
1958 1779 2123 1846 interdum

1156 1862 1280 1928 tribuet
1301 1863 1444 1947 indignis
1463 1885 1560 1947 quem
1581 1886 1640 1946 per
1662 1864 1712 1928 ιιι.
1758 1861 1814 1930 Sia
1836 1873 1946 1928 temen
1967 1885 2081 1930 rursus
2102 1886 2124 1932 e

1157 1948 1244 2014 vitiis
1266 1947 1427 2027 abhorret,
1458 1957 1494 2014 ut
1514 1971 1593 2032 quos
1621 1950 1715 2014 norit
1736 1947 1898 2032 improbos
1919 1970 2123 2032 nequaquam

224 2029 352 2098 Goroldi
373 2039 476 2096 morte
489 2034 513 2114 Ι)
535 2033 583 2095 ιιι
603 2053 675 2096 sum
696 2037 938 2111 consternatus,
972 2041 1010 2096 ιιι
1031 2033 1103 2098 nul·
1156 2033 1272 2098 foveat.
1316 2033 1356 2098 In
1379 2034 1551 2100 timiditate
1574 2035 1673 2099 etiem
1695 2033 1844 2098 nonnihil
1867 2043 1985 2116 peccat.
2030 2033 2122 2100 Adeo

137 2115 481 2201 lumpeneremodum
503 2117 640 2182 moerori
664 2116 791 2200 possim.
828 2116 947 2182 Nullae
970 2117 1104 2184 diurnae
1156 2118 1243 2187 cuim
1266 2118 1320 2184 vel
1341 2119 1494 2184 minimas
1516 2119 1768 2186 offensiunculas
1786 2117 1947 2198 formidat,
1970 2127 2006 2184 ut
2026 2139 2122 2203 saepe

137 2203 364 2286 occupationes
386 2203 531 2268 animum
555 2223 663 2268 meum
685 2204 731 2267 sic
749 2202 890 2268 retinere
912 2212 1044 2285 queunt,
1068 2211 1105 2268 ut
1157 2203 1197 2268 de
1218 2203 1321 2270 nihilo
1343 2206 1562 2272 conturbetur.
1608 2207 1653 2269 At
1673 2213 1842 2287 paccatum
1865 2203 1942 2281 hoc,
1971 2211 2009 2269 ut
2030 2225 2122 2289 meg·

137 2311 204 2354 non
224 2290 261 2354 in
282 2311 355 2354 aem
384 2309 511 2370 semper
538 2288 764 2371 cogitationem
793 2288 988 2354 revolvetur.
1039 2289 1103 2354 Mi-
1156 2309 1217 2354 nae
1238 2291 1351 2354 virtuti
1373 2290 1559 2374 proximum
1580 2299 1639 2370 est,
1667 2290 1797 2358 veniam
1818 2289 1946 2356 facilem
1968 2299 2120 2354 meretur.

138 2375 276 2440 serrime
297 2373 360 2440 diei
376 2380 540 2438 tormenta
560 2373 727 2456 excipiunt
742 2371 921 2438 acerbiores
942 2374 1104 2440 cruciatus
1156 2375 1317 2440 Levitatis
1349 2397 1416 2440 non
1449 2384 1499 2440 est
1525 2375 1608 2440 mihi
1634 2385 1812 2458 suspectus.
1864 2375 1949 2440 Nam
1981 2376 2009 2440 si
2041 2373 2122 2458 quid

137 2460 251 2526 noctis
295 2459 370 2524 Non
392 2460 479 2524 euim
500 2459 667 2524 insomniis
688 2457 792 2536 modo,
820 2457 937 2541 quibus
959 2481 1000 2524 ex
1027 2481 1103 2526 con·
1156 2461 1264 2524 animo
1285 2467 1343 2524 eut
1363 2461 1496 2526 consilio
1518 2459 1663 2537 venibat,
1692 2461 1819 2542 piorum
1844 2460 2025 2526 sententiaa
2045 2481 2122 2526 mox

138 2545 311 2612 suetudine
332 2543 486 2622 obdurui,
514 2543 662 2622 divexor,
691 2543 747 2608 sed
775 2565 891 2610 enecor
911 2544 1010 2610 etiam
1029 2566 1104 2627 per·
1156 2545 1337 2628 acquiescit.
1383 2547 1484 2612 Totus
1505 2547 1592 2612 enim
1620 2547 1660 2610 ab
1687 2545 1727 2610 iis
1753 2544 1872 2630 pendet
1893 2566 2030 2628 quorum
2051 2545 2122 2628 pie·

138 2631 268 2716 vigiliis,
292 2629 406 2712 quibus
433 2629 516 2694 nihil
545 2627 723 2694 valetudini
747 2650 840 2694 meae
861 2631 966 2713 magis
987 2630 1103 2696 adver·
1155 2636 1257 2695 tatem
1278 2641 1495 2698 revereturec
1512 2631 1701 2696 doctrinam.
1734 2631 1779 2694 Et
1796 2628 1993 2714 diligentius,
2016 2652 2120 2714 quen·

138 2739 211 2784 sum
233 2715 345 2781 habeo.
378 2717 556 2797 Praecipue
581 2736 656 2780 vero
674 2716 817 2780 animum
839 2737 949 2780 meum
970 2716 1104 2798 configit
1155 2715 1257 2797 tisper
1278 2715 1332 2780 bic
1354 2717 1424 2795 erit,
1448 2715 1631 2799 explorabo.
1665 2715 1741 2798 Ipse
1763 2737 1837 2780 cum
1861 2715 2013 2796 Gaspore,
2037 2715 2121 2780 Hea-

138 2803 193 2866 ille
214 2801 403 2885 indignitas,
426 2798 584 2883 siquidem
602 2821 680 2864 vera
697 2809 747 2865 est
764 2801 911 2885 suspicio,
935 2801 988 2866 aui
1006 2801 1103 2866 velim
1155 2803 1219 2866 rico
1251 2812 1284 2866 et
1316 2801 1483 2866 Humberlo
1512 2800 1645 2866 habitet.
1699 2801 1921 2866 Habitationis
1951 2809 2120 2883 sumptum

138 2887 241 2953 nolim
262 2907 359 2970 cogor
379 2887 483 2952 locum
506 2887 645 2968 aliquem
670 2885 754 2950 dare.
800 2886 873 2966 Quo
901 2885 1030 2950 mndam
1052 2907 1103 2952 rs-
1155 2886 1321 2952 ecclesiola
1342 2897 1452 2952 nostra
1474 2908 1515 2952 ex
1537 2886 1759 2953 collationibus
1781 2887 1965 2963 sustinebit,
1991 2887 2046 2968 qui
2068 2886 2119 2950 lu·

138 2973 247 3040 cident
273 2973 393 3055 posteri
419 2972 539 3051 nostri,
567 2993 669 3054 quum
697 2971 732 3034 in
759 2973 837 3054 ipsis
862 2970 1002 3036 exordiis
1025 2971 1103 3036 talia
1155 2979 1248 3036 turus
1266 2977 1317 3037 ιιι
1333 2973 1368 3037 in
1385 2972 1530 3056 singulas
1547 2971 1765 3037 hebdomadas
1782 2971 1924 3054 quinque
1941 2971 2119 3036 botrorum.

137 3067 289 3142 portenta
309 3059 375 3123 iam
402 3055 589 3140 emergant?
634 3055 804 3137 Quantum
831 3077 945 3124 vereor
971 3081 1013 3122 ne
1034 3077 1102 3122 soe·
1155 3055 1324 3122 Huetbcrto
1346 3065 1514 3139 praeterea
1534 3057 1745 3124 conflabimus
1769 3055 1891 3139 aliquid
1912 3055 1998 3122 unde
2017 3055 2119 3122 vivat

137 3143 189 3209 lus
210 3143 272 3208 hoc
292 3143 414 3227 magna
439 3141 547 3224 eliqua
573 3141 725 3208 acclesiae
752 3143 842 3207 clade
870 3143 962 3208 brevi
984 3143 1101 3208 luetur.
1154 3143 1208 3206 lex
1229 3142 1356 3226 publico
1379 3141 1561 3208 nihildum
1590 3151 1743 3226 erogatur
1764 3142 1955 3226 alienigenis
1977 3141 2121 3208 scholas·

138 3229 191 3295 ed
218 3229 299 3294 haec
326 3250 392 3293 non
418 3228 590 3292 minimum
616 3239 666 3292 ιιι
692 3229 760 3293 irae
783 3228 845 3292 Dei
866 3225 1040 3306 indiciam,
1067 3229 1102 3292 in
1153 3227 1234 3294 ticis.
1278 3227 1346 3293 Neo
1366 3228 1402 3292 in
1429 3236 1521 3293 tanto
1542 3249 1653 3294 rerum
1681 3227 1823 3292 tumultu
1850 3226 2005 3293 constitui
2027 3247 2122 3309 posse

137 3323 230 3380 tante
251 3316 411 3379 bonorum
434 3315 604 3396 paucitate,
628 3335 665 3377 eo
682 3313 738 3395 qui
755 3313 842 3377 inter
859 3313 960 3379 bonos
977 3322 1101 3395 postre·
1154 3312 1220 3378 ulla
1240 3334 1314 3396 spes
1337 3319 1395 3379 est.

136 3421 211 3465 mus
232 3421 298 3464 non
327 3411 397 3464 eret
424 3399 591 3464 ecclesiam
620 3399 735 3464 orbari.
786 3397 872 3479 Quid
900 3419 977 3482 ergo
1003 3399 1100 3478 eliud,
1238 3397 1420 3465 Olassicum
1441 3400 1530 3464 enim
1556 3399 1621 3462 iam
1644 3399 1831 3464 cecinerunt
1852 3395 2030 3462 adversarii
2052 3395 2120 3460 cle·

136 3485 183 3551 mi
209 3485 324 3562 freter,
360 3505 458 3568 quam
486 3493 632 3549 nostram
666 3483 882 3549 calamitatem
909 3483 1099 3568 lugeamus?
1152 3483 1313 3567 rigatione
1335 3486 1369 3550 in
1380 3484 1530 3550 Mindam
1547 3483 1768 3568 pronunciata.
1778 3482 1806 3568 ⁴)
1837 3480 1999 3562 Quoniam
2020 3501 2120 3548 causa

135 3569 333 3654 Quanquam
345 3591 449 3652 neque
466 3569 582 3636 validis
599 3568 722 3634 solatiis
739 3567 913 3634 deficimur.
941 3569 1101 3653 Magnum
1152 3577 1203 3634 ιιι
1223 3569 1406 3668 religionis,
1435 3591 1547 3636 omnes
1574 3567 1680 3634 nostri
1702 3569 1882 3634 necessario
1901 3565 2117 3650 implicantur.

136 3656 198 3722 hoc
218 3665 268 3721 est
290 3653 376 3738 quod
397 3677 456 3720 suo
479 3653 588 3720 dolore
614 3663 647 3720 at
669 3651 828 3720 desiderio
850 3661 1011 3720 testantur
1032 3677 1100 3720 om·
1152 3654 1394 3720 Firmissrmum
1421 3663 1455 3718 ot
1475 3656 1632 3721 invictum
1655 3655 1747 3720 nobis
1769 3651 1965 3736 praesidium
1984 3652 2060 3730 erit,
2089 3651 2118 3716 si

134 3763 210 3820 nes,
238 3739 316 3824 quid
344 3740 384 3806 de
412 3741 483 3804 aius
510 3741 631 3806 virtute
659 3762 696 3805 ac
723 3740 908 3824 integritate
930 3741 1100 3807 senserint.
1151 3737 1314 3804 Dominus
1332 3741 1533 3806 exercituum
1550 3761 1609 3804 sue
1627 3760 1686 3804 nos
1704 3740 1824 3804 virtute
1842 3737 1992 3802 tuebitur.
2027 3736 2120 3802 Alio-

136 3825 194 3893 Sic
215 3827 301 3893 enim
327 3847 370 3890 ne
391 3827 426 3890 in
452 3827 547 3891 terris
568 3824 699 3908 quidem
719 3825 821 3890 latere
843 3826 965 3908 petitur
985 3823 1100 3892 Domi·
1151 3825 1206 3906 qui
1227 3825 1284 3890 vix
1305 3833 1432 3890 tantum
1452 3835 1502 3890 est
1522 3825 1644 3890 nestris
1664 3824 1798 3901 roboris,
1820 3821 1904 3905 quod
1922 3821 1963 3887 ed
1985 3821 2117 3905 propul-

135 3933 200 3977 nus
221 3912 363 3976 hostium
385 3919 573 3976 nostrorum
593 3911 807 3993 iniquitatem.
849 3911 918 3976 Nec
940 3910 1043 3994 pilum
1060 3933 1098 3978 eo
1150 3909 1267 3975 sandes
1293 3909 1437 3976 hostium
1465 3910 1606 3994 impetus
1634 3910 1752 3974 valeat.
1803 3908 1856 3974 Ad
1883 3909 2017 3972 unicum
2038 3927 2116 3992 ergo

134 3999 295 4064 exstincto
323 3998 405 4063 lucri
433 3997 592 4062 fecerunt:
627 4003 693 4062 stet
716 3997 803 4061 enim
829 4016 939 4062 coram
964 3996 1098 4062 Domini
1149 3993 1231 4060 illud
1253 3995 1380 4078 asylum
1402 3996 1644 4080 confugiamus,
1673 3992 1757 4076 quod
1784 4013 1949 4075 nunquam
1974 4013 2116 4058 commo-

134 4083 293 4150 tribunali
316 4083 408 4148 testis
435 4089 467 4147 at
489 4091 656 4148 accusator
677 4101 790 4146 eorum
811 4081 983 4164 nequitiae,
1005 4083 1097 4150 cuins
1149 4080 1293 4159 rebitur,
1321 4081 1449 4146 etiamsi
1478 4081 1630 4146 univorsa
1656 4079 1860 4144 concutiatur
1887 4087 1982 4144 terra.
2027 4077 2115 4144 Oen·

134 4191 199 4235 ror
223 4169 342 4234 clarius
366 4168 493 4233 sonabit
518 4169 553 4232 in
580 4187 694 4232 eorum
721 4167 912 4249 perniciem,
942 4187 1040 4249 quam
1069 4169 1097 4233 si
1149 4174 1284 4231 ventum
1303 4187 1369 4231 non
1391 4165 1577 4232 desinemus
1594 4165 1750 4248 flagitare,
1773 4161 1874 4229 donec
1895 4164 1992 4228 luerit
2013 4162 2117 4246 impe·

134 4265 258 4320 terram
279 4259 473 4320 concuteret
517 4253 585 4318 Nos
606 4273 699 4331 varo,
728 4273 807 4334 quos
829 4251 870 4317 ad
893 4261 1020 4335 tempus
1042 4275 1097 4320 su·
1148 4259 1265 4318 tratas.
1298 4250 1510 4332 Moroudus⁵)
1526 4261 1560 4316 ιι
1569 4248 1764 4316 Morcortiae
1782 4249 1997 4314 coniecturam
2008 4267 2117 4314 meam

132 4341 284 4424 perstites
296 4339 427 4422 reliquit
436 4339 606 4416 Dominus,
624 4357 736 4403 secure
752 4358 925 4422 pergemus
942 4357 981 4402 ce
998 4359 1097 4420 quam
1147 4336 1342 4402 fefellerunt.
1387 4336 1558 4402 Astatiora
1582 4343 1754 4416 captantur
1775 4355 1795 4398 a
1817 4332 1933 4398 talibus
1955 4333 2114 4400 architec-

132 4433 289 4510 sequutus
312 4432 362 4490 est
383 4425 453 4502 via,
483 4423 585 4489 donec
612 4443 743 4488 cursum
764 4433 914 4488 nostrum
934 4427 1096 4508 peregeri·
1151 4423 1192 4488 tis
1214 4421 1357 4499 consilia,
1381 4441 1480 4505 quem
1507 4441 1590 4504 quae
1618 4419 1802 4502 intelligere
1824 4417 1986 4500 extemplo
2007 4418 2115 4486 ιιιιιι

131 4533 216 4580 mus.
260 4509 492 4591 Quantaalibet
511 4508 705 4576 obiiciantur
725 4508 943 4584 difficultates,
965 4531 1025 4577 nos
1046 4519 1096 4576 ta·
1151 4506 1302 4574 Sonertas
1323 4507 1459 4573 alteram
1481 4527 1502 4570 a
1519 4507 1612 4572 nobis
1629 4505 1850 4588 quaestionem
1867 4503 1983 4570 discuti
2001 4504 2113 4582 voluit,

131 4617 209 4661 men
231 4617 297 4661 non
318 4595 506 4678 impediant,
528 4595 700 4677 quominus
718 4595 948 4677 perveniamus
966 4594 1008 4659 ed
1025 4617 1095 4661 aem
1149 4614 1192 4658 an
1213 4593 1309 4660 ιιιιιι
1329 4592 1389 4660 sibi
1410 4614 1447 4658 ac
1464 4592 1625 4658 similibus
1647 4610 1781 4656 coenam
1798 4587 1933 4654 Domini
1954 4609 2053 4672 quum
2070 4607 2115 4654 ex

131 4683 275 4766 quietem
296 4682 332 4746 in
354 4701 451 4764 quam
478 4679 532 4745 ille
559 4681 625 4744 iam
652 4687 800 4764 receptus
821 4685 879 4746 est.
923 4679 995 4746 Nisi
1017 4681 1097 4746 haec

131 4789 207 4852 spes
229 4789 289 4834 nos
311 4769 477 4844 retineret,
500 4775 621 4850 quanta
638 4787 698 4832 nos
720 4765 863 4849 undique
888 4763 1014 4832 obsidet
1040 4765 1095 4832 de·
1251 4797 1281 4864 2)
1298 4799 1383 4851 uiros
1401 4837 1407 4849 ,
1425 4835 1433 4850 ,
1450 4797 1658 4864 ,crisparent
1683 4787 2114 4848 flmmgmfflm,

131 4854 327 4937 sperationis
337 4851 496 4924 materie?
520 4852 740 4936 sedquoniam
760 4859 871 4918 menet
892 4851 1013 4920 veritas
1026 4851 1095 4922 Do·
1250 4865 1281 4930 t)
1299 4864 1357 4919 Hic
1373 4869 1399 4918 ct
1414 4869 1469 4918 tres
1485 4863 1536 4918 otti
1552 4861 1631 4930 tarro
1646 4861 1783 4916 misaco·
1799 4861 1926 4916 mauu
1944 4859 2018 4914 Galla·
2032 4857 2112 4913 ιιο-

130 4940 213 5004 mini
231 4941 325 5004 firma
343 4946 376 5002 ιι
392 4939 593 5017 inconeussa,
610 4937 647 5002 in
663 4936 794 5022 specula
810 4945 921 5003 nostm
938 4937 979 5002 ad
997 4939 1096 5004 finem
1148 4949 1196 4990 ιι
1212 4931 1616 5062 ιιίῗιέῑίὲἕαιζιῧιῶιιέ
1631 4930 1974 5054 memma-Hm
1995 4993 2022 5049 L
2041 4991 2109 5048 m

131 5113 335 5122 --—
633 5121 637 5128 .
923 5109 930 5131 .
1148 5071 1206 5128 coll.
1225 5070 1300 5126 1258.
1336 5070 1415 5140 ectu
1435 5069 1534 5125 Conui.
1551 5068 1616 5126 eta.
1634 5068 1660 5123 I.
1680 5067 1739 5122 loa.
1759 5067 1816 5122 tce.

1251 5140 1282 5206 5)
1300 5141 1446 5194 Merendae
1464 5177 1571 5194 .....
1590 5140 1678 5192 boeot
1711 5137 1808 5192 Etiam
1831 5135 1897 5188 baca
1914 5149 1933 5186 o
1949 5130 2025 5186 Bao
2041 5145 2112 5203 etop-

140 5191 389 5278 'naeuus
413 5189 555 5268 caraea
575 5208 672 5265 aaa.
986 5253 989 5260 .
1091 5246 1093 5261 .
1145 5225 1253 5280 maa.

237 5295 347 5352 coast·
364 5311 453 5365 opera
495 5297 550 5352 ru.
571 5295 605 5350 r.
634 5295 665 5350 Ρ.
683 5293 727 5350 ιι.
1876 5284 1910 5340 ιι

347 1893 465 1962 Gratia
487 1895 546 1960 tibi
568 1903 601 1960 et
622 1913 687 1976 pax
710 1895 897 1960 aDomiao.
