4804 6012
161 302 221 364 125
1029 296 1272 368 sosanna
2098 310 2165 374 226

156 489 219 568 dat,
242 486 328 553 unde
348 486 473 554 luxatis
493 487 649 554 membris
671 488 769 572 paulo
788 493 861 572 post
878 493 1035 572 sequatur
1052 488 1127 552 tris-
1180 491 1305 558 vicaeia
1321 491 1463 575 speeiem
1485 491 1640 576 praebeat
1662 493 1840 560 tentandae
1861 493 2038 579 religionis.
2072 495 2162 564 Oee-

157 575 198 639 tis
230 573 404 656 dissipatio.
460 574 569 657 Atque
600 575 728 639 utinam
761 575 861 657 probe
894 573 1127 656 expenderent,
1180 582 1303 658 terum,
1339 599 1407 643 non
1434 577 1530 643 aliter
1561 579 1720 646 consistet
1751 579 1906 646 ecclcsiae
1938 581 2159 666 incolumitas,

155 661 336 743 quicunque
353 659 430 744 iugo
443 660 563 726 reiecto
581 661 728 743 permitti
746 659 861 725 volunt
877 661 992 742 cuique
1011 659 1126 726 effrae-
1179 681 1276 745 quam
1298 664 1325 729 si
1353 663 1394 728 ad
1422 684 1494 729 eam
1521 663 1742 749 purgandam,
1773 666 1971 732 fraenandes
1992 666 2157 750 libidines,

156 767 230 810 nem
250 745 426 824 licentiam,
449 745 511 812 hoc
532 745 629 811 modo
647 767 682 812 ee
699 765 857 830 quaerere
875 746 1006 810 ruinam
1025 745 1126 812 ecole-
1178 747 1322 814 tollenda
1342 750 1475 834 flagitia,
1497 749 1706 836 corrigendos
1729 771 1900 833 perversos
1918 773 2026 818 mores
2047 753 2158 838 vigeat

155 831 219 897 siae
240 839 274 896 et
296 832 490 898 vestientem.
541 830 640 898 Certe
667 853 734 896 non
756 839 889 898 tantum
911 829 1126 896 moderationi
1179 835 1490 901 excommunicatio:
1524 836 1618 903 cuius
1647 835 1854 902 moderatum
1882 859 1979 904 nsum
2007 839 2156 922 quisuis

154 915 335 994 studerent,
365 915 423 982 sed
444 916 571 1001 placido
598 923 833 1001 mansuetoque
861 918 979 1000 spiritu
1006 919 1125 1002 seipsi
1177 929 1315 999 recusat,
1338 921 1532 1004 praesertim
1554 921 1752 1002 admonitus,
1776 945 1810 988 se
1832 944 1874 988 ex
1892 922 2018 990 Christi
2040 925 2093 991 ovi
2118 947 2156 992 us

154 1024 280 1087 quoque
301 1003 497 1070 subiicerent
518 1003 682 1068 communi
710 1003 908 1088 disciplinae.
958 1000 1026 1068 Sed
1047 1025 1126 1088 quo·
1176 1027 1244 1071 non
1271 1027 1341 1072 esse
1369 1005 1485 1090 prodit.
1537 1007 1656 1074 Valetc
1684 1008 1797 1074 eximii
1824 1009 1904 1090 viri,
1934 1016 1967 1074 et
1993 1010 2085 1076 nobie
2113 1033 2156 1078 ex

154 1089 240 1154 niam
266 1089 329 1156 bac
356 1088 396 1154 de
423 1111 459 1155 re
485 1089 645 1172 prolixius
673 1089 832 1155 disserere
859 1111 926 1154 non
954 1098 1004 1153 est
1030 1090 1124 1154 nobis
1176 1093 1285 1157 animo
1308 1092 1435 1159 colendi
1458 1093 1584 1160 mames.
1635 1095 1799 1160 Dominus
1824 1117 1953 1178 semper
1980 1094 2074 1162 vobis
2096 1095 2155 1162 ad·

153 1175 368 1258 propositum,
397 1173 544 1241 breviter
570 1175 673 1241 literis
701 1177 822 1240 vestris
843 1173 1121 1258 respondebimus,
1175 1178 1226 1256 sit,
1249 1199 1308 1244 vos
1331 1177 1493 1260 gubernet
1515 1199 1574 1245 suo
1594 1181 1723 1262 spiritu,
1752 1189 1787 1245 et
1808 1181 1931 1246 virtute
1953 1200 2013 1246 sua
2034 1183 2155 1248 confir·

152 1261 263 1343 optimi
285 1269 320 1325 et
339 1261 543 1344 integerrimi
560 1261 686 1328 fratres.
720 1261 786 1328 Ubi
804 1281 864 1328 noe
882 1263 1026 1345 primum
1044 1282 1123 1327 con·
1173 1271 1243 1328 met
1264 1263 1306 1329 ad
1328 1263 1533 1347 implendum
1556 1273 1690 1331 sanctae
1713 1287 1790 1332 snae
1808 1267 1986 1334 vocationis
2007 1288 2152 1334 cursum.

152 1346 271 1412 solitis:
305 1348 361 1412 An
391 1347 544 1432 adigendi
567 1347 634 1413 sint
666 1345 709 1412 ad
740 1347 839 1412 fidem
872 1367 966 1412 suem
994 1347 1122 1429 publice
1175 1349 1339 1429 Genevee,
1362 1355 1390 1415 3.
1415 1351 1528 1416 Nonas
1549 1351 1670 1416 Martii.

152 1432 348 1510 testandam,
378 1433 433 1516 qui
461 1455 496 1498 se
523 1433 559 1497 in
587 1433 756 1500 ecclesiam
784 1431 913 1498 admitti
934 1433 1119 1516 postulant:
1437 1510 1439 1514 .
1501 1471 1643 1536 Ioannes
1666 1469 1828 1538 calvinus
1849 1472 1989 1538 fratrum
2011 1473 2144 1540 nomine

151 1516 265 1584 deinde
275 1521 473 1585 sententiam
490 1527 637 1584 nostram
658 1520 782 1603 rogetis
800 1517 840 1584 de
858 1521 930 1602 ipsa
946 1519 1120 1584 confessio·
2144 1525 2154 1540 '

151 1605 198 1669 nis
209 1604 298 1688 apud
309 1627 367 1670 vos
379 1613 529 1689 receptae
546 1605 658 1684 forma,
680 1604 813 1670 tandem
825 1605 991 1689 quaeritis,
1010 1625 1120 1670 annon

151 1689 452 1756 excommunicandi
478 1692 585 1755 sinte
607 1699 700 1756 coetu
720 1690 876 1770 fidelium,
898 1691 954 1773 qui
980 1690 1032 1756 vel
1060 1711 1121 1756 sue

150 1777 352 1841 contumacia
380 1776 431 1841 vel
461 1775 666 1861 turpitudine
694 1777 781 1842 vitae
810 1775 958 1841 ordinem
986 1796 1119 1858 perver·
1172 1776 1411 1834 GAEHBATUM
1439 1775 1478 1832 IN
1501 1775 1674 1832 MINISTRO
1704 1777 1780 1834 NON
1800 1777 1863 1832 ITA
1886 1777 2155 1846 REQUIRENDUM

149 1861 241 1925 tunt?
287 1863 356 1928 Nos
378 1871 489 1928 autem
513 1883 582 1927 non
608 1860 755 1929 videmus
783 1884 842 1928 cur
869 1883 970 1947 greve
995 1862 1040 1928 sit
1061 1861 1119 1928 hc·
1599 1862 1730 1930 ESSE·¹)
1824 1919 1828 1928 .

148 1946 242 2025 mini,
275 1949 334 2030 qui
360 1948 448 2013 inter
475 1949 629 2014 ecclesiae
663 1947 857 2014 domesticos
883 1947 1009 2014 censeri
1034 1948 1118 2026 vult,

149 2029 279 2098 Christo
300 2035 397 2118 capiti
420 2035 456 2098 in
477 2034 618 2100 solidum
633 2055 762 2108 nomen
789 2033 875 2098 dare.
927 2031 1025 2115 Quod
1047 2034 1119 2100 fieri

148 2139 209 2182 non
229 2127 354 2202 potest,
383 2121 447 2186 nisi
476 2120 597 2186 diserte
623 2119 805 2186 subscribat
826 2121 971 2185 sincerae
993 2119 1117 2203 pietati,

1172 1999 1289 2068 Gratia
1309 2003 1368 2068 tibi
1397 2011 1431 2068 et
1458 2024 1524 2086 pax
1549 2023 1569 2066 a
1591 2001 1663 2066 Deo
1685 2007 1779 2086 patre
1801 2008 1930 2080 nostro,
1958 2007 1991 2064 et
2011 2001 2156 2067 Domino

1171 2087 1258 2166 Iesu,
1280 2089 1382 2154 frater
1404 2087 1488 2152 mihi
1510 2087 1690 2172 plurimum
1718 2087 1755 2150 in
1777 2087 1919 2152 Domino
1941 2083 2153 2154 observande.

148 2211 179 2268 et
198 2205 343 2304 ingenue
370 2226 497 2272 errores
519 2204 667 2284 damnet,
696 2207 814 2289 quibus
843 2207 1013 2272 sinceritas
1041 2205 1117 2270 reli·
1258 2205 1419 2286 Solemus,
1438 2209 1467 2274 si
1487 2205 1615 2290 quando
1634 2205 1676 2272 ad
1695 2227 1750 2272 ecs
1768 2204 1977 2272 scribendum
1994 2213 2054 2286 est,
2077 2208 2152 2289 qui-

147 2289 248 2373 gionrs
270 2293 498 2375 corrumpitur.
549 2293 622 2358 Iam
650 2313 800 2358 errorum
827 2291 998 2357 detestatio
1020 2312 1117 2374 saepe
1170 2293 1307 2360 buscum
1330 2293 1423 2360 nulla
1444 2293 1538 2359 nobis
1557 2292 1766 2358 familiaritas
1788 2299 1847 2356 eut
1871 2291 2076 2357 necessitudo
2098 2294 2152 2358 in·

145 2395 183 2440 ex
213 2377 461 2443 cmcumstentia
494 2389 679 2461 temporum
717 2377 857 2461 pendet·
903 2375 991 2458 Quia
1018 2385 1118 2459 preat
1143 2349 1148 2454 i
1170 2380 1328 2458 tarcessit,
1352 2378 1528 2480 diligenter
1550 2379 1709 2462 principia
1733 2397 1889 2444 excusare
1911 2398 1949 2444 ac
1971 2376 2149 2460 deprecari,

144 2483 241 2528 novas
264 2463 420 2529 turbandi
441 2464 584 2530 rationes
607 2465 771 2548 excogitat
793 2461 909 2541 Satan,
938 2462 1117 2546 prudenter
1170 2465 1289 2531 nevel
1310 2466 1505 2531 temeritatis
1526 2464 1580 2534 vel
1602 2463 1861 2548 importunitatis
1882 2483 1921 2526 ea
1940 2463 1975 2527 in
1998 2485 2034 2528 re
2056 2471 2150 2530 nete-

147 2569 312 2615 occurrere
344 2571 476 2616 necesse
511 2557 569 2616 eet.
624 2547 756 2616 Scimus
788 2557 989 2632 quantopere
1022 2549 1116 2616 nobis
1170 2572 1254 2616 mur.
1299 2553 1373 2636 Ego
1399 2560 1526 2628 tamen,
1554 2552 1616 2616 etsi
1644 2549 1685 2616 de
1708 2549 1796 2616 faeie
1824 2569 1959 2632 prorsus
1988 2549 2047 2614 tibi
2075 2569 2150 2617 sum

146 2635 349 2700 commendet
376 2635 503 2702 Paulus
537 2636 700 2701 unitatem
731 2635 881 2718 spiritus,
914 2637 950 2698 in
982 2635 1116 2701 vinculo
1169 2637 1364 2721 incognitus,
1393 2639 1473 2704 satis
1495 2656 1613 2702 causae
1631 2634 1752 2700 habere
1774 2635 1856 2700 mihi
1879 2633 2001 2716 videor,
2030 2657 2088 2702 cur
2116 2645 2149 2702 te

146 2722 229 2802 pacis
261 2721 398 2804 (Ephes.
419 2731 447 2798 4,
469 2725 514 2797 3).
570 2722 674 2788 Porro
701 2721 743 2786 ad
771 2719 949 2787 fovendum
975 2730 1009 2786 et
1038 2721 1116 2786 reti-
1169 2724 1251 2788 meis
1271 2723 1374 2789 literis
1397 2724 1466 2789 sine
1491 2723 1560 2787 ulle
1587 2720 1747 2786 eiusmodi
1775 2719 1984 2786 excusatione
2005 2721 2149 2804 compel-

146 2805 287 2872 nendum
305 2808 391 2874 inter
412 2809 482 2892 pios
505 2827 710 2886 consensum,
739 2807 912 2890 plusquam
933 2808 1117 2874 necessaria
1168 2809 1238 2874 lare
1270 2809 1416 2875 audeam.
1478 2809 1716 2889 Praeterquam
1748 2808 1837 2872 enim
1878 2805 1962 2888 quod
1994 2805 2148 2874 Christus

146 2901 193 2956 est
211 2893 269 2958 illa
291 2894 435 2960 solennis
459 2892 533 2960 fidei
550 2894 715 2977 professio.
759 2892 911 2976 Denique
932 2893 1117 2976 quicunque
1169 2903 1293 2975 noster,
1316 2917 1412 2979 quem
1432 2915 1499 2960 uno
1520 2893 1638 2978 spiritu
1661 2891 1798 2958 colimus
1819 2902 1852 2958 et
1870 2893 2071 2971 confitemur,
2095 2913 2148 2960 aa·

148 2977 304 3060 optabunt
326 2979 501 3046 ecclesiam·
509 2977 573 3044 Dei
596 2989 684 3045 stare
705 2979 912 3056 ineolumem,
935 2999 1001 3043 non
1018 2999 1116 3064 aegre
1170 2982 1212 3046 tis
1239 2983 1372 3046 firmum
1399 2981 1535 3046 intimae
1568 2978 1730 3045 amicitiae
1757 2977 1927 3044 vinculum
1953 2976 2047 3044 nobis
2075 2999 2147 3046 ease

147 3063 355 3144 ferent,·hoo
377 3065 574 3132 adminiculo
596 3087 668 3130 eam
690 3065 806 3132 fulciri.
859 3064 935 3130 Non
962 3073 1116 3147 pummue
1170 3067 1281 3133 debet:
1311 3089 1413 3151 quum
1435 3064 1517 3131 mihi
1535 3065 1741 3150 singularem
1763 3073 1854 3130 tuam
1875 3084 1955 3148 erga
1974 3083 2026 3130 me
2047 3064 2148 3130 bene·

147 3169 222 3228 esse,
244 3152 302 3234 qui
325 3151 417 3216 litem
434 3159 589 3218 moveant
606 3151 646 3216 de
664 3151 809 3235 generali
825 3150 884 3216 illa
902 3151 1115 3233 professione:
1141 3143 1145 3236 l
1169 3153 1347 3220 volentiam
1369 3153 1410 3218 N.
1433 3153 1652 3236 exposuisset,
1682 3170 1750 3214 non
1779 3149 1925 3216 dubitavi
1947 3150 2027 3232 quin
2048 3151 2147 3218 officii

147 3235 200 3300 sed
220 3238 357 3321 frigeret
377 3237 435 3302 illa
456 3237 519 3302 nisi
542 3237 693 3302 distincte
722 3237 858 3320 quisque
884 3245 953 3301 tam
973 3235 1116 3302 baereti—
1168 3239 1235 3305 mei
1256 3239 1401 3306 vicissim
1422 3246 1517 3317 essct,
1539 3237 1680 3303 similem
1703 3255 1782 3320 erga
1803 3241 1836 3300 te
1859 3235 1960 3300 animi
1982 3237 2048 3300 mei
2069 3257 2145 3302 sen·

150 3321 201 3396 eis.
223 3343 325 3406 quam
346 3324 510 3405 perversis
533 3323 738 3407 dogmatibus
760 3323 940 3388 renuntiet.
984 3323 1058 3387 Iam
1079 3323 1116 3388 in
1169 3347 1253 3405 sum,
1275 3345 1340 3409 quc
1357 3345 1488 3408 possem
1509 3323 1614 3403 modo,
1638 3322 1752 3388 tesmri
1774 3340 1811 3386 ac
1833 3319 2006 3386 declarare.
2041 3322 2144 3388 Prae·

147 3406 246 3473 fcrma
274 3417 404 3474 vestrae
438 3410 649 3475 confessionis
687 3409 771 3473 nihil
812 3407 1115 3489 animadvertimus,
1169 3412 1264 3496 cipue
1285 3432 1364 3477 vero
1385 3410 1468 3475 milui
1491 3409 1644 3476 fiduciam
1666 3405 1800 3485 addidit,
1823 3405 1909 3490 quod
1931 3415 1964 3471 et
1983 3406 2145 3472 referebat

147 3493 228 3574 quod
249 3514 318 3560 non
340 3495 384 3559 sit
406 3496 508 3562 saeris
519 3495 583 3560 Dei
605 3495 746 3560 oraculis
767 3503 801 3560 et
821 3493 898 3559 fidei
915 3493 1116 3560 orthodoxae
1169 3507 1202 3562 te
1223 3498 1354 3581 scriptis
1375 3497 1457 3562 meis
1475 3495 1645 3575 oblectari,
1663 3500 1696 3558 ct
1717 3491 1776 3558 tibi
1798 3513 1864 3558 non
1885 3493 2053 3576 ingratum
2075 3494 2145 3560 fore

146 3590 407 3646 consentaneum.
438 3582 554 3664 Itaque
575 3601 737 3646 summam
760 3579 925 3646 doctrinae
945 3600 1028 3662 quae
1049 3581 1116 3647 illio
1169 3583 1313 3649 officium
1334 3582 1396 3650 hoe
1419 3581 1644 3666 promittebat,
1674 3580 1702 3644 si
1729 3578 1874 3661 privatas
1903 3599 1923 3642 a
1950 3599 2003 3644 me
2029 3578 2143 3645 literas

146 3663 281 3730 habetur
303 3665 444 3732 libenter
463 3665 647 3750 probamus.
684 3667 828 3732 Tantum
851 3665 1010 3732 vellemus
1031 3667 1116 3750 epis·
1169 3669 1340 3753 acciperes.
1404 3666 1639 3751 Obtemperavi
1678 3665 1796 3749 igitur,
1837 3683 1938 3746 eoque
1977 3663 2142 3746 libentius,

144 3750 242 3816 telam
265 3751 308 3816 ad
329 3752 500 3818 Hebraeos
527 3773 593 3818 non
620 3753 760 3818 adscribi
782 3751 903 3830 Paulo,
930 3773 1032 3835 quum
1059 3753 1116 3818 fir·
1168 3755 1254 3840 qnod
1276 3775 1328 3820 me
1349 3753 1410 3820 tibi
1432 3774 1498 3818 non
1520 3752 1702 3836 vulgariter
1728 3749 1919 3815 obstrictum
1947 3749 2142 3832 iudicabam,

144 3837 204 3902 mie
243 3839 448 3920 argumentis
474 3838 621 3921 persuasi
653 3839 758 3904 simus
787 3838 887 3902 assum
919 3857 991 3903 esse
1024 3847 1116 3904 auto-
1190 3847 1302 3924 repter
1321 3837 1410 3905 istud
1433 3846 1500 3902 tam
1520 3857 1719 3921 propensum
1744 3836 1779 3900 in
1807 3855 1860 3900 me
1887 3833 2046 3900 studium:
2081 3857 2142 3904 neo

144 3943 219 3988 rem.
235 3925 261 4007 ¹)
304 3923 421 4007 Neque
442 3933 555 3990 temen
577 3924 728 4012 volumus
749 3934 862 3989 nostro
879 3923 1035 4007 suffragio
1058 3923 1115 3989 ob-
1167 3864 1373 3993 babebamin
1390 3923 1576 4008 praesentia
1587 3921 1673 4006 quod
1692 3921 1857 4001 referrem,
1876 3921 1940 3985 nisi
1959 3920 2020 3987 hoc
2038 3943 2143 3988 unum

144 4010 260 4092 stringi
282 4010 505 4088 eonscientiae,
535 4010 589 4076 vel
610 4012 702 4094 quasi
724 4009 922 4093 praeiudicio
944 4010 1040 4093 ligari
1063 4031 1114 4076 ec·
1168 4013 1256 4098 quod
1277 4012 1332 4077 ille
1354 4009 1555 4095 postulabat,
1582 4017 1615 4074 et
1642 4007 1725 4072 mihi
1753 4005 1847 4072 facile
1870 4013 1943 4074 erat
1964 4015 2141 4090 praestare.

144 4093 291 4173 alesiam,
321 4099 494 4178 quominus
516 4096 655 4162 liberum
680 4097 724 4162 sit
751 4095 890 4178 singulis
911 4096 947 4159 in
968 4095 1114 4166 medium
1168 4098 1286 4165 Fidem
1313 4117 1411 4182 porro
1438 4115 1505 4160 non
1541 4093 1673 4160 dubiam
1700 4083 1808 4158 habui
1840 4092 1909 4158 eius
1942 4093 2147 4174 testimonio,
2206 4091 2211 4102 ’

145 4181 297 4261 proferre,
319 4183 347 4246 si
369 4182 447 4264 quid
468 4203 523 4248 eos
545 4205 565 4248 a
586 4183 820 4265 subscriptione
840 4180 1006 4264 impediat.
1040 4183 1114 4248 Etsi
1167 4183 1254 4269 quod
1276 4182 1362 4268 apud
1383 4191 1416 4248 te
1444 4201 1570 4246 annum
1597 4199 1700 4244 unum
1727 4175 1884 4244 educatus
1911 4185 2018 4244 totum
2040 4181 2143 4246 animi

146 4276 255 4331 eutem
271 4266 365 4334 nobis
387 4267 537 4352 displicet
553 4289 666 4334 eorum
683 4269 863 4345 morositas,
886 4267 943 4350 qui
964 4268 1004 4333 ob
1025 4267 1115 4334 leves
1168 4271 1218 4336 tui
1247 4289 1380 4336 sensum
1413 4267 1474 4333 hac
1500 4267 1536 4331 in
1565 4287 1608 4330 re·
1633 4271 1841 4348 perspectum
1872 4262 1994 4328 habere
2026 4273 2141 4348 potest.

147 4336 315 4435 scrupulos
337 4375 358 4418 a
378 4353 507 4437 publico
529 4373 690 4420 consensu
711 4352 895 4418 discedunt:
920 4355 948 4418 si
969 4354 1042 4436 quis
1063 4362 1113 4420 ta·
1167 4358 1267 4442 Ergo,
1290 4363 1330 4421 ut
1350 4355 1418 4418 iam
1440 4352 1519 4431 dixi,
1542 4371 1643 4434 quum
1660 4358 1698 4414 tu
1719 4347 1801 4414 mihi
1820 4346 1946 4414 aditam
1965 4347 2006 4415 ad
2023 4359 2056 4416 te
2074 4371 2142 4418 nen

145 4457 217 4502 men
240 4437 379 4505 verbum
401 4438 530 4523 aliquod
557 4439 685 4516 durius,
719 4438 773 4504 vel
800 4437 1022 4522 loquutionem
1044 4461 1113 4504 am·
1167 4441 1331 4508 difficilem
1353 4439 1554 4524 patefeceris,
1578 4435 1702 4501 diebus
1721 4435 1758 4499 in
1774 4434 1914 4519 longiori
1931 4436 2141 4508 excusatione

143 4523 239 4604 plecti
257 4533 411 4608 nequeat,
439 4525 535 4591 modo
563 4523 799 4592 conveniatde
821 4525 958 4607 reipsa,
980 4525 1113 4590 tolerari
1166 4549 1233 4594 non
1255 4527 1460 4592 immorabor.
1494 4522 1661 4605 Principio
1682 4521 1745 4586 hcc
1766 4520 1826 4586 tibi
1847 4529 1973 4586 certum
1994 4541 2067 4588 esse
2084 4543 2142 4590 ve·

144 4609 224 4674 forte
246 4611 366 4694 poterit
387 4612 457 4677 eius
478 4611 662 4691 infirmitas,
683 4631 726 4674 ne
747 4609 789 4674 eb
810 4628 1029 4693 res·qnnsque
1051 4611 1112 4676 mi·
1165 4613 1234 4693 lim,
1256 4611 1339 4678 nihil
1360 4632 1413 4676 me
1429 4609 1535 4694 magis
1553 4627 1681 4691 cupere,
1704 4627 1803 4689 quam
1821 4613 1855 4672 et
1870 4607 2062 4683 interiorem
2080 4607 2142 4674 he·

144 4693 248 4761 nimas
276 4695 442 4762 scindatur
474 4697 618 4764 molesia
671 4696 857 4760 Hortamur
888 4696 1014 4762 interea
1040 4698 1112 4780 pios
1166 4700 1243 4766 bere
1263 4703 1372 4763 tecuin
1394 4695 1580 4773 amicitiem,
1608 4702 1642 4758 et
1663 4711 1736 4757 eam
1756 4691 1873 4774 quibus
1894 4691 2004 4758 licebit
2025 4692 2140 4759 officiis

143 4799 254 4854 omnes
274 4781 317 4848 ad
338 4781 423 4849 hano
443 4782 635 4848 modestiam
656 4791 690 4847 et
711 4781 927 4859 sobrietatem,
946 4789 984 4847 ut
1005 4784 1113 4865 potius
1166 4787 1369 4853 confirmare.
1412 4781 1467 4846 Ita
1493 4781 1584 4845 enim
1607 4778 1690 4844 mihi
1719 4775 1809 4842 dotes
1838 4784 1911 4842 tuas
1939 4775 2139 4860 praeditavit

144 4868 278 4951 quisque
299 4867 341 4932 ad
362 4869 504 4953 reliquos
524 4889 637 4934 omnes
663 4867 810 4946 accedet,
837 4888 936 4950 quam
957 4889 1017 4933 sua
1038 4891 1113 4952 per·
1165 4871 1239 4956 pins
1265 4871 1318 4935 hic
1346 4867 1464 4945 frater,
1494 4859 1546 4931 ut'
1559 4873 1592 4930 te
1620 4866 1708 4930 inter
1734 4883 1789 4930 eos
1817 4861 1912 4928 facile
1940 4879 2137 4946 recenseam,

1164 4958 1283 5042 quibus
1303 4953 1485 5040 plurimum
1506 4951 1626 5026 debent
1647 4947 1967 5035 quicunqueOhristi
1988 4968 2059 5016 esse
2082 4971 2139 5016 vo-

211 5089 241 5151 1)
258 5089 297 5145 In
314 5091 391 5145 sado
413 5090 591 5158 conformeris
611 5089 730 5157 famula
749 5085 863 5146 Goloiai
881 5095 998 5158 tempere
1015 5091 1056 5145 orl
1072 5097 1113 5162 ty-

141 5157 186 5224 pis
202 5157 276 5213 edita
292 5159 333 5214 ori
348 5176 433 5215 mana
450 5161 567 5229 sarepta,
589 5175 671 5230 quem
688 5175 739 5214 sos
775 5160 863 5214 uidem
882 5159 1006 5222 vidimus,
1027 5159 1111 5229 Epio
1233 5158 1262 5226 1)
1348 5195 1357 5214 .
1382 5165 1408 5212 ct
1432 5157 1577 5227 Responsa
1601 5156 1643 5210 ed.
1665 5153 1763 5210 Genea
1786 5169 1813 5221 p.
1830 5151 1895 5218 836,
1921 5149 2007 5206 Lara
2028 5169 2057 5223 p.
2076 5151 2142 5219 641,

144 5225 198 5282 soto
214 5226 253 5284 ad
269 5227 409 5285 Hebraeos
426 5230 563 5299 amessia
580 5229 668 5284 certis
686 5177 775 5286 Poalb
793 5228 966 5285 adronttae.
1163 5227 1239 5284 Han.
1255 5157 1360 5297 philipi,
1381 5226 1483 5283 cacus
1496 5243 1527 5296 p.
1544 5223 1607 5296 462,
1626 5225 1713 5280 Arest
1727 5239 1759 5293 p.
1775 5220 1836 5276 211.

251 5311 360 5370 Galam
375 5330 465 5384 opero.
505 5315 560 5370 Vol
581 5313 617 5369 X.
1900 5305 1930 5359 ¹5
