<?xml version="1.0" encoding="UTF-8"?>
<!DOCTYPE html PUBLIC "-//W3C//DTD XHTML 1.0 Transitional//EN"
    "http://www.w3.org/TR/xhtml1/DTD/xhtml1-transitional.dtd">
<html xmlns="http://www.w3.org/1999/xhtml" xml:lang="en" lang="en">
 <head>
  <title>
</title>
<meta http-equiv="Content-Type" content="text/html;charset=utf-8" />
  <meta name='ocr-system' content='tesseract 3.04.00' />
  <meta name='ocr-capabilities' content='ocr_page ocr_carea ocr_par ocr_line ocrx_word'/>
</head>
<body>
  <div class='ocr_page' id='page_1' title='image "./ioanniscalvinio05reusgoog/ioanniscalvinio05reusgoog_0261.png"; bbox 0 0 4782 6010; ppageno 0'>
   <div class='ocr_carea' id='block_1_1' title="bbox 278 323 2262 400">
    <p class='ocr_par' dir='ltr' id='par_1_1' title="bbox 278 323 2262 400">
     <span class='ocr_line' id='line_1_1' title="bbox 278 323 2262 400; baseline -0.001 -3"><span class='ocrx_word' id='word_1_1' title='bbox 278 329 321 398; x_wconf 77' lang='grc'><strong>99</strong></span> <span class='ocrx_word' id='word_1_2' title='bbox 1117 323 1380 395; x_wconf 73' lang='lat' dir='ltr'><strong>epleroesu</strong></span> <span class='ocrx_word' id='word_1_3' title='bbox 1403 332 1443 392; x_wconf 78' lang='grc'><strong>59</strong></span> <span class='ocrx_word' id='word_1_4' title='bbox 2210 333 2262 400; x_wconf 84' lang='grc'><strong>100</strong></span> 
     </span>
    </p>
   </div>
   <div class='ocr_carea' id='block_1_2' title="bbox 277 513 2268 1718">
    <p class='ocr_par' dir='ltr' id='par_1_2' title="bbox 277 513 2268 1200">
     <span class='ocr_line' id='line_1_2' title="bbox 278 513 2264 602; baseline -0.001 -15"><span class='ocrx_word' id='word_1_5' title='bbox 278 519 460 595; x_wconf 72' lang='lat' dir='ltr'><strong>muncia,</strong></span> <span class='ocrx_word' id='word_1_6' title='bbox 488 515 705 582; x_wconf 83' lang='lat' dir='ltr'><strong>admonentes</strong></span> <span class='ocrx_word' id='word_1_7' title='bbox 726 535 769 580; x_wconf 90' lang='lat' dir='ltr'><strong>ne</strong></span> <span class='ocrx_word' id='word_1_8' title='bbox 790 513 868 598; x_wconf 92' lang='lat' dir='ltr'><strong>quid</strong></span> <span class='ocrx_word' id='word_1_9' title='bbox 890 521 958 579; x_wconf 91' lang='lat' dir='ltr'><strong>tam</strong></span> <span class='ocrx_word' id='word_1_10' title='bbox 1003 514 1162 580; x_wconf 89' lang='lat' dir='ltr'><strong>estilentis</strong></span> <span class='ocrx_word' id='word_1_11' title='bbox 1183 514 1257 580; x_wconf 91' lang='lat' dir='ltr'><strong>doc-</strong></span> <span class='ocrx_word' id='word_1_12' title='bbox 1309 515 1404 580; x_wconf 89' lang='lat' dir='ltr'><strong>citius</strong></span> <span class='ocrx_word' id='word_1_13' title='bbox 1426 514 1566 580; x_wconf 83' lang='lat' dir='ltr'><strong>luissent</strong></span> <span class='ocrx_word' id='word_1_14' title='bbox 1587 513 1742 593; x_wconf 77' lang='lat' dir='ltr'><strong>redditae,</strong></span> <span class='ocrx_word' id='word_1_15' title='bbox 1763 535 1823 582; x_wconf 91' lang='lat' dir='ltr'><strong>nee</strong></span> <span class='ocrx_word' id='word_1_16' title='bbox 1840 513 2038 598; x_wconf 78' lang='lat' dir='ltr'>prodiissent</span> <span class='ocrx_word' id='word_1_17' title='bbox 2050 513 2172 584; x_wconf 66' lang='lat' dir='ltr'><strong>Caluia</strong></span> <span class='ocrx_word' id='word_1_18' title='bbox 2191 519 2264 602; x_wconf 91' lang='lat' dir='ltr'><strong>epis·</strong></span> 
     </span>
     <span class='ocr_line' id='line_1_3' title="bbox 279 536 2265 686; baseline 0 -16"><span class='ocrx_word' id='word_1_19' title='bbox 279 606 387 671; x_wconf 86' lang='lat' dir='ltr'><strong>trinae</strong></span> <span class='ocrx_word' id='word_1_20' title='bbox 409 603 539 686; x_wconf 83' lang='lat' dir='ltr'><strong>uspiam</strong></span> <span class='ocrx_word' id='word_1_21' title='bbox 561 601 716 681; x_wconf 88' lang='lat' dir='ltr'><strong>traderet,</strong></span> <span class='ocrx_word' id='word_1_22' title='bbox 739 607 931 683; x_wconf 85' lang='lat' dir='ltr'><strong>caveretque</strong></span> <span class='ocrx_word' id='word_1_23' title='bbox 954 536 1023 666; x_wconf 75' lang='lat' dir='ltr'><strong>sibi.</strong></span> <span class='ocrx_word' id='word_1_24' title='bbox 1063 600 1206 684; x_wconf 87' lang='lat' dir='ltr'><strong>Pauper,</strong></span> <span class='ocrx_word' id='word_1_25' title='bbox 1229 601 1257 666; x_wconf 91' lang='lat' dir='ltr'><strong>si</strong></span> <span class='ocrx_word' id='word_1_26' title='bbox 1308 600 1410 678; x_wconf 89' lang='lat' dir='ltr'><strong>telae,</strong></span> <span class='ocrx_word' id='word_1_27' title='bbox 1439 601 1517 684; x_wconf 92' lang='lat' dir='ltr'><strong>quin</strong></span> <span class='ocrx_word' id='word_1_28' title='bbox 1543 599 1636 684; x_wconf 89' lang='lat' dir='ltr'><strong>prius</strong></span> <span class='ocrx_word' id='word_1_29' title='bbox 1665 621 1719 666; x_wconf 90' lang='lat' dir='ltr'><strong>eas</strong></span> <span class='ocrx_word' id='word_1_30' title='bbox 1747 599 1899 679; x_wconf 86' lang='lat' dir='ltr'><strong>vidisses,</strong></span> <span class='ocrx_word' id='word_1_31' title='bbox 1928 598 1985 665; x_wconf 89' lang='lat' dir='ltr'><strong>sed</strong></span> <span class='ocrx_word' id='word_1_32' title='bbox 2012 622 2112 684; x_wconf 90' lang='lat' dir='ltr'><strong>quum</strong></span> <span class='ocrx_word' id='word_1_33' title='bbox 2140 624 2265 670; x_wconf 78' lang='lat' dir='ltr'>excusae</span> 
     </span>
     <span class='ocr_line' id='line_1_4' title="bbox 278 685 2263 773; baseline -0.001 -17"><span class='ocrx_word' id='word_1_34' title='bbox 278 709 436 773; x_wconf 88' lang='lat' dir='ltr'><strong>unquam,</strong></span> <span class='ocrx_word' id='word_1_35' title='bbox 466 689 613 754; x_wconf 86' lang='lat' dir='ltr'><strong>deiectus</strong></span> <span class='ocrx_word' id='word_1_36' title='bbox 634 687 698 753; x_wconf 82' lang='lat' dir='ltr'><strong>luit</strong></span> <span class='ocrx_word' id='word_1_37' title='bbox 719 692 797 752; x_wconf 92' lang='lat' dir='ltr'><strong>tunc</strong></span> <span class='ocrx_word' id='word_1_38' title='bbox 817 686 979 766; x_wconf 83' lang='lat' dir='ltr'><strong>maxima,</strong></span> <span class='ocrx_word' id='word_1_39' title='bbox 1009 685 1090 751; x_wconf 90' lang='lat' dir='ltr'><strong>adeo</strong></span> <span class='ocrx_word' id='word_1_40' title='bbox 1111 695 1149 751; x_wconf 88' lang='lat' dir='ltr'><strong>ut</strong></span> <span class='ocrx_word' id='word_1_41' title='bbox 1169 707 1257 752; x_wconf 92' lang='lat' dir='ltr'><strong>mor·</strong></span> <span class='ocrx_word' id='word_1_42' title='bbox 1309 687 1390 765; x_wconf 84' lang='lat' dir='ltr'><strong>sint,</strong></span> <span class='ocrx_word' id='word_1_43' title='bbox 1419 693 1499 770; x_wconf 88' lang='lat' dir='ltr'><strong>puto</strong></span> <span class='ocrx_word' id='word_1_44' title='bbox 1519 693 1552 751; x_wconf 87' lang='lat' dir='ltr'><strong>te</strong></span> <span class='ocrx_word' id='word_1_45' title='bbox 1579 707 1617 754; x_wconf 88' lang='lat' dir='ltr'><strong>ac</strong></span> <span class='ocrx_word' id='word_1_46' title='bbox 1644 687 1716 770; x_wconf 91' lang='lat' dir='ltr'><strong>pios</strong></span> <span class='ocrx_word' id='word_1_47' title='bbox 1739 706 1853 752; x_wconf 91' lang='lat' dir='ltr'><strong>omnes</strong></span> <span class='ocrx_word' id='word_1_48' title='bbox 1880 687 1969 770; x_wconf 88' lang='lat' dir='ltr'><strong>ipsas</strong></span> <span class='ocrx_word' id='word_1_49' title='bbox 1991 707 2058 752; x_wconf 93' lang='lat' dir='ltr'><strong>non</strong></span> <span class='ocrx_word' id='word_1_50' title='bbox 2078 687 2263 772; x_wconf 88' lang='lat' dir='ltr'><strong>improbare:</strong></span> 
     </span>
     <span class='ocr_line' id='line_1_5' title="bbox 278 769 2266 857; baseline -0.001 -15"><span class='ocrx_word' id='word_1_51' title='bbox 278 783 348 842; x_wconf 90' lang='lat' dir='ltr'><strong>tem</strong></span> <span class='ocrx_word' id='word_1_52' title='bbox 376 775 463 842; x_wconf 88' lang='lat' dir='ltr'><strong>ultro</strong></span> <span class='ocrx_word' id='word_1_53' title='bbox 485 780 668 857; x_wconf 85' lang='lat' dir='ltr'><strong>expeteret:</strong></span> <span class='ocrx_word' id='word_1_54' title='bbox 696 779 764 838; x_wconf 91' lang='lat' dir='ltr'><strong>tam</strong></span> <span class='ocrx_word' id='word_1_55' title='bbox 789 793 891 856; x_wconf 82' lang='lat' dir='ltr'><strong>grave</strong></span> <span class='ocrx_word' id='word_1_56' title='bbox 913 781 984 837; x_wconf 89' lang='lat' dir='ltr'><strong>erat</strong></span> <span class='ocrx_word' id='word_1_57' title='bbox 1011 793 1030 836; x_wconf 88' lang='lat' dir='ltr'><strong>a</strong></span> <span class='ocrx_word' id='word_1_58' title='bbox 1058 769 1151 838; x_wconf 88' lang='lat' dir='ltr'><strong>nobis</strong></span> <span class='ocrx_word' id='word_1_59' title='bbox 1172 772 1255 838; x_wconf 91' lang='lat' dir='ltr'><strong>eiici.</strong></span> <span class='ocrx_word' id='word_1_60' title='bbox 1308 771 1469 855; x_wconf 90' lang='lat' dir='ltr'><strong>siquidem</strong></span> <span class='ocrx_word' id='word_1_61' title='bbox 1487 772 1543 855; x_wconf 92' lang='lat' dir='ltr'><strong>qui</strong></span> <span class='ocrx_word' id='word_1_62' title='bbox 1559 769 1726 838; x_wconf 85' lang='lat' dir='ltr'><strong>inGalliis</strong></span> <span class='ocrx_word' id='word_1_63' title='bbox 1746 781 1859 857; x_wconf 80' lang='lat' dir='ltr'><strong>agunt,</strong></span> <span class='ocrx_word' id='word_1_64' title='bbox 1882 781 1916 837; x_wconf 92' lang='lat' dir='ltr'><strong>et</strong></span> <span class='ocrx_word' id='word_1_65' title='bbox 1936 771 2110 856; x_wconf 90' lang='lat' dir='ltr'><strong>praecipui,</strong></span> <span class='ocrx_word' id='word_1_66' title='bbox 2133 775 2266 841; x_wconf 85' lang='lat' dir='ltr'><strong>severius</strong></span> 
     </span>
     <span class='ocr_line' id='line_1_6' title="bbox 277 856 2264 946; baseline -0.002 -18"><span class='ocrx_word' id='word_1_67' title='bbox 277 861 456 946; x_wconf 71' lang='lat' dir='ltr'><strong>Iracrymis</strong></span> <span class='ocrx_word' id='word_1_68' title='bbox 477 867 511 925; x_wconf 87' lang='lat' dir='ltr'><strong>et</strong></span> <span class='ocrx_word' id='word_1_69' title='bbox 532 858 683 944; x_wconf 76' lang='lat' dir='ltr'><strong>precibus</strong></span> <span class='ocrx_word' id='word_1_70' title='bbox 705 857 839 923; x_wconf 88' lang='lat' dir='ltr'><strong>tendam</strong></span> <span class='ocrx_word' id='word_1_71' title='bbox 860 879 934 924; x_wconf 90' lang='lat' dir='ltr'><strong>oum</strong></span> <span class='ocrx_word' id='word_1_72' title='bbox 949 856 1169 940; x_wconf 78' lang='lat' dir='ltr'><strong>Christophoro</strong></span> <span class='ocrx_word' id='word_1_73' title='bbox 1190 857 1256 923; x_wconf 90' lang='lat' dir='ltr'><strong>dis·</strong></span> <span class='ocrx_word' id='word_1_74' title='bbox 1309 865 1387 924; x_wconf 90' lang='lat' dir='ltr'><strong>sunt</strong></span> <span class='ocrx_word' id='word_1_75' title='bbox 1408 857 1613 936; x_wconf 85' lang='lat' dir='ltr'><strong>admonendi,</strong></span> <span class='ocrx_word' id='word_1_76' title='bbox 1634 879 1676 924; x_wconf 92' lang='lat' dir='ltr'><strong>ne</strong></span> <span class='ocrx_word' id='word_1_77' title='bbox 1698 857 1733 924; x_wconf 92' lang='lat' dir='ltr'><strong>in</strong></span> <span class='ocrx_word' id='word_1_78' title='bbox 1755 859 1823 924; x_wconf 89' lang='lat' dir='ltr'><strong>s&#39;uis</strong></span> <span class='ocrx_word' id='word_1_79' title='bbox 1845 859 1985 942; x_wconf 89' lang='lat' dir='ltr'><strong>peccatis</strong></span> <span class='ocrx_word' id='word_1_80' title='bbox 2007 868 2264 943; x_wconf 87' lang='lat' dir='ltr'><strong>computrescent</strong></span> 
     </span>
     <span class='ocr_line' id='line_1_7' title="bbox 279 941 2267 1030; baseline -0.001 -15"><span class='ocrx_word' id='word_1_81' title='bbox 279 965 395 1015; x_wconf 82' lang='lat' dir='ltr'><strong>serens</strong></span> <span class='ocrx_word' id='word_1_82' title='bbox 417 947 523 1030; x_wconf 87' lang='lat' dir='ltr'><strong>coepit</strong></span> <span class='ocrx_word' id='word_1_83' title='bbox 544 943 706 1010; x_wconf 90' lang='lat' dir='ltr'><strong>nonnulla</strong></span> <span class='ocrx_word' id='word_1_84' title='bbox 733 941 929 1009; x_wconf 90' lang='lat' dir='ltr'><strong>amandatus</strong></span> <span class='ocrx_word' id='word_1_85' title='bbox 958 963 1084 1026; x_wconf 88' lang='lat' dir='ltr'><strong>capere.</strong></span> <span class='ocrx_word' id='word_1_86' title='bbox 1126 943 1257 1009; x_wconf 80' lang='lat' dir='ltr'>Rursus</span> <span class='ocrx_word' id='word_1_87' title='bbox 1309 942 1376 1026; x_wconf 77' lang='lat' dir='ltr'><strong>Qui</strong></span> <span class='ocrx_word' id='word_1_88' title='bbox 1398 949 1528 1008; x_wconf 90' lang='lat' dir='ltr'><strong>tantum</strong></span> <span class='ocrx_word' id='word_1_89' title='bbox 1550 941 1643 1009; x_wconf 89' lang='lat' dir='ltr'><strong>abest</strong></span> <span class='ocrx_word' id='word_1_90' title='bbox 1663 950 1701 1008; x_wconf 89' lang='lat' dir='ltr'><strong>ut</strong></span> <span class='ocrx_word' id='word_1_91' title='bbox 1723 965 1758 1010; x_wconf 88' lang='lat' dir='ltr'><strong>so</strong></span> <span class='ocrx_word' id='word_1_92' title='bbox 1779 963 1889 1009; x_wconf 89' lang='lat' dir='ltr'><strong>errare</strong></span> <span class='ocrx_word' id='word_1_93' title='bbox 1910 945 2086 1022; x_wconf 77' lang='lat' dir='ltr'>fateantur,</span> <span class='ocrx_word' id='word_1_94' title='bbox 2115 953 2152 1010; x_wconf 92' lang='lat' dir='ltr'><strong>ut</strong></span> <span class='ocrx_word' id='word_1_95' title='bbox 2171 948 2267 1028; x_wconf 92' lang='lat' dir='ltr'><strong>potius</strong></span> 
     </span>
     <span class='ocr_line' id='line_1_8' title="bbox 279 1026 2267 1114; baseline -0.001 -16"><span class='ocrx_word' id='word_1_96' title='bbox 279 1033 379 1098; x_wconf 87' lang='lat' dir='ltr'><strong>aliam</strong></span> <span class='ocrx_word' id='word_1_97' title='bbox 408 1031 541 1098; x_wconf 91' lang='lat' dir='ltr'><strong>demum</strong></span> <span class='ocrx_word' id='word_1_98' title='bbox 575 1039 723 1114; x_wconf 87' lang='lat' dir='ltr'><strong>apertam</strong></span> <span class='ocrx_word' id='word_1_99' title='bbox 751 1029 827 1094; x_wconf 88' lang='lat' dir='ltr'><strong>iecit</strong></span> <span class='ocrx_word' id='word_1_100' title='bbox 857 1026 897 1094; x_wconf 93' lang='lat' dir='ltr'><strong>de</strong></span> <span class='ocrx_word' id='word_1_101' title='bbox 929 1027 1102 1094; x_wconf 84' lang='lat' dir='ltr'><strong>divinitate</strong></span> <span class='ocrx_word' id='word_1_102' title='bbox 1130 1027 1256 1096; x_wconf 78' lang='lat' dir='ltr'><strong>Christi</strong></span> <span class='ocrx_word' id='word_1_103' title='bbox 1309 1049 1384 1096; x_wconf 86' lang='lat' dir='ltr'><strong>sues</strong></span> <span class='ocrx_word' id='word_1_104' title='bbox 1416 1029 1603 1113; x_wconf 75' lang='lat' dir='ltr'><strong>impietates</strong></span> <span class='ocrx_word' id='word_1_105' title='bbox 1630 1029 1729 1094; x_wconf 89' lang='lat' dir='ltr'><strong>etiam</strong></span> <span class='ocrx_word' id='word_1_106' title='bbox 1760 1038 1834 1113; x_wconf 88' lang='lat' dir='ltr'><strong>pest</strong></span> <span class='ocrx_word' id='word_1_107' title='bbox 1859 1029 2005 1114; x_wconf 80' lang='lat' dir='ltr'><strong>agnitam</strong></span> <span class='ocrx_word' id='word_1_108' title='bbox 2034 1031 2201 1096; x_wconf 83' lang='lat' dir='ltr'><strong>raritatem</strong></span> <span class='ocrx_word' id='word_1_109' title='bbox 2227 1033 2267 1096; x_wconf 85' lang='lat' dir='ltr'><strong>la·</strong></span> 
     </span>
     <span class='ocr_line' id='line_1_9' title="bbox 280 1113 2268 1200; baseline -0.002 -13"><span class='ocrx_word' id='word_1_110' title='bbox 280 1119 527 1195; x_wconf 85' lang='lat' dir='ltr'><strong>confessionem,</strong></span> <span class='ocrx_word' id='word_1_111' title='bbox 549 1117 583 1182; x_wconf 91' lang='lat' dir='ltr'><strong>in</strong></span> <span class='ocrx_word' id='word_1_112' title='bbox 607 1135 671 1198; x_wconf 90' lang='lat' dir='ltr'><strong>qua</strong></span> <span class='ocrx_word' id='word_1_113' title='bbox 691 1115 788 1200; x_wconf 90' lang='lat' dir='ltr'><strong>piene</strong></span> <span class='ocrx_word' id='word_1_114' title='bbox 810 1115 931 1181; x_wconf 89' lang='lat' dir='ltr'><strong>sentire</strong></span> <span class='ocrx_word' id='word_1_115' title='bbox 949 1133 1023 1180; x_wconf 90' lang='lat' dir='ltr'><strong>cum</strong></span> <span class='ocrx_word' id='word_1_116' title='bbox 1041 1115 1103 1198; x_wconf 90' lang='lat' dir='ltr'><strong>piis</strong></span> <span class='ocrx_word' id='word_1_117' title='bbox 1121 1121 1256 1182; x_wconf 85' lang='lat' dir='ltr'><strong>constat</strong></span> <span class='ocrx_word' id='word_1_118' title='bbox 1308 1122 1443 1182; x_wconf 75' lang='lat' dir='ltr'>tuantur</span> <span class='ocrx_word' id='word_1_119' title='bbox 1465 1115 1588 1180; x_wconf 88' lang='lat' dir='ltr'><strong>cultum</strong></span> <span class='ocrx_word' id='word_1_120' title='bbox 1610 1113 1684 1196; x_wconf 90' lang='lat' dir='ltr'><strong>Dei,</strong></span> <span class='ocrx_word' id='word_1_121' title='bbox 1713 1122 1747 1181; x_wconf 89' lang='lat' dir='ltr'><strong>et</strong></span> <span class='ocrx_word' id='word_1_122' title='bbox 1768 1115 2029 1182; x_wconf 88' lang='lat' dir='ltr'><strong>observationem</strong></span> <span class='ocrx_word' id='word_1_123' title='bbox 2052 1116 2268 1184; x_wconf 87' lang='lat' dir='ltr'><strong>mendatorum</strong></span> 
     </span>
    </p>

    <p class='ocr_par' dir='ltr' id='par_1_3' title="bbox 278 1198 2268 1718">
     <span class='ocr_line' id='line_1_10' title="bbox 367 1198 2267 1288; baseline -0.001 -19"><span class='ocrx_word' id='word_1_124' title='bbox 367 1203 480 1285; x_wconf 74' lang='lat' dir='ltr'><strong>Quum</strong></span> <span class='ocrx_word' id='word_1_125' title='bbox 498 1201 714 1285; x_wconf 79' lang='lat' dir='ltr'>colloquimur</span> <span class='ocrx_word' id='word_1_126' title='bbox 731 1220 806 1266; x_wconf 90' lang='lat' dir='ltr'><strong>eum</strong></span> <span class='ocrx_word' id='word_1_127' title='bbox 819 1198 960 1281; x_wconf 76' lang='lat' dir='ltr'><strong>Claudio,</strong></span> <span class='ocrx_word' id='word_1_128' title='bbox 982 1200 1257 1286; x_wconf 82' lang='lat' dir='ltr'><strong>Anabaptistae⁸)</strong></span> <span class='ocrx_word' id='word_1_129' title='bbox 1309 1201 1374 1266; x_wconf 90' lang='lat' dir='ltr'><strong>Dei</strong></span> <span class='ocrx_word' id='word_1_130' title='bbox 1394 1200 1596 1284; x_wconf 81' lang='lat' dir='ltr'><strong>impietatem</strong></span> <span class='ocrx_word' id='word_1_131' title='bbox 1618 1209 1652 1266; x_wconf 85' lang='lat' dir='ltr'><strong>et</strong></span> <span class='ocrx_word' id='word_1_132' title='bbox 1673 1201 1906 1288; x_wconf 84' lang='lat' dir='ltr'><strong>offendiculum</strong></span> <span class='ocrx_word' id='word_1_133' title='bbox 1929 1201 2138 1285; x_wconf 90' lang='lat' dir='ltr'><strong>pusillorum,</strong></span> <span class='ocrx_word' id='word_1_134' title='bbox 2168 1211 2200 1268; x_wconf 87' lang='lat' dir='ltr'><strong>et</strong></span> <span class='ocrx_word' id='word_1_135' title='bbox 2218 1201 2267 1268; x_wconf 92' lang='lat' dir='ltr'><strong>ubi</strong></span> 
     </span>
     <span class='ocr_line' id='line_1_11' title="bbox 279 1283 2266 1373; baseline 0.001 -18"><span class='ocrx_word' id='word_1_136' title='bbox 279 1289 346 1356; x_wconf 86' lang='lat' dir='ltr'><strong>ianr</strong></span> <span class='ocrx_word' id='word_1_137' title='bbox 369 1290 434 1356; x_wconf 92' lang='lat' dir='ltr'><strong>huc</strong></span> <span class='ocrx_word' id='word_1_138' title='bbox 457 1288 661 1373; x_wconf 88' lang='lat' dir='ltr'><strong>appulerant,</strong></span> <span class='ocrx_word' id='word_1_139' title='bbox 683 1283 771 1370; x_wconf 88' lang='lat' dir='ltr'><strong>quod</strong></span> <span class='ocrx_word' id='word_1_140' title='bbox 794 1284 943 1352; x_wconf 63' lang='lat' dir='ltr'><strong>alanus</strong></span> <span class='ocrx_word' id='word_1_141' title='bbox 960 1287 1104 1365; x_wconf 87' lang='lat' dir='ltr'><strong>abesset,</strong></span> <span class='ocrx_word' id='word_1_142' title='bbox 1132 1295 1167 1352; x_wconf 87' lang='lat' dir='ltr'><strong>et</strong></span> <span class='ocrx_word' id='word_1_143' title='bbox 1187 1287 1256 1352; x_wconf 86' lang='lat' dir='ltr'><strong>iore</strong></span> <span class='ocrx_word' id='word_1_144' title='bbox 1309 1285 1394 1352; x_wconf 91' lang='lat' dir='ltr'><strong>belle</strong></span> <span class='ocrx_word' id='word_1_145' title='bbox 1415 1287 1618 1371; x_wconf 88' lang='lat' dir='ltr'><strong>collegerunt</strong></span> <span class='ocrx_word' id='word_1_146' title='bbox 1639 1287 1735 1352; x_wconf 82' lang='lat' dir='ltr'><strong>iuxta</strong></span> <span class='ocrx_word' id='word_1_147' title='bbox 1764 1288 1915 1371; x_wconf 88' lang='lat' dir='ltr'><strong>propriae</strong></span> <span class='ocrx_word' id='word_1_148' title='bbox 1936 1287 2114 1354; x_wconf 84' lang='lat' dir='ltr'><strong>voluntatis</strong></span> <span class='ocrx_word' id='word_1_149' title='bbox 2136 1309 2266 1366; x_wconf 79' lang='lat' dir='ltr'><strong>sensum,</strong></span> 
     </span>
     <span class='ocr_line' id='line_1_12' title="bbox 280 1371 2268 1456; baseline 0 -16"><span class='ocrx_word' id='word_1_150' title='bbox 280 1373 403 1442; x_wconf 89' lang='lat' dir='ltr'><strong>diutius</strong></span> <span class='ocrx_word' id='word_1_151' title='bbox 436 1397 489 1441; x_wconf 93' lang='lat' dir='ltr'><strong>me</strong></span> <span class='ocrx_word' id='word_1_152' title='bbox 522 1375 720 1440; x_wconf 87' lang='lat' dir='ltr'><strong>Lausannae</strong></span> <span class='ocrx_word' id='word_1_153' title='bbox 752 1372 950 1438; x_wconf 89' lang='lat' dir='ltr'><strong>coniiocront</strong></span> <span class='ocrx_word' id='word_1_154' title='bbox 979 1371 1134 1437; x_wconf 89' lang='lat' dir='ltr'><strong>nonnulii</strong></span> <span class='ocrx_word' id='word_1_155' title='bbox 1165 1371 1256 1439; x_wconf 90' lang='lat' dir='ltr'><strong>illius</strong></span> <span class='ocrx_word' id='word_1_156' title='bbox 1309 1371 1378 1437; x_wconf 89' lang='lat' dir='ltr'><strong>dati</strong></span> <span class='ocrx_word' id='word_1_157' title='bbox 1398 1373 1433 1438; x_wconf 95' lang='lat' dir='ltr'><strong>in</strong></span> <span class='ocrx_word' id='word_1_158' title='bbox 1455 1373 1628 1456; x_wconf 91' lang='lat' dir='ltr'><strong>reprobam</strong></span> <span class='ocrx_word' id='word_1_159' title='bbox 1649 1386 1793 1438; x_wconf 85' lang='lat' dir='ltr'><strong>mentem</strong></span> <span class='ocrx_word' id='word_1_160' title='bbox 1816 1394 1949 1456; x_wconf 90' lang='lat' dir='ltr'><strong>prorsus</strong></span> <span class='ocrx_word' id='word_1_161' title='bbox 1967 1371 2033 1438; x_wconf 90' lang='lat' dir='ltr'><strong>Dei</strong></span> <span class='ocrx_word' id='word_1_162' title='bbox 2050 1375 2198 1440; x_wconf 90' lang='lat' dir='ltr'><strong>timorem</strong></span> <span class='ocrx_word' id='word_1_163' title='bbox 2218 1395 2268 1440; x_wconf 83' lang='lat' dir='ltr'><strong>ex·</strong></span> 
     </span>
     <span class='ocr_line' id='line_1_13' title="bbox 278 1456 2266 1546; baseline -0.001 -19"><span class='ocrx_word' id='word_1_164' title='bbox 278 1461 389 1527; x_wconf 84' lang='lat' dir='ltr'><strong>faecis.</strong></span> <span class='ocrx_word' id='word_1_165' title='bbox 440 1461 580 1546; x_wconf 79' lang='lat' dir='ltr'><strong>Egimus</strong></span> <span class='ocrx_word' id='word_1_166' title='bbox 609 1457 776 1525; x_wconf 90' lang='lat' dir='ltr'><strong>cumillis</strong></span> <span class='ocrx_word' id='word_1_167' title='bbox 804 1457 841 1522; x_wconf 91' lang='lat' dir='ltr'><strong>in</strong></span> <span class='ocrx_word' id='word_1_168' title='bbox 863 1466 956 1523; x_wconf 88' lang='lat' dir='ltr'><strong>coetu</strong></span> <span class='ocrx_word' id='word_1_169' title='bbox 985 1457 1072 1523; x_wconf 90' lang='lat' dir='ltr'><strong>diem</strong></span> <span class='ocrx_word' id='word_1_170' title='bbox 1093 1465 1200 1524; x_wconf 92' lang='lat' dir='ltr'><strong>totum</strong></span> <span class='ocrx_word' id='word_1_171' title='bbox 1222 1465 1257 1524; x_wconf 91' lang='lat' dir='ltr'><strong>at</strong></span> <span class='ocrx_word' id='word_1_172' title='bbox 1307 1457 1452 1536; x_wconf 88' lang='lat' dir='ltr'><strong>outiunt,</strong></span> <span class='ocrx_word' id='word_1_173' title='bbox 1482 1458 1554 1524; x_wconf 90' lang='lat' dir='ltr'><strong>sine</strong></span> <span class='ocrx_word' id='word_1_174' title='bbox 1575 1456 1647 1523; x_wconf 92' lang='lat' dir='ltr'><strong>Deo</strong></span> <span class='ocrx_word' id='word_1_175' title='bbox 1675 1459 1776 1538; x_wconf 85' lang='lat' dir='ltr'><strong>fiunt,</strong></span> <span class='ocrx_word' id='word_1_176' title='bbox 1804 1481 1879 1525; x_wconf 89' lang='lat' dir='ltr'><strong>oum</strong></span> <span class='ocrx_word' id='word_1_177' title='bbox 1900 1459 2049 1526; x_wconf 79' lang='lat' dir='ltr'><strong>Lucieno</strong></span> <span class='ocrx_word' id='word_1_178' title='bbox 2076 1481 2203 1526; x_wconf 88' lang='lat' dir='ltr'><strong>omnem</strong></span> <span class='ocrx_word' id='word_1_179' title='bbox 2228 1460 2266 1526; x_wconf 90' lang='lat' dir='ltr'><strong>ri-</strong></span> 
     </span>
     <span class='ocr_line' id='line_1_14' title="bbox 278 1541 2268 1630; baseline 0 -18"><span class='ocrx_word' id='word_1_180' title='bbox 278 1555 410 1630; x_wconf 87' lang='lat' dir='ltr'><strong>partem</strong></span> <span class='ocrx_word' id='word_1_181' title='bbox 433 1567 547 1612; x_wconf 91' lang='lat' dir='ltr'><strong>rursus</strong></span> <span class='ocrx_word' id='word_1_182' title='bbox 570 1565 681 1612; x_wconf 87' lang='lat' dir='ltr'><strong>coram</strong></span> <span class='ocrx_word' id='word_1_183' title='bbox 703 1542 863 1609; x_wconf 89' lang='lat' dir='ltr'><strong>diacosiis.</strong></span> <span class='ocrx_word' id='word_1_184' title='bbox 908 1541 976 1608; x_wconf 81' lang='lat' dir='ltr'><strong>Sed</strong></span> <span class='ocrx_word' id='word_1_185' title='bbox 997 1565 1098 1627; x_wconf 91' lang='lat' dir='ltr'><strong>quum</strong></span> <span class='ocrx_word' id='word_1_186' title='bbox 1120 1545 1255 1611; x_wconf 89' lang='lat' dir='ltr'><strong>rescire·</strong></span> <span class='ocrx_word' id='word_1_187' title='bbox 1308 1543 1388 1610; x_wconf 88' lang='lat' dir='ltr'><strong>dent</strong></span> <span class='ocrx_word' id='word_1_188' title='bbox 1418 1543 1618 1628; x_wconf 84' lang='lat' dir='ltr'><strong>religionem.</strong></span> <span class='ocrx_word' id='word_1_189' title='bbox 1670 1541 1767 1625; x_wconf 77' lang='lat' dir='ltr'><strong>Quod</strong></span> <span class='ocrx_word' id='word_1_190' title='bbox 1796 1544 1891 1610; x_wconf 79' lang='lat' dir='ltr'><strong>facile</strong></span> <span class='ocrx_word' id='word_1_191' title='bbox 1923 1547 1961 1610; x_wconf 86' lang='lat' dir='ltr'><strong>fit</strong></span> <span class='ocrx_word' id='word_1_192' title='bbox 1991 1545 2046 1612; x_wconf 90' lang='lat' dir='ltr'><strong>ubi</strong></span> <span class='ocrx_word' id='word_1_193' title='bbox 2078 1548 2151 1630; x_wconf 92' lang='lat' dir='ltr'><strong>quis</strong></span> <span class='ocrx_word' id='word_1_194' title='bbox 2182 1545 2268 1612; x_wconf 87' lang='lat' dir='ltr'><strong>audet</strong></span> 
     </span>
     <span class='ocr_line' id='line_1_15' title="bbox 278 1629 2267 1718; baseline 0.001 -20"><span class='ocrx_word' id='word_1_195' title='bbox 278 1652 353 1698; x_wconf 90' lang='lat' dir='ltr'><strong>mus</strong></span> <span class='ocrx_word' id='word_1_196' title='bbox 375 1633 505 1716; x_wconf 89' lang='lat' dir='ltr'><strong>plebem</strong></span> <span class='ocrx_word' id='word_1_197' title='bbox 533 1631 624 1699; x_wconf 87' lang='lat' dir='ltr'><strong>varie</strong></span> <span class='ocrx_word' id='word_1_198' title='bbox 651 1630 772 1696; x_wconf 90' lang='lat' dir='ltr'><strong>sentire</strong></span> <span class='ocrx_word' id='word_1_199' title='bbox 802 1629 955 1712; x_wconf 84' lang='lat' dir='ltr'><strong>variaque</strong></span> <span class='ocrx_word' id='word_1_200' title='bbox 982 1630 1120 1709; x_wconf 89' lang='lat' dir='ltr'><strong>iactare,</strong></span> <span class='ocrx_word' id='word_1_201' title='bbox 1148 1630 1255 1698; x_wconf 88' lang='lat' dir='ltr'><strong>modis</strong></span> <span class='ocrx_word' id='word_1_202' title='bbox 1307 1639 1422 1696; x_wconf 89' lang='lat' dir='ltr'><strong>contre</strong></span> <span class='ocrx_word' id='word_1_203' title='bbox 1443 1642 1595 1714; x_wconf 87' lang='lat' dir='ltr'><strong>apertum</strong></span> <span class='ocrx_word' id='word_1_204' title='bbox 1615 1629 1679 1696; x_wconf 90' lang='lat' dir='ltr'><strong>Dei</strong></span> <span class='ocrx_word' id='word_1_205' title='bbox 1696 1631 1835 1696; x_wconf 87' lang='lat' dir='ltr'><strong>verbum</strong></span> <span class='ocrx_word' id='word_1_206' title='bbox 1857 1652 1954 1716; x_wconf 79' lang='lat' dir='ltr'><strong>agera</strong></span> <span class='ocrx_word' id='word_1_207' title='bbox 1976 1638 2009 1697; x_wconf 91' lang='lat' dir='ltr'><strong>et</strong></span> <span class='ocrx_word' id='word_1_208' title='bbox 2030 1651 2109 1698; x_wconf 86' lang='lat' dir='ltr'><strong>suas</strong></span> <span class='ocrx_word' id='word_1_209' title='bbox 2130 1632 2267 1718; x_wconf 79' lang='lat' dir='ltr'><strong>colligere</strong></span> 
     </span>
    </p>
   </div>
   <div class='ocr_carea' id='block_1_3' title="bbox 278 1713 2372 1800">
    <p class='ocr_par' dir='ltr' id='par_1_4' title="bbox 278 1713 2372 1800">
     <span class='ocr_line' id='line_1_16' title="bbox 278 1713 2372 1800; baseline 0 -16"><span class='ocrx_word' id='word_1_210' title='bbox 278 1717 432 1784; x_wconf 91' lang='lat' dir='ltr'><strong>omnibus</strong></span> <span class='ocrx_word' id='word_1_211' title='bbox 452 1719 559 1784; x_wconf 88' lang='lat' dir='ltr'><strong>conati</strong></span> <span class='ocrx_word' id='word_1_212' title='bbox 582 1738 695 1783; x_wconf 91' lang='lat' dir='ltr'><strong>sumus</strong></span> <span class='ocrx_word' id='word_1_213' title='bbox 713 1717 748 1780; x_wconf 94' lang='lat' dir='ltr'><strong>in</strong></span> <span class='ocrx_word' id='word_1_214' title='bbox 770 1713 937 1798; x_wconf 90' lang='lat' dir='ltr'><strong>publicum</strong></span> <span class='ocrx_word' id='word_1_215' title='bbox 958 1715 1046 1798; x_wconf 87' lang='lat' dir='ltr'><strong>ipsos</strong></span> <span class='ocrx_word' id='word_1_216' title='bbox 1065 1715 1254 1800; x_wconf 88' lang='lat' dir='ltr'><strong>producere,</strong></span> <span class='ocrx_word' id='word_1_217' title='bbox 1287 1715 1459 1798; x_wconf 24' lang='lat' dir='ltr'><strong>,rationes</strong></span> <span class='ocrx_word' id='word_1_218' title='bbox 1492 1722 1526 1780; x_wconf 91' lang='lat' dir='ltr'><strong>et</strong></span> <span class='ocrx_word' id='word_1_219' title='bbox 1547 1737 1612 1780; x_wconf 93' lang='lat' dir='ltr'><strong>non</strong></span> <span class='ocrx_word' id='word_1_220' title='bbox 1632 1736 1668 1780; x_wconf 89' lang='lat' dir='ltr'><strong>se</strong></span> <span class='ocrx_word' id='word_1_221' title='bbox 1690 1722 1797 1782; x_wconf 90' lang='lat' dir='ltr'><strong>totum</strong></span> <span class='ocrx_word' id='word_1_222' title='bbox 1818 1717 1985 1800; x_wconf 88' lang='lat' dir='ltr'><strong>mancipat</strong></span> <span class='ocrx_word' id='word_1_223' title='bbox 2005 1717 2041 1782; x_wconf 92' lang='lat' dir='ltr'><strong>in</strong></span> <span class='ocrx_word' id='word_1_224' title='bbox 2061 1717 2266 1784; x_wconf 87' lang='lat' dir='ltr'><strong>obedientiam</strong></span> <span class='ocrx_word' id='word_1_225' title='bbox 2371 1745 2372 1770; x_wconf 61' lang='lat' dir='ltr'><strong>l</strong></span> 
     </span>
    </p>
   </div>
   <div class='ocr_carea' id='block_1_4' title="bbox 271 1799 2267 3260">
    <p class='ocr_par' dir='ltr' id='par_1_5' title="bbox 272 1799 2267 2746">
     <span class='ocr_line' id='line_1_17' title="bbox 278 1799 2266 1888; baseline 0 -20"><span class='ocrx_word' id='word_1_226' title='bbox 278 1811 318 1868; x_wconf 92' lang='lat' dir='ltr'><strong>ut</strong></span> <span class='ocrx_word' id='word_1_227' title='bbox 347 1811 461 1888; x_wconf 88' lang='lat' dir='ltr'><strong>aperta</strong></span> <span class='ocrx_word' id='word_1_228' title='bbox 489 1803 708 1887; x_wconf 88' lang='lat' dir='ltr'><strong>disputatione</strong></span> <span class='ocrx_word' id='word_1_229' title='bbox 734 1802 852 1866; x_wconf 86' lang='lat' dir='ltr'><strong>fierent</strong></span> <span class='ocrx_word' id='word_1_230' title='bbox 883 1801 1003 1867; x_wconf 87' lang='lat' dir='ltr'><strong>omnia.</strong></span> <span class='ocrx_word' id='word_1_231' title='bbox 1054 1800 1148 1867; x_wconf 93' lang='lat' dir='ltr'><strong>Plebi</strong></span> <span class='ocrx_word' id='word_1_232' title='bbox 1175 1809 1256 1868; x_wconf 89' lang='lat' dir='ltr'><strong>nota</strong></span> <span class='ocrx_word' id='word_1_233' title='bbox 1306 1802 1400 1867; x_wconf 84' lang='lat' dir='ltr'><strong>verbi</strong></span> <span class='ocrx_word' id='word_1_234' title='bbox 1416 1801 1560 1867; x_wconf 88' lang='lat' dir='ltr'><strong>Domini.</strong></span> <span class='ocrx_word' id='word_1_235' title='bbox 1605 1799 1703 1882; x_wconf 79' lang='lat' dir='ltr'><strong>Quod</strong></span> <span class='ocrx_word' id='word_1_236' title='bbox 1724 1822 1791 1868; x_wconf 93' lang='lat' dir='ltr'><strong>non</strong></span> <span class='ocrx_word' id='word_1_237' title='bbox 1813 1810 1922 1885; x_wconf 88' lang='lat' dir='ltr'><strong>potest</strong></span> <span class='ocrx_word' id='word_1_238' title='bbox 1943 1803 2023 1868; x_wconf 89' lang='lat' dir='ltr'><strong>satis</strong></span> <span class='ocrx_word' id='word_1_239' title='bbox 2043 1803 2199 1871; x_wconf 88' lang='lat' dir='ltr'><strong>inculcari</strong></span> <span class='ocrx_word' id='word_1_240' title='bbox 2218 1825 2266 1870; x_wconf 92' lang='lat' dir='ltr'><strong>no·</strong></span> 
     </span>
     <span class='ocr_line' id='line_1_18' title="bbox 280 1885 2265 1974; baseline 0.001 -19"><span class='ocrx_word' id='word_1_241' title='bbox 280 1890 344 1956; x_wconf 77' lang='lat' dir='ltr'><strong>ruis</strong></span> <span class='ocrx_word' id='word_1_242' title='bbox 373 1891 521 1974; x_wconf 88' lang='lat' dir='ltr'><strong>ipsorum</strong></span> <span class='ocrx_word' id='word_1_243' title='bbox 557 1888 710 1954; x_wconf 88' lang='lat' dir='ltr'><strong>amentia.</strong></span> <span class='ocrx_word' id='word_1_244' title='bbox 741 1885 834 1964; x_wconf 79' lang='lat' dir='ltr'><strong>,Sed</strong></span> <span class='ocrx_word' id='word_1_245' title='bbox 866 1886 1000 1954; x_wconf 90' lang='lat' dir='ltr'><strong>tandem</strong></span> <span class='ocrx_word' id='word_1_246' title='bbox 1037 1886 1092 1952; x_wconf 90' lang='lat' dir='ltr'><strong>alii</strong></span> <span class='ocrx_word' id='word_1_247' title='bbox 1124 1889 1254 1971; x_wconf 85' lang='lat' dir='ltr'><strong>sequuti</strong></span> <span class='ocrx_word' id='word_1_248' title='bbox 1306 1886 1365 1966; x_wconf 90' lang='lat' dir='ltr'><strong>bis,</strong></span> <span class='ocrx_word' id='word_1_249' title='bbox 1389 1894 1426 1952; x_wconf 92' lang='lat' dir='ltr'><strong>ut</strong></span> <span class='ocrx_word' id='word_1_250' title='bbox 1447 1908 1659 1970; x_wconf 80' lang='lat' dir='ltr'><strong>revereamur</strong></span> <span class='ocrx_word' id='word_1_251' title='bbox 1681 1887 1790 1954; x_wconf 92' lang='lat' dir='ltr'><strong>Deum</strong></span> <span class='ocrx_word' id='word_1_252' title='bbox 1813 1896 1880 1954; x_wconf 89' lang='lat' dir='ltr'><strong>toto</strong></span> <span class='ocrx_word' id='word_1_253' title='bbox 1903 1897 2043 1972; x_wconf 79' lang='lat' dir='ltr'><strong>pectore,</strong></span> <span class='ocrx_word' id='word_1_254' title='bbox 2064 1910 2103 1954; x_wconf 91' lang='lat' dir='ltr'><strong>ac</strong></span> <span class='ocrx_word' id='word_1_255' title='bbox 2123 1911 2182 1956; x_wconf 88' lang='lat' dir='ltr'><strong>nos</strong></span> <span class='ocrx_word' id='word_1_256' title='bbox 2201 1911 2265 1956; x_wconf 90' lang='lat' dir='ltr'><strong>uos·</strong></span> 
     </span>
     <span class='ocr_line' id='line_1_19' title="bbox 274 1971 2265 2058; baseline 0 -17"><span class='ocrx_word' id='word_1_257' title='bbox 274 1977 365 2054; x_wconf 83' lang='lat' dir='ltr'><strong>sunt,</strong></span> <span class='ocrx_word' id='word_1_258' title='bbox 387 1977 442 2058; x_wconf 92' lang='lat' dir='ltr'><strong>qui</strong></span> <span class='ocrx_word' id='word_1_259' title='bbox 460 1976 585 2058; x_wconf 89' lang='lat' dir='ltr'><strong>priores</strong></span> <span class='ocrx_word' id='word_1_260' title='bbox 604 1973 784 2038; x_wconf 86' lang='lat' dir='ltr'><strong>laudabant</strong></span> <span class='ocrx_word' id='word_1_261' title='bbox 801 1993 821 2037; x_wconf 91' lang='lat' dir='ltr'><strong>a</strong></span> <span class='ocrx_word' id='word_1_262' title='bbox 838 1971 916 2051; x_wconf 83' lang='lat' dir='ltr'><strong>selo,</strong></span> <span class='ocrx_word' id='word_1_263' title='bbox 939 1993 1055 2039; x_wconf 86' lang='lat' dir='ltr'><strong>verum</strong></span> <span class='ocrx_word' id='word_1_264' title='bbox 1073 1973 1254 2057; x_wconf 78' lang='lat' dir='ltr'><strong>imperitiae</strong></span> <span class='ocrx_word' id='word_1_265' title='bbox 1305 1973 1546 2056; x_wconf 82' lang='lat' dir='ltr'><strong>traqueonrnia</strong></span> <span class='ocrx_word' id='word_1_266' title='bbox 1563 1973 1774 2053; x_wconf 82' lang='lat' dir='ltr'><strong>subiiciamus</strong></span> <span class='ocrx_word' id='word_1_267' title='bbox 1791 1974 1891 2039; x_wconf 86' lang='lat' dir='ltr'><strong>verbo</strong></span> <span class='ocrx_word' id='word_1_268' title='bbox 1909 1983 1943 2039; x_wconf 92' lang='lat' dir='ltr'><strong>et</strong></span> <span class='ocrx_word' id='word_1_269' title='bbox 1959 1975 2125 2040; x_wconf 84' lang='lat' dir='ltr'><strong>voluntati</strong></span> <span class='ocrx_word' id='word_1_270' title='bbox 2142 1975 2265 2054; x_wconf 85' lang='lat' dir='ltr'><strong>divinae,</strong></span> 
     </span>
     <span class='ocr_line' id='line_1_20' title="bbox 274 2057 2267 2142; baseline -0.001 -15"><span class='ocrx_word' id='word_1_271' title='bbox 274 2081 331 2127; x_wconf 88' lang='lat' dir='ltr'><strong>eos</strong></span> <span class='ocrx_word' id='word_1_272' title='bbox 355 2061 529 2138; x_wconf 80' lang='lat' dir='ltr'><strong>taxabant,</strong></span> <span class='ocrx_word' id='word_1_273' title='bbox 557 2060 644 2142; x_wconf 92' lang='lat' dir='ltr'><strong>quod</strong></span> <span class='ocrx_word' id='word_1_274' title='bbox 672 2079 791 2142; x_wconf 88' lang='lat' dir='ltr'><strong>parum</strong></span> <span class='ocrx_word' id='word_1_275' title='bbox 817 2066 928 2124; x_wconf 89' lang='lat' dir='ltr'><strong>essent</strong></span> <span class='ocrx_word' id='word_1_276' title='bbox 954 2059 989 2123; x_wconf 92' lang='lat' dir='ltr'><strong>in</strong></span> <span class='ocrx_word' id='word_1_277' title='bbox 1011 2058 1115 2126; x_wconf 88' lang='lat' dir='ltr'><strong>literis</strong></span> <span class='ocrx_word' id='word_1_278' title='bbox 1138 2057 1252 2138; x_wconf 89' lang='lat' dir='ltr'><strong>edocti,</strong></span> <span class='ocrx_word' id='word_1_279' title='bbox 1306 2067 1339 2124; x_wconf 90' lang='lat' dir='ltr'><strong>et</strong></span> <span class='ocrx_word' id='word_1_280' title='bbox 1361 2057 1519 2142; x_wconf 91' lang='lat' dir='ltr'><strong>quidquid</strong></span> <span class='ocrx_word' id='word_1_281' title='bbox 1540 2079 1608 2124; x_wconf 93' lang='lat' dir='ltr'><strong>non</strong></span> <span class='ocrx_word' id='word_1_282' title='bbox 1628 2060 1667 2124; x_wconf 91' lang='lat' dir='ltr'><strong>fit</strong></span> <span class='ocrx_word' id='word_1_283' title='bbox 1687 2059 1869 2126; x_wconf 90' lang='lat' dir='ltr'><strong>seeundum</strong></span> <span class='ocrx_word' id='word_1_284' title='bbox 1897 2059 2044 2126; x_wconf 89' lang='lat' dir='ltr'><strong>divinam</strong></span> <span class='ocrx_word' id='word_1_285' title='bbox 2065 2061 2267 2139; x_wconf 82' lang='lat' dir='ltr'><strong>voluntatem,</strong></span> 
     </span>
     <span class='ocr_line' id='line_1_21' title="bbox 274 2142 2267 2230; baseline -0.001 -18"><span class='ocrx_word' id='word_1_286' title='bbox 274 2147 442 2230; x_wconf 80' lang='lat' dir='ltr'><strong>simplices</strong></span> <span class='ocrx_word' id='word_1_287' title='bbox 472 2157 507 2212; x_wconf 86' lang='lat' dir='ltr'><strong>et</strong></span> <span class='ocrx_word' id='word_1_288' title='bbox 535 2144 664 2212; x_wconf 84' lang='lat' dir='ltr'><strong>idiotae.</strong></span> <span class='ocrx_word' id='word_1_289' title='bbox 718 2142 828 2210; x_wconf 82' lang='lat' dir='ltr'><strong>Semel</strong></span> <span class='ocrx_word' id='word_1_290' title='bbox 863 2144 1032 2218; x_wconf 84' lang='lat' dir='ltr'><strong>nobiscum</strong></span> <span class='ocrx_word' id='word_1_291' title='bbox 1059 2165 1252 2212; x_wconf 86' lang='lat' dir='ltr'><strong>convenere.</strong></span> <span class='ocrx_word' id='word_1_292' title='bbox 1306 2165 1404 2228; x_wconf 91' lang='lat' dir='ltr'><strong>qnam</strong></span> <span class='ocrx_word' id='word_1_293' title='bbox 1437 2143 1531 2210; x_wconf 87' lang='lat' dir='ltr'><strong>nobis</strong></span> <span class='ocrx_word' id='word_1_294' title='bbox 1564 2165 1623 2210; x_wconf 90' lang='lat' dir='ltr'><strong>suo</strong></span> <span class='ocrx_word' id='word_1_295' title='bbox 1649 2146 1749 2211; x_wconf 87' lang='lat' dir='ltr'><strong>verbo</strong></span> <span class='ocrx_word' id='word_1_296' title='bbox 1778 2144 1946 2212; x_wconf 88' lang='lat' dir='ltr'><strong>Dominus</strong></span> <span class='ocrx_word' id='word_1_297' title='bbox 1973 2144 2210 2226; x_wconf 75' lang='lat' dir='ltr'><strong>manifestarit,</strong></span> <span class='ocrx_word' id='word_1_298' title='bbox 2238 2145 2267 2212; x_wconf 93' lang='lat' dir='ltr'><strong>id</strong></span> 
     </span>
     <span class='ocr_line' id='line_1_22' title="bbox 272 2229 2266 2317; baseline -0.002 -17"><span class='ocrx_word' id='word_1_299' title='bbox 272 2233 357 2301; x_wconf 88' lang='lat' dir='ltr'><strong>Plus</strong></span> <span class='ocrx_word' id='word_1_300' title='bbox 379 2233 498 2298; x_wconf 80' lang='lat' dir='ltr'><strong>frontis</strong></span> <span class='ocrx_word' id='word_1_301' title='bbox 520 2253 618 2314; x_wconf 90' lang='lat' dir='ltr'><strong>quam</strong></span> <span class='ocrx_word' id='word_1_302' title='bbox 640 2231 766 2314; x_wconf 82' lang='lat' dir='ltr'><strong>priores</strong></span> <span class='ocrx_word' id='word_1_303' title='bbox 787 2229 961 2308; x_wconf 89' lang='lat' dir='ltr'><strong>habebant,</strong></span> <span class='ocrx_word' id='word_1_304' title='bbox 985 2230 1126 2296; x_wconf 89' lang='lat' dir='ltr'><strong>absurda</strong></span> <span class='ocrx_word' id='word_1_305' title='bbox 1150 2229 1254 2296; x_wconf 91' lang='lat' dir='ltr'><strong>admi·</strong></span> <span class='ocrx_word' id='word_1_306' title='bbox 1304 2250 1384 2296; x_wconf 86' lang='lat' dir='ltr'><strong>vere</strong></span> <span class='ocrx_word' id='word_1_307' title='bbox 1405 2239 1576 2313; x_wconf 89' lang='lat' dir='ltr'><strong>peccatum</strong></span> <span class='ocrx_word' id='word_1_308' title='bbox 1595 2251 1817 2314; x_wconf 85' lang='lat' dir='ltr'><strong>agnoscamus,</strong></span> <span class='ocrx_word' id='word_1_309' title='bbox 1842 2252 1879 2297; x_wconf 88' lang='lat' dir='ltr'><strong>ac</strong></span> <span class='ocrx_word' id='word_1_310' title='bbox 1896 2239 2125 2315; x_wconf 83' lang='lat' dir='ltr'><strong>ut&#39;peocatum&#39;</strong></span> <span class='ocrx_word' id='word_1_311' title='bbox 2139 2232 2266 2317; x_wconf 81' lang='lat' dir='ltr'><strong>refugia·</strong></span> 
     </span>
     <span class='ocr_line' id='line_1_23' title="bbox 273 2314 2267 2468; baseline -0.002 -82"><span class='ocrx_word' id='word_1_312' title='bbox 273 2339 345 2386; x_wconf 87' lang='lat' dir='ltr'><strong>sera</strong></span> <span class='ocrx_word' id='word_1_313' title='bbox 368 2319 483 2384; x_wconf 88' lang='lat' dir='ltr'><strong>multa.</strong></span> <span class='ocrx_word' id='word_1_314' title='bbox 518 2317 575 2384; x_wconf 83' lang='lat' dir='ltr'><strong>Sic</strong></span> <span class='ocrx_word' id='word_1_315' title='bbox 597 2317 802 2401; x_wconf 83' lang='lat' dir='ltr'><strong>emigrarunt</strong></span> <span class='ocrx_word' id='word_1_316' title='bbox 823 2314 910 2380; x_wconf 91' lang='lat' dir='ltr'><strong>hino.</strong></span> <span class='ocrx_word' id='word_1_317' title='bbox 941 2316 1108 2384; x_wconf 80' lang='lat' dir='ltr'><strong>Fatentur</strong></span> <span class='ocrx_word' id='word_1_318' title='bbox 1129 2316 1255 2400; x_wconf 88' lang='lat' dir='ltr'><strong>aliquot</strong></span> <span class='ocrx_word' id='word_1_319' title='bbox 1304 2336 1387 2382; x_wconf 90' lang='lat' dir='ltr'><strong>mus.</strong></span> <span class='ocrx_word' id='word_1_320' title='bbox 1431 2316 1501 2382; x_wconf 88' lang='grc' dir='ltr'><strong>Νοο</strong></span> <span class='ocrx_word' id='word_1_321' title='bbox 1523 2315 1578 2383; x_wconf 88' lang='lat' dir='ltr'><strong>hio</strong></span> <span class='ocrx_word' id='word_1_322' title='bbox 1600 2315 1642 2381; x_wconf 90' lang='lat' dir='ltr'><strong>ad</strong></span> <span class='ocrx_word' id='word_1_323' title='bbox 1664 2337 1703 2382; x_wconf 92' lang='lat' dir='ltr'><strong>ea</strong></span> <span class='ocrx_word' id='word_1_324' title='bbox 1724 2337 1807 2400; x_wconf 85' lang='lat' dir='ltr'><strong>quae</strong></span> <span class='ocrx_word' id='word_1_325' title='bbox 1836 2317 1929 2400; x_wconf 87' lang='lat' dir='ltr'><strong>sequi</strong></span> <span class='ocrx_word' id='word_1_326' title='bbox 1948 2327 2088 2400; x_wconf 87' lang='lat' dir='ltr'><strong>possunt</strong></span> <span class='ocrx_word' id='word_1_327' title='bbox 2110 2315 2267 2468; x_wconf 52' lang='lat' dir='ltr'><strong>dirigenda</strong></span> 
     </span>
     <span class='ocr_line' id='line_1_24' title="bbox 272 2401 2144 2490; baseline -0.002 -19"><span class='ocrx_word' id='word_1_328' title='bbox 272 2404 397 2490; x_wconf 89' lang='lat' dir='ltr'><strong>perditi</strong></span> <span class='ocrx_word' id='word_1_329' title='bbox 417 2415 606 2483; x_wconf 80' lang='lat' dir='ltr'><strong>novatores,</strong></span> <span class='ocrx_word' id='word_1_330' title='bbox 637 2421 743 2485; x_wconf 90' lang='lat' dir='ltr'><strong>neque</strong></span> <span class='ocrx_word' id='word_1_331' title='bbox 770 2402 896 2484; x_wconf 87' lang='lat' dir='ltr'><strong>priores</strong></span> <span class='ocrx_word' id='word_1_332' title='bbox 923 2421 1030 2486; x_wconf 91' lang='lat' dir='ltr'><strong>neque</strong></span> <span class='ocrx_word' id='word_1_333' title='bbox 1057 2405 1253 2485; x_wconf 88' lang='lat' dir='ltr'><strong>posteriores</strong></span> <span class='ocrx_word' id='word_1_334' title='bbox 1306 2409 1356 2467; x_wconf 88' lang='lat' dir='ltr'><strong>est</strong></span> <span class='ocrx_word' id='word_1_335' title='bbox 1377 2402 1545 2486; x_wconf 77' lang='lat' dir='ltr'><strong>cogitatio,</strong></span> <span class='ocrx_word' id='word_1_336' title='bbox 1577 2401 1633 2468; x_wconf 87' lang='lat' dir='ltr'><strong>sed</strong></span> <span class='ocrx_word' id='word_1_337' title='bbox 1660 2403 1695 2466; x_wconf 91' lang='lat' dir='ltr'><strong>in</strong></span> <span class='ocrx_word' id='word_1_338' title='bbox 1726 2402 1760 2467; x_wconf 94' lang='lat' dir='ltr'><strong>id</strong></span> <span class='ocrx_word' id='word_1_339' title='bbox 1783 2401 1869 2486; x_wconf 91' lang='lat' dir='ltr'><strong>quod</strong></span> <span class='ocrx_word' id='word_1_340' title='bbox 1890 2404 1963 2468; x_wconf 90' lang='lat' dir='ltr'><strong>fieri</strong></span> <span class='ocrx_word' id='word_1_341' title='bbox 1984 2405 2144 2488; x_wconf 81' lang='lat' dir='ltr'><strong>praecipit</strong></span> 
     </span>
     <span class='ocr_line' id='line_1_25' title="bbox 274 2486 2264 2572; baseline -0.004 -13"><span class='ocrx_word' id='word_1_342' title='bbox 274 2491 354 2559; x_wconf 86' lang='lat' dir='ltr'><strong>satis</strong></span> <span class='ocrx_word' id='word_1_343' title='bbox 378 2509 471 2556; x_wconf 89' lang='lat' dir='ltr'><strong>suam</strong></span> <span class='ocrx_word' id='word_1_344' title='bbox 494 2509 628 2556; x_wconf 91' lang='lat' dir='ltr'><strong>causam</strong></span> <span class='ocrx_word' id='word_1_345' title='bbox 650 2486 843 2566; x_wconf 78' lang='lat' dir='ltr'><strong>defendisse,</strong></span> <span class='ocrx_word' id='word_1_346' title='bbox 865 2507 947 2570; x_wconf 92' lang='lat' dir='ltr'><strong>quos</strong></span> <span class='ocrx_word' id='word_1_347' title='bbox 968 2487 1055 2552; x_wconf 88' lang='lat' dir='ltr'><strong>male</strong></span> <span class='ocrx_word' id='word_1_348' title='bbox 1077 2488 1178 2554; x_wconf 89' lang='lat' dir='ltr'><strong>habet</strong></span> <span class='ocrx_word' id='word_1_349' title='bbox 1199 2509 1253 2556; x_wconf 91' lang='lat' dir='ltr'><strong>oo-</strong></span> <span class='ocrx_word' id='word_1_350' title='bbox 1305 2508 1377 2552; x_wconf 91' lang='lat' dir='ltr'><strong>nus.</strong></span> <span class='ocrx_word' id='word_1_351' title='bbox 1423 2489 1533 2554; x_wconf 78' lang='lat' dir='ltr'><strong>Affers</strong></span> <span class='ocrx_word' id='word_1_352' title='bbox 1555 2488 1659 2553; x_wconf 86' lang='lat' dir='ltr'><strong>multa</strong></span> <span class='ocrx_word' id='word_1_353' title='bbox 1688 2508 1771 2571; x_wconf 91' lang='lat' dir='ltr'><strong>quae</strong></span> <span class='ocrx_word' id='word_1_354' title='bbox 1800 2496 1937 2572; x_wconf 82' lang='lat' dir='ltr'><strong>sequuta</strong></span> <span class='ocrx_word' id='word_1_355' title='bbox 1965 2499 2043 2555; x_wconf 88' lang='lat' dir='ltr'><strong>sunt</strong></span> <span class='ocrx_word' id='word_1_356' title='bbox 2063 2487 2264 2567; x_wconf 89' lang='lat' dir='ltr'><strong>incommoda,</strong></span> 
     </span>
     <span class='ocr_line' id='line_1_26' title="bbox 272 2571 2265 2662; baseline -0.001 -20"><span class='ocrx_word' id='word_1_357' title='bbox 272 2591 345 2642; x_wconf 88' lang='lat' dir='ltr'><strong>ram</strong></span> <span class='ocrx_word' id='word_1_358' title='bbox 368 2575 464 2662; x_wconf 89' lang='lat' dir='ltr'><strong>plebe</strong></span> <span class='ocrx_word' id='word_1_359' title='bbox 487 2585 596 2643; x_wconf 87' lang='lat' dir='ltr'><strong>actum</strong></span> <span class='ocrx_word' id='word_1_360' title='bbox 614 2575 728 2641; x_wconf 86' lang='lat' dir='ltr'><strong>fuisse:</strong></span> <span class='ocrx_word' id='word_1_361' title='bbox 752 2571 838 2657; x_wconf 93' lang='lat' dir='ltr'><strong>quod</strong></span> <span class='ocrx_word' id='word_1_362' title='bbox 856 2571 885 2638; x_wconf 92' lang='lat' dir='ltr'><strong>si</strong></span> <span class='ocrx_word' id='word_1_363' title='bbox 903 2594 968 2639; x_wconf 92' lang='lat' dir='ltr'><strong>non</strong></span> <span class='ocrx_word' id='word_1_364' title='bbox 985 2573 1109 2654; x_wconf 81' lang='lat' dir='ltr'><strong>luisset,</strong></span> <span class='ocrx_word' id='word_1_365' title='bbox 1132 2573 1253 2641; x_wconf 86' lang='lat' dir='ltr'><strong>multos</strong></span> <span class='ocrx_word' id='word_1_366' title='bbox 1303 2573 1361 2638; x_wconf 95' lang='lat' dir='ltr'><strong>ubi</strong></span> <span class='ocrx_word' id='word_1_367' title='bbox 1382 2572 1536 2638; x_wconf 93' lang='lat' dir='ltr'><strong>nonnulli</strong></span> <span class='ocrx_word' id='word_1_368' title='bbox 1558 2593 1624 2638; x_wconf 93' lang='lat' dir='ltr'><strong>non</strong></span> <span class='ocrx_word' id='word_1_369' title='bbox 1648 2575 1727 2639; x_wconf 85' lang='lat' dir='ltr'><strong>satis</strong></span> <span class='ocrx_word' id='word_1_370' title='bbox 1749 2573 1854 2640; x_wconf 86' lang='lat' dir='ltr'><strong>edocti</strong></span> <span class='ocrx_word' id='word_1_371' title='bbox 1875 2581 1909 2640; x_wconf 92' lang='lat' dir='ltr'><strong>et</strong></span> <span class='ocrx_word' id='word_1_372' title='bbox 1927 2575 2015 2639; x_wconf 90' lang='lat' dir='ltr'><strong>firmi</strong></span> <span class='ocrx_word' id='word_1_373' title='bbox 2036 2575 2103 2640; x_wconf 91' lang='lat' dir='ltr'><strong>fide</strong></span> <span class='ocrx_word' id='word_1_374' title='bbox 2125 2597 2199 2641; x_wconf 88' lang='lat' dir='ltr'><strong>suas</strong></span> <span class='ocrx_word' id='word_1_375' title='bbox 2224 2595 2265 2640; x_wconf 90' lang='lat' dir='ltr'><strong>se·</strong></span> 
     </span>
     <span class='ocr_line' id='line_1_27' title="bbox 273 2658 2265 2746; baseline -0.002 -18"><span class='ocrx_word' id='word_1_376' title='bbox 273 2661 506 2745; x_wconf 83' lang='lat' dir='ltr'><strong>corrupissent</strong></span> <span class='ocrx_word' id='word_1_377' title='bbox 1021 2661 1024 2668; x_wconf 85' lang='lat'>&#39;</span> <span class='ocrx_word' id='word_1_378' title='bbox 1305 2658 1362 2724; x_wconf 91' lang='lat' dir='ltr'><strong>des</strong></span> <span class='ocrx_word' id='word_1_379' title='bbox 1384 2658 1613 2725; x_wconf 89' lang='lat' dir='ltr'><strong>deseruerunt:</strong></span> <span class='ocrx_word' id='word_1_380' title='bbox 1636 2659 1795 2724; x_wconf 91' lang='lat' dir='ltr'><strong>nimirum</strong></span> <span class='ocrx_word' id='word_1_381' title='bbox 1816 2659 1903 2744; x_wconf 92' lang='lat' dir='ltr'><strong>quod</strong></span> <span class='ocrx_word' id='word_1_382' title='bbox 1924 2659 2049 2727; x_wconf 88' lang='lat' dir='ltr'><strong>foedius</strong></span> <span class='ocrx_word' id='word_1_383' title='bbox 2067 2683 2167 2746; x_wconf 88' lang='lat' dir='ltr'><strong>quam</strong></span> <span class='ocrx_word' id='word_1_384' title='bbox 2187 2661 2265 2745; x_wconf 91' lang='lat' dir='ltr'><strong>prius</strong></span> 
     </span>
    </p>

    <p class='ocr_par' dir='ltr' id='par_1_6' title="bbox 271 2743 2267 3260">
     <span class='ocr_line' id='line_1_28' title="bbox 358 2743 2266 2832; baseline -0.002 -19"><span class='ocrx_word' id='word_1_385' title='bbox 358 2747 493 2814; x_wconf 88' lang='lat' dir='ltr'><strong>Interea</strong></span> <span class='ocrx_word' id='word_1_386' title='bbox 509 2747 620 2813; x_wconf 91' lang='lat' dir='ltr'><strong>hostes</strong></span> <span class='ocrx_word' id='word_1_387' title='bbox 637 2744 751 2824; x_wconf 89' lang='lat' dir='ltr'><strong>nostri,</strong></span> <span class='ocrx_word' id='word_1_388' title='bbox 770 2751 929 2828; x_wconf 89' lang='lat' dir='ltr'><strong>quantum</strong></span> <span class='ocrx_word' id='word_1_389' title='bbox 946 2744 1070 2824; x_wconf 88' lang='lat' dir='ltr'><strong>olfacio,</strong></span> <span class='ocrx_word' id='word_1_390' title='bbox 1088 2755 1253 2812; x_wconf 84' lang='lat' dir='ltr'><strong>venantur</strong></span> <span class='ocrx_word' id='word_1_391' title='bbox 1303 2745 1464 2828; x_wconf 87' lang='lat' dir='ltr'><strong>impietati</strong></span> <span class='ocrx_word' id='word_1_392' title='bbox 1488 2745 1571 2811; x_wconf 88' lang='lat' dir='ltr'><strong>colla</strong></span> <span class='ocrx_word' id='word_1_393' title='bbox 1590 2743 1823 2811; x_wconf 89' lang='lat' dir='ltr'><strong>submiserunt.</strong></span> <span class='ocrx_word' id='word_1_394' title='bbox 1857 2745 1931 2812; x_wconf 91' lang='grc' dir='ltr'><strong>Ηοο</strong></span> <span class='ocrx_word' id='word_1_395' title='bbox 1952 2767 2013 2812; x_wconf 92' lang='lat' dir='ltr'><strong>nos</strong></span> <span class='ocrx_word' id='word_1_396' title='bbox 2034 2748 2070 2811; x_wconf 91' lang='lat' dir='ltr'><strong>in</strong></span> <span class='ocrx_word' id='word_1_397' title='bbox 2093 2749 2202 2832; x_wconf 90' lang='lat' dir='ltr'><strong>paucis</strong></span> <span class='ocrx_word' id='word_1_398' title='bbox 2217 2767 2266 2811; x_wconf 93' lang='lat' dir='ltr'><strong>no·</strong></span> 
     </span>
     <span class='ocr_line' id='line_1_29' title="bbox 272 2829 2266 2916; baseline -0.002 -16"><span class='ocrx_word' id='word_1_399' title='bbox 272 2833 394 2913; x_wconf 84' lang='lat' dir='ltr'><strong>omnia,</strong></span> <span class='ocrx_word' id='word_1_400' title='bbox 417 2834 446 2900; x_wconf 89' lang='lat' dir='ltr'><strong>si</strong></span> <span class='ocrx_word' id='word_1_401' title='bbox 468 2855 528 2900; x_wconf 91' lang='lat' dir='ltr'><strong>nos</strong></span> <span class='ocrx_word' id='word_1_402' title='bbox 549 2832 677 2916; x_wconf 89' lang='lat' dir='ltr'><strong>possint</strong></span> <span class='ocrx_word' id='word_1_403' title='bbox 697 2829 845 2914; x_wconf 87' lang='lat' dir='ltr'><strong>perdere.</strong></span> <span class='ocrx_word' id='word_1_404' title='bbox 890 2829 1028 2914; x_wconf 81' lang='lat' dir='ltr'><strong>Siquid</strong></span> <span class='ocrx_word' id='word_1_405' title='bbox 1050 2829 1091 2896; x_wconf 88' lang='lat' dir='ltr'><strong>ad</strong></span> <span class='ocrx_word' id='word_1_406' title='bbox 1113 2853 1252 2899; x_wconf 86' lang='lat' dir='ltr'><strong>nosve·</strong></span> <span class='ocrx_word' id='word_1_407' title='bbox 1303 2831 1422 2897; x_wconf 82' lang='lat' dir='ltr'><strong>vimus.</strong></span> <span class='ocrx_word' id='word_1_408' title='bbox 1455 2831 1573 2897; x_wconf 88' lang='lat' dir='ltr'><strong>Plures</strong></span> <span class='ocrx_word' id='word_1_409' title='bbox 1595 2831 1718 2915; x_wconf 84' lang='lat' dir='ltr'><strong>egrossi</strong></span> <span class='ocrx_word' id='word_1_410' title='bbox 1740 2832 1977 2898; x_wconf 89' lang='lat' dir='ltr'><strong>constantiores</strong></span> <span class='ocrx_word' id='word_1_411' title='bbox 1998 2853 2144 2913; x_wconf 80' lang='lat' dir='ltr'><strong>evasere,</strong></span> <span class='ocrx_word' id='word_1_412' title='bbox 2165 2841 2199 2900; x_wconf 90' lang='lat' dir='ltr'><strong>et</strong></span> <span class='ocrx_word' id='word_1_413' title='bbox 2216 2833 2266 2896; x_wconf 88' lang='lat' dir='ltr'><strong>ha·</strong></span> 
     </span>
     <span class='ocr_line' id='line_1_30' title="bbox 271 2915 2267 3000; baseline -0.002 -14"><span class='ocrx_word' id='word_1_414' title='bbox 271 2920 322 2986; x_wconf 89' lang='lat' dir='ltr'><strong>nit</strong></span> <span class='ocrx_word' id='word_1_415' title='bbox 342 2919 530 2998; x_wconf 89' lang='lat' dir='ltr'><strong>literarum,</strong></span> <span class='ocrx_word' id='word_1_416' title='bbox 559 2925 673 2984; x_wconf 82' lang='lat' dir='ltr'><strong>exacte</strong></span> <span class='ocrx_word' id='word_1_417' title='bbox 699 2916 910 3000; x_wconf 89' lang='lat' dir='ltr'><strong>perquirunt,</strong></span> <span class='ocrx_word' id='word_1_418' title='bbox 938 2924 972 2982; x_wconf 92' lang='lat' dir='ltr'><strong>et</strong></span> <span class='ocrx_word' id='word_1_419' title='bbox 996 2917 1201 3000; x_wconf 88' lang='lat' dir='ltr'><strong>potissimum</strong></span> <span class='ocrx_word' id='word_1_420' title='bbox 1223 2919 1252 2983; x_wconf 91' lang='lat' dir='ltr'><strong>si</strong></span> <span class='ocrx_word' id='word_1_421' title='bbox 1303 2917 1418 2982; x_wconf 82' lang='lat' dir='ltr'><strong>bontas</strong></span> <span class='ocrx_word' id='word_1_422' title='bbox 1451 2916 1572 3000; x_wconf 87' lang='lat' dir='ltr'><strong>aliquid</strong></span> <span class='ocrx_word' id='word_1_423' title='bbox 1610 2917 1697 2982; x_wconf 89' lang='lat' dir='ltr'><strong>aucti</strong></span> <span class='ocrx_word' id='word_1_424' title='bbox 1734 2917 1827 2983; x_wconf 89' lang='lat' dir='ltr'><strong>fuere</strong></span> <span class='ocrx_word' id='word_1_425' title='bbox 1860 2938 1897 2984; x_wconf 89' lang='lat' dir='ltr'><strong>ac</strong></span> <span class='ocrx_word' id='word_1_426' title='bbox 1934 2915 2156 2986; x_wconf 84' lang='lat' dir='ltr'><strong>abundarunt</strong></span> <span class='ocrx_word' id='word_1_427' title='bbox 2209 2915 2267 2984; x_wconf 81' lang='lat' dir='ltr'><strong>Sed</strong></span> 
     </span>
     <span class='ocr_line' id='line_1_31' title="bbox 272 3001 2267 3090; baseline -0.002 -20"><span class='ocrx_word' id='word_1_428' title='bbox 272 3004 351 3089; x_wconf 92' lang='lat' dir='ltr'><strong>quid</strong></span> <span class='ocrx_word' id='word_1_429' title='bbox 380 3006 451 3090; x_wconf 89' lang='lat' dir='ltr'><strong>ipse</strong></span> <span class='ocrx_word' id='word_1_430' title='bbox 479 3005 649 3088; x_wconf 89' lang='lat' dir='ltr'><strong>scripsero.</strong></span> <span class='ocrx_word' id='word_1_431' title='bbox 692 3003 762 3069; x_wconf 88' lang='lat' dir='ltr'><strong>Neo</strong></span> <span class='ocrx_word' id='word_1_432' title='bbox 790 3023 879 3069; x_wconf 91' lang='lat' dir='ltr'><strong>nuno</strong></span> <span class='ocrx_word' id='word_1_433' title='bbox 906 3002 1051 3085; x_wconf 86' lang='lat' dir='ltr'><strong>primunr</strong></span> <span class='ocrx_word' id='word_1_434' title='bbox 1078 3003 1252 3069; x_wconf 89' lang='lat' dir='ltr'><strong>ordiuntur</strong></span> <span class='ocrx_word' id='word_1_435' title='bbox 1303 3002 1536 3086; x_wconf 89' lang='lat' dir='ltr'><strong>multoplures</strong></span> <span class='ocrx_word' id='word_1_436' title='bbox 1556 3003 1687 3081; x_wconf 90' lang='lat' dir='ltr'><strong>scimus,</strong></span> <span class='ocrx_word' id='word_1_437' title='bbox 1710 3001 1789 3068; x_wconf 92' lang='lat' dir='ltr'><strong>dum</strong></span> <span class='ocrx_word' id='word_1_438' title='bbox 1811 3003 2000 3068; x_wconf 88' lang='lat' dir='ltr'><strong>haerentin</strong></span> <span class='ocrx_word' id='word_1_439' title='bbox 2018 3003 2089 3070; x_wconf 88' lang='lat' dir='ltr'><strong>luto</strong></span> <span class='ocrx_word' id='word_1_440' title='bbox 2106 3027 2144 3072; x_wconf 92' lang='lat' dir='ltr'><strong>ac</strong></span> <span class='ocrx_word' id='word_1_441' title='bbox 2161 3008 2267 3090; x_wconf 88' lang='lat' dir='ltr'><strong>putant</strong></span> 
     </span>
     <span class='ocr_line' id='line_1_32' title="bbox 272 3088 2267 3238; baseline -0.001 -82"><span class='ocrx_word' id='word_1_442' title='bbox 272 3091 374 3156; x_wconf 92' lang='lat' dir='ltr'><strong>telam</strong></span> <span class='ocrx_word' id='word_1_443' title='bbox 398 3091 500 3157; x_wconf 90' lang='lat' dir='ltr'><strong>hanc:</strong></span> <span class='ocrx_word' id='word_1_444' title='bbox 526 3091 593 3155; x_wconf 87' lang='lat' dir='ltr'><strong>ianr</strong></span> <span class='ocrx_word' id='word_1_445' title='bbox 615 3091 655 3156; x_wconf 90' lang='lat' dir='ltr'><strong>ab</strong></span> <span class='ocrx_word' id='word_1_446' title='bbox 676 3089 773 3155; x_wconf 85' lang='lat' dir='ltr'><strong>annis</strong></span> <span class='ocrx_word' id='word_1_447' title='bbox 795 3088 918 3171; x_wconf 87' lang='lat' dir='ltr'><strong>aliquot</strong></span> <span class='ocrx_word' id='word_1_448' title='bbox 938 3089 1136 3172; x_wconf 86' lang='lat' dir='ltr'><strong>parturiunt.</strong></span> <span class='ocrx_word' id='word_1_449' title='bbox 1181 3089 1252 3155; x_wconf 79' lang='lat' dir='ltr'><strong>Ad·</strong></span> <span class='ocrx_word' id='word_1_450' title='bbox 1304 3109 1339 3153; x_wconf 91' lang='lat' dir='ltr'><strong>se</strong></span> <span class='ocrx_word' id='word_1_451' title='bbox 1360 3109 1426 3154; x_wconf 93' lang='lat' dir='ltr'><strong>non</strong></span> <span class='ocrx_word' id='word_1_452' title='bbox 1449 3088 1529 3154; x_wconf 88' lang='lat' dir='ltr'><strong>adeo</strong></span> <span class='ocrx_word' id='word_1_453' title='bbox 1550 3089 1636 3155; x_wconf 88' lang='lat' dir='ltr'><strong>male</strong></span> <span class='ocrx_word' id='word_1_454' title='bbox 1658 3108 1765 3238; x_wconf 45' lang='lat' dir='ltr'><strong>affore,</strong></span> <span class='ocrx_word' id='word_1_455' title='bbox 1788 3091 1844 3173; x_wconf 92' lang='lat' dir='ltr'><strong>qui</strong></span> <span class='ocrx_word' id='word_1_456' title='bbox 1866 3090 2000 3154; x_wconf 73' lang='lat' dir='ltr'><strong>mndem</strong></span> <span class='ocrx_word' id='word_1_457' title='bbox 2022 3110 2156 3158; x_wconf 91' lang='lat' dir='ltr'><strong>omnem</strong></span> <span class='ocrx_word' id='word_1_458' title='bbox 2177 3093 2267 3176; x_wconf 85' lang='lat' dir='ltr'><strong>pieta·</strong></span> 
     </span>
     <span class='ocr_line' id='line_1_33' title="bbox 272 3173 2266 3260; baseline 0 -18"><span class='ocrx_word' id='word_1_459' title='bbox 272 3197 446 3243; x_wconf 89' lang='lat' dir='ltr'><strong>monemus</strong></span> <span class='ocrx_word' id='word_1_460' title='bbox 474 3177 593 3242; x_wconf 83' lang='lat' dir='ltr'><strong>fratres</strong></span> <span class='ocrx_word' id='word_1_461' title='bbox 621 3182 661 3241; x_wconf 89' lang='lat' dir='ltr'><strong>ut</strong></span> <span class='ocrx_word' id='word_1_462' title='bbox 689 3173 788 3240; x_wconf 89' lang='lat' dir='ltr'><strong>sobrii</strong></span> <span class='ocrx_word' id='word_1_463' title='bbox 817 3175 946 3240; x_wconf 91' lang='lat' dir='ltr'><strong>sintin</strong></span> <span class='ocrx_word' id='word_1_464' title='bbox 973 3175 1251 3257; x_wconf 78' lang='lat' dir='ltr'><strong>inscriptionibus,</strong></span> <span class='ocrx_word' id='word_1_465' title='bbox 1303 3181 1370 3240; x_wconf 86' lang='lat' dir='ltr'><strong>tem</strong></span> <span class='ocrx_word' id='word_1_466' title='bbox 1392 3174 1582 3240; x_wconf 87' lang='lat' dir='ltr'><strong>abiecerunt</strong></span> <span class='ocrx_word' id='word_1_467' title='bbox 1603 3183 1636 3240; x_wconf 90' lang='lat' dir='ltr'><strong>et</strong></span> <span class='ocrx_word' id='word_1_468' title='bbox 1657 3195 1792 3256; x_wconf 90' lang='lat' dir='ltr'><strong>penum</strong></span> <span class='ocrx_word' id='word_1_469' title='bbox 1820 3175 2028 3260; x_wconf 76' lang='lat' dir='ltr'><strong>naufragium</strong></span> <span class='ocrx_word' id='word_1_470' title='bbox 2050 3177 2087 3242; x_wconf 94' lang='lat' dir='ltr'><strong>in</strong></span> <span class='ocrx_word' id='word_1_471' title='bbox 2110 3177 2174 3244; x_wconf 86' lang='lat' dir='ltr'><strong>fide</strong></span> <span class='ocrx_word' id='word_1_472' title='bbox 2194 3177 2266 3242; x_wconf 85' lang='lat' dir='ltr'><strong>fece·</strong></span> 
     </span>
    </p>
   </div>
   <div class='ocr_carea' id='block_1_5' title="bbox 2197 2404 2265 2469">
    <p class='ocr_par' dir='ltr' id='par_1_7' title="bbox 2197 2399 2372 2484">
     <span class='ocr_line' id='line_1_34' title="bbox 2197 2404 2265 2469; baseline -0.006 0"><span class='ocrx_word' id='word_1_473' title='bbox 2197 2404 2265 2469; x_wconf 91' lang='lat' dir='ltr'><strong>omi·</strong></span> 
     </span>
    </p>
   </div>
   <div class='ocr_carea' id='block_1_6' title="bbox 273 3259 2372 3348">
    <p class='ocr_par' dir='ltr' id='par_1_8' title="bbox 273 3259 2372 3348">
     <span class='ocr_line' id='line_1_35' title="bbox 273 3259 2372 3348; baseline -0.001 -19"><span class='ocrx_word' id='word_1_474' title='bbox 273 3269 307 3330; x_wconf 92' lang='lat' dir='ltr'><strong>et</strong></span> <span class='ocrx_word' id='word_1_475' title='bbox 328 3263 384 3347; x_wconf 93' lang='lat' dir='ltr'><strong>qui</strong></span> <span class='ocrx_word' id='word_1_476' title='bbox 406 3282 460 3328; x_wconf 90' lang='lat' dir='ltr'><strong>me</strong></span> <span class='ocrx_word' id='word_1_477' title='bbox 482 3261 614 3346; x_wconf 91' lang='lat' dir='ltr'><strong>saepius</strong></span> <span class='ocrx_word' id='word_1_478' title='bbox 634 3260 739 3326; x_wconf 90' lang='lat' dir='ltr'><strong>literis</strong></span> <span class='ocrx_word' id='word_1_479' title='bbox 761 3259 925 3338; x_wconf 85' lang='lat' dir='ltr'><strong>invisunt,</strong></span> <span class='ocrx_word' id='word_1_480' title='bbox 955 3259 1045 3325; x_wconf 89' lang='lat' dir='ltr'><strong>aliud</strong></span> <span class='ocrx_word' id='word_1_481' title='bbox 1073 3280 1141 3326; x_wconf 90' lang='lat' dir='ltr'><strong>non</strong></span> <span class='ocrx_word' id='word_1_482' title='bbox 1170 3261 1251 3328; x_wconf 89' lang='lat' dir='ltr'><strong>seri-</strong></span> <span class='ocrx_word' id='word_1_483' title='bbox 1303 3267 1392 3340; x_wconf 85' lang='lat' dir='ltr'><strong>runt,</strong></span> <span class='ocrx_word' id='word_1_484' title='bbox 1404 3261 1438 3324; x_wconf 91' lang='lat' dir='ltr'><strong>in</strong></span> <span class='ocrx_word' id='word_1_485' title='bbox 1450 3259 1511 3326; x_wconf 93' lang='lat' dir='ltr'><strong>hoc</strong></span> <span class='ocrx_word' id='word_1_486' title='bbox 1528 3261 1588 3326; x_wconf 92' lang='lat' dir='ltr'><strong>toti</strong></span> <span class='ocrx_word' id='word_1_487' title='bbox 1599 3269 1637 3326; x_wconf 90' lang='lat' dir='ltr'><strong>ut</strong></span> <span class='ocrx_word' id='word_1_488' title='bbox 1652 3259 1843 3327; x_wconf 90' lang='lat' dir='ltr'><strong>hominibus</strong></span> <span class='ocrx_word' id='word_1_489' title='bbox 1852 3261 2005 3345; x_wconf 90' lang='lat' dir='ltr'><strong>placeant</strong></span> <span class='ocrx_word' id='word_1_490' title='bbox 2020 3283 2058 3329; x_wconf 88' lang='lat' dir='ltr'><strong>aa</strong></span> <span class='ocrx_word' id='word_1_491' title='bbox 2078 3285 2145 3348; x_wconf 93' lang='lat' dir='ltr'><strong>quo</strong></span> <span class='ocrx_word' id='word_1_492' title='bbox 2162 3271 2268 3330; x_wconf 80' lang='lat' dir='ltr'><strong>ventm</strong></span> <span class='ocrx_word' id='word_1_493' title='bbox 2371 3303 2372 3308; x_wconf 22' lang='grc' dir='ltr'><strong>κ</strong></span> 
     </span>
    </p>
   </div>
   <div class='ocr_carea' id='block_1_7' title="bbox 272 3345 2268 3432">
    <p class='ocr_par' dir='ltr' id='par_1_9' title="bbox 272 3345 2268 3432">
     <span class='ocr_line' id='line_1_36' title="bbox 272 3345 2268 3432; baseline -0.002 -15"><span class='ocrx_word' id='word_1_494' title='bbox 272 3350 356 3417; x_wconf 90' lang='lat' dir='ltr'><strong>bunt</strong></span> <span class='ocrx_word' id='word_1_495' title='bbox 379 3349 444 3414; x_wconf 92' lang='lat' dir='ltr'><strong>nisi</strong></span> <span class='ocrx_word' id='word_1_496' title='bbox 469 3348 509 3414; x_wconf 79' lang='lat' dir='ltr'><strong>G.</strong></span> <span class='ocrx_word' id='word_1_497' title='bbox 534 3347 661 3413; x_wconf 75' lang='lat' dir='ltr'><strong>Feretro</strong></span> <span class='ocrx_word' id='word_1_498' title='bbox 686 3346 835 3413; x_wconf 72' lang='lat' dir='ltr'><strong>Genaua.</strong></span> <span class='ocrx_word' id='word_1_499' title='bbox 881 3345 991 3412; x_wconf 86' lang='lat' dir='ltr'><strong>Medis</strong></span> <span class='ocrx_word' id='word_1_500' title='bbox 1019 3345 1172 3411; x_wconf 91' lang='lat' dir='ltr'><strong>omnibus</strong></span> <span class='ocrx_word' id='word_1_501' title='bbox 1200 3347 1251 3411; x_wconf 92' lang='lat' dir='ltr'><strong>in·</strong></span> <span class='ocrx_word' id='word_1_502' title='bbox 1303 3348 1362 3411; x_wconf 89' lang='lat' dir='ltr'><strong>flat</strong></span> <span class='ocrx_word' id='word_1_503' title='bbox 1382 3346 1531 3412; x_wconf 83' lang='lat' dir='ltr'><strong>ferantur</strong></span> <span class='ocrx_word' id='word_1_504' title='bbox 1555 3347 1700 3412; x_wconf 84' lang='lat' dir='ltr'><strong>maximo</strong></span> <span class='ocrx_word' id='word_1_505' title='bbox 1721 3348 1868 3414; x_wconf 86' lang='lat' dir='ltr'><strong>omnium</strong></span> <span class='ocrx_word' id='word_1_506' title='bbox 1895 3345 2100 3414; x_wconf 85' lang='lat' dir='ltr'><strong>offendiculo.</strong></span> <span class='ocrx_word' id='word_1_507' title='bbox 2148 3349 2185 3417; x_wconf 84' lang='lat' dir='ltr'><strong>Si</strong></span> <span class='ocrx_word' id='word_1_508' title='bbox 2205 3346 2268 3432; x_wconf 81' lang='lat' dir='ltr'><strong>quis</strong></span> 
     </span>
    </p>
   </div>
   <div class='ocr_carea' id='block_1_8' title="bbox 271 3429 2372 3516">
    <p class='ocr_par' dir='ltr' id='par_1_10' title="bbox 271 3429 2372 3516">
     <span class='ocr_line' id='line_1_37' title="bbox 271 3429 2372 3516; baseline -0.004 -12"><span class='ocrx_word' id='word_1_509' title='bbox 271 3433 397 3504; x_wconf 80' lang='lat' dir='ltr'><strong>vidium</strong></span> <span class='ocrx_word' id='word_1_510' title='bbox 418 3434 582 3502; x_wconf 88' lang='lat' dir='ltr'><strong>declinare</strong></span> <span class='ocrx_word' id='word_1_511' title='bbox 599 3431 768 3512; x_wconf 88' lang='lat' dir='ltr'><strong>contendo,</strong></span> <span class='ocrx_word' id='word_1_512' title='bbox 791 3437 1005 3514; x_wconf 89' lang='lat' dir='ltr'><strong>acquantum</strong></span> <span class='ocrx_word' id='word_1_513' title='bbox 1024 3451 1157 3515; x_wconf 88' lang='lat' dir='ltr'><strong>possum</strong></span> <span class='ocrx_word' id='word_1_514' title='bbox 1175 3453 1252 3498; x_wconf 91' lang='lat' dir='ltr'><strong>cum</strong></span> <span class='ocrx_word' id='word_1_515' title='bbox 1303 3453 1359 3498; x_wconf 90' lang='lat' dir='ltr'><strong>eos</strong></span> <span class='ocrx_word' id='word_1_516' title='bbox 1381 3452 1448 3497; x_wconf 89' lang='lat' dir='ltr'><strong>non</strong></span> <span class='ocrx_word' id='word_1_517' title='bbox 1471 3440 1642 3516; x_wconf 87' lang='lat' dir='ltr'><strong>sequatur,</strong></span> <span class='ocrx_word' id='word_1_518' title='bbox 1672 3453 1733 3499; x_wconf 90' lang='lat' dir='ltr'><strong>nec</strong></span> <span class='ocrx_word' id='word_1_519' title='bbox 1756 3454 1810 3500; x_wconf 90' lang='lat' dir='ltr'><strong>eos</strong></span> <span class='ocrx_word' id='word_1_520' title='bbox 1831 3431 1960 3516; x_wconf 89' lang='lat' dir='ltr'><strong>probet,</strong></span> <span class='ocrx_word' id='word_1_521' title='bbox 1987 3434 2017 3499; x_wconf 90' lang='lat' dir='ltr'><strong>is</strong></span> <span class='ocrx_word' id='word_1_522' title='bbox 2039 3433 2216 3502; x_wconf 87' lang='lat' dir='ltr'><strong>damnatur</strong></span> <span class='ocrx_word' id='word_1_523' title='bbox 2234 3429 2269 3499; x_wconf 88' lang='lat' dir='ltr'><strong>ab</strong></span> <span class='ocrx_word' id='word_1_524' title='bbox 2371 3435 2372 3438; x_wconf 75' lang='grc'>’</span> 
     </span>
    </p>
   </div>
   <div class='ocr_carea' id='block_1_9' title="bbox 271 3515 2269 5062">
    <p class='ocr_par' dir='ltr' id='par_1_11' title="bbox 271 3515 2269 4890">
     <span class='ocr_line' id='line_1_38' title="bbox 272 3515 2268 3603; baseline -0.002 -15"><span class='ocrx_word' id='word_1_525' title='bbox 272 3519 408 3588; x_wconf 86' lang='lat' dir='ltr'><strong>Ohristo</strong></span> <span class='ocrx_word' id='word_1_526' title='bbox 430 3541 483 3586; x_wconf 89' lang='lat' dir='ltr'><strong>me</strong></span> <span class='ocrx_word' id='word_1_527' title='bbox 505 3518 659 3598; x_wconf 89' lang='lat' dir='ltr'><strong>subduco,</strong></span> <span class='ocrx_word' id='word_1_528' title='bbox 684 3525 718 3583; x_wconf 88' lang='lat' dir='ltr'><strong>et</strong></span> <span class='ocrx_word' id='word_1_529' title='bbox 737 3539 797 3602; x_wconf 93' lang='lat' dir='ltr'><strong>per</strong></span> <span class='ocrx_word' id='word_1_530' title='bbox 814 3515 895 3582; x_wconf 90' lang='lat' dir='ltr'><strong>alios</strong></span> <span class='ocrx_word' id='word_1_531' title='bbox 912 3517 1007 3599; x_wconf 91' lang='lat' dir='ltr'><strong>cupio</strong></span> <span class='ocrx_word' id='word_1_532' title='bbox 1025 3517 1098 3582; x_wconf 89' lang='lat' dir='ltr'><strong>fieri</strong></span> <span class='ocrx_word' id='word_1_533' title='bbox 1115 3519 1250 3602; x_wconf 86' lang='lat' dir='ltr'><strong>potiora,</strong></span> <span class='ocrx_word' id='word_1_534' title='bbox 1303 3517 1378 3584; x_wconf 88' lang='lat' dir='ltr'><strong>illis.</strong></span> <span class='ocrx_word' id='word_1_535' title='bbox 1422 3517 1473 3583; x_wconf 88' lang='lat' dir='ltr'><strong>Ne</strong></span> <span class='ocrx_word' id='word_1_536' title='bbox 1496 3518 1622 3598; x_wconf 89' lang='lat' dir='ltr'><strong>credas,</strong></span> <span class='ocrx_word' id='word_1_537' title='bbox 1650 3520 1697 3584; x_wconf 92' lang='lat' dir='ltr'><strong>mi</strong></span> <span class='ocrx_word' id='word_1_538' title='bbox 1721 3517 1901 3600; x_wconf 70' lang='lat' dir='ltr'><strong>Captiuis</strong></span> <span class='ocrx_word' id='word_1_539' title='bbox 1924 3519 2097 3603; x_wconf 89' lang='lat' dir='ltr'><strong>quialiter</strong></span> <span class='ocrx_word' id='word_1_540' title='bbox 2122 3521 2268 3588; x_wconf 90' lang='lat' dir='ltr'><strong>derebus</strong></span> 
     </span>
     <span class='ocr_line' id='line_1_39' title="bbox 271 3601 2269 3690; baseline -0.001 -18"><span class='ocrx_word' id='word_1_541' title='bbox 271 3616 310 3673; x_wconf 92' lang='lat' dir='ltr'><strong>ut</strong></span> <span class='ocrx_word' id='word_1_542' title='bbox 331 3615 366 3672; x_wconf 89' lang='lat' dir='ltr'><strong>et</strong></span> <span class='ocrx_word' id='word_1_543' title='bbox 387 3627 448 3690; x_wconf 89' lang='lat' dir='ltr'><strong>per</strong></span> <span class='ocrx_word' id='word_1_544' title='bbox 469 3606 534 3671; x_wconf 90' lang='lat' dir='ltr'><strong>Dei</strong></span> <span class='ocrx_word' id='word_1_545' title='bbox 556 3607 696 3689; x_wconf 85' lang='lat' dir='ltr'><strong>gratiam</strong></span> <span class='ocrx_word' id='word_1_546' title='bbox 718 3605 811 3669; x_wconf 87' lang='lat' dir='ltr'><strong>liunt</strong></span> <span class='ocrx_word' id='word_1_547' title='bbox 855 3603 899 3667; x_wconf 87' lang='lat' dir='ltr'><strong>ln</strong></span> <span class='ocrx_word' id='word_1_548' title='bbox 923 3601 1088 3668; x_wconf 71' lang='lat' dir='ltr'><strong>ilduinum</strong></span> <span class='ocrx_word' id='word_1_549' title='bbox 1109 3611 1143 3669; x_wconf 92' lang='lat' dir='ltr'><strong>et</strong></span> <span class='ocrx_word' id='word_1_550' title='bbox 1164 3603 1252 3670; x_wconf 82' lang='lat' dir='ltr'><strong>Vire-</strong></span> <span class='ocrx_word' id='word_1_551' title='bbox 1304 3604 1428 3689; x_wconf 80' lang='lat' dir='ltr'><strong>gallicis</strong></span> <span class='ocrx_word' id='word_1_552' title='bbox 1447 3603 1640 3670; x_wconf 90' lang='lat' dir='ltr'><strong>admonent:</strong></span> <span class='ocrx_word' id='word_1_553' title='bbox 1670 3626 1746 3671; x_wconf 89' lang='lat' dir='ltr'><strong>nam</strong></span> <span class='ocrx_word' id='word_1_554' title='bbox 1768 3605 1815 3670; x_wconf 88' lang='lat' dir='ltr'><strong>ita</strong></span> <span class='ocrx_word' id='word_1_555' title='bbox 1832 3625 1903 3670; x_wconf 89' lang='lat' dir='ltr'><strong>reru</strong></span> <span class='ocrx_word' id='word_1_556' title='bbox 1920 3606 2043 3672; x_wconf 89' lang='lat' dir='ltr'><strong>habere</strong></span> <span class='ocrx_word' id='word_1_557' title='bbox 2072 3607 2207 3674; x_wconf 88' lang='lat' dir='ltr'><strong>tandem</strong></span> <span class='ocrx_word' id='word_1_558' title='bbox 2227 3626 2269 3671; x_wconf 88' lang='lat' dir='ltr'><strong>re-</strong></span> 
     </span>
     <span class='ocr_line' id='line_1_40' title="bbox 271 3685 2269 3773; baseline -0.002 -14"><span class='ocrx_word' id='word_1_559' title='bbox 271 3685 337 3759; x_wconf 76' lang='lat' dir='ltr'><strong>teri</strong></span> <span class='ocrx_word' id='word_1_560' title='bbox 359 3693 556 3758; x_wconf 88' lang='lat' dir='ltr'><strong>reiioiuntur</strong></span> <span class='ocrx_word' id='word_1_561' title='bbox 577 3690 702 3768; x_wconf 89' lang='lat' dir='ltr'><strong>omnia,</strong></span> <span class='ocrx_word' id='word_1_562' title='bbox 732 3687 817 3772; x_wconf 90' lang='lat' dir='ltr'><strong>quod</strong></span> <span class='ocrx_word' id='word_1_563' title='bbox 845 3687 1048 3754; x_wconf 89' lang='lat' dir='ltr'><strong>commodius</strong></span> <span class='ocrx_word' id='word_1_564' title='bbox 1076 3696 1110 3754; x_wconf 93' lang='lat' dir='ltr'><strong>et</strong></span> <span class='ocrx_word' id='word_1_565' title='bbox 1136 3688 1252 3755; x_wconf 80' lang='lat' dir='ltr'><strong>dextre</strong></span> <span class='ocrx_word' id='word_1_566' title='bbox 1303 3691 1394 3756; x_wconf 86' lang='lat' dir='ltr'><strong>scies.</strong></span> <span class='ocrx_word' id='word_1_567' title='bbox 1444 3690 1513 3755; x_wconf 92' lang='lat' dir='ltr'><strong>Nos</strong></span> <span class='ocrx_word' id='word_1_568' title='bbox 1539 3693 1691 3757; x_wconf 85' lang='lat' dir='ltr'><strong>novimus</strong></span> <span class='ocrx_word' id='word_1_569' title='bbox 1712 3692 1812 3773; x_wconf 90' lang='lat' dir='ltr'><strong>probe</strong></span> <span class='ocrx_word' id='word_1_570' title='bbox 1834 3691 1882 3757; x_wconf 92' lang='lat' dir='ltr'><strong>ita</strong></span> <span class='ocrx_word' id='word_1_571' title='bbox 1909 3711 1993 3771; x_wconf 90' lang='lat' dir='ltr'><strong>esse,</strong></span> <span class='ocrx_word' id='word_1_572' title='bbox 2023 3713 2061 3758; x_wconf 89' lang='lat' dir='ltr'><strong>ao</strong></span> <span class='ocrx_word' id='word_1_573' title='bbox 2090 3713 2113 3757; x_wconf 91' lang='lat' dir='ltr'><strong>a</strong></span> <span class='ocrx_word' id='word_1_574' title='bbox 2139 3691 2269 3760; x_wconf 85' lang='lat' dir='ltr'><strong>cordatis</strong></span> 
     </span>
     <span class='ocr_line' id='line_1_41' title="bbox 272 3775 2269 3865; baseline 0 -21"><span class='ocrx_word' id='word_1_575' title='bbox 272 3778 379 3865; x_wconf 79' lang='lat' dir='ltr'><strong>magis</strong></span> <span class='ocrx_word' id='word_1_576' title='bbox 401 3781 493 3856; x_wconf 87' lang='lat' dir='ltr'><strong>fiant,</strong></span> <span class='ocrx_word' id='word_1_577' title='bbox 517 3785 550 3842; x_wconf 88' lang='lat' dir='ltr'><strong>et</strong></span> <span class='ocrx_word' id='word_1_578' title='bbox 572 3777 619 3842; x_wconf 91' lang='lat' dir='ltr'><strong>sic</strong></span> <span class='ocrx_word' id='word_1_579' title='bbox 636 3796 704 3841; x_wconf 92' lang='lat' dir='ltr'><strong>non</strong></span> <span class='ocrx_word' id='word_1_580' title='bbox 726 3783 794 3840; x_wconf 90' lang='lat' dir='ltr'><strong>tam</strong></span> <span class='ocrx_word' id='word_1_581' title='bbox 812 3775 874 3840; x_wconf 92' lang='lat' dir='ltr'><strong>sim</strong></span> <span class='ocrx_word' id='word_1_582' title='bbox 891 3775 1040 3840; x_wconf 89' lang='lat' dir='ltr'><strong>hostibus</strong></span> <span class='ocrx_word' id='word_1_583' title='bbox 1056 3775 1250 3856; x_wconf 83' lang='lat' dir='ltr'><strong>invidiosus,</strong></span> <span class='ocrx_word' id='word_1_584' title='bbox 1303 3776 1461 3841; x_wconf 85' lang='lat' dir='ltr'><strong>iratribus</strong></span> <span class='ocrx_word' id='word_1_585' title='bbox 1481 3783 1515 3840; x_wconf 90' lang='lat' dir='ltr'><strong>et</strong></span> <span class='ocrx_word' id='word_1_586' title='bbox 1536 3797 1577 3841; x_wconf 84' lang='lat' dir='ltr'><strong>ex</strong></span> <span class='ocrx_word' id='word_1_587' title='bbox 1595 3776 1704 3841; x_wconf 92' lang='lat' dir='ltr'><strong>animo</strong></span> <span class='ocrx_word' id='word_1_588' title='bbox 1716 3775 1887 3844; x_wconf 78' lang='lat' dir='ltr'><strong>Christum</strong></span> <span class='ocrx_word' id='word_1_589' title='bbox 1910 3777 2183 3862; x_wconf 78' lang='lat' dir='ltr'><strong>amplectentibus</strong></span> <span class='ocrx_word' id='word_1_590' title='bbox 2203 3797 2269 3848; x_wconf 86' lang='lat' dir='ltr'><strong>curu</strong></span> 
     </span>
     <span class='ocr_line' id='line_1_42' title="bbox 273 3861 2268 3949; baseline -0.002 -19"><span class='ocrx_word' id='word_1_591' title='bbox 273 3867 328 3948; x_wconf 93' lang='lat' dir='ltr'><strong>qui</strong></span> <span class='ocrx_word' id='word_1_592' title='bbox 351 3872 385 3930; x_wconf 88' lang='lat' dir='ltr'><strong>at</strong></span> <span class='ocrx_word' id='word_1_593' title='bbox 408 3865 481 3947; x_wconf 88' lang='lat' dir='ltr'><strong>pios</strong></span> <span class='ocrx_word' id='word_1_594' title='bbox 504 3863 628 3946; x_wconf 79' lang='lat' dir='ltr'><strong>aliquot</strong></span> <span class='ocrx_word' id='word_1_595' title='bbox 649 3863 767 3928; x_wconf 86' lang='lat' dir='ltr'><strong>iratres</strong></span> <span class='ocrx_word' id='word_1_596' title='bbox 787 3861 823 3925; x_wconf 93' lang='lat' dir='ltr'><strong>in</strong></span> <span class='ocrx_word' id='word_1_597' title='bbox 845 3881 939 3927; x_wconf 90' lang='lat' dir='ltr'><strong>suam</strong></span> <span class='ocrx_word' id='word_1_598' title='bbox 961 3861 1099 3925; x_wconf 86' lang='lat' dir='ltr'><strong>trahunt</strong></span> <span class='ocrx_word' id='word_1_599' title='bbox 1119 3871 1252 3926; x_wconf 88' lang='lat' dir='ltr'><strong>senten·</strong></span> <span class='ocrx_word' id='word_1_600' title='bbox 1304 3861 1429 3946; x_wconf 80' lang='lat' dir='ltr'><strong>gemitu</strong></span> <span class='ocrx_word' id='word_1_601' title='bbox 1450 3861 1690 3940; x_wconf 81' lang='lat' dir='ltr'><strong>intelleximus,</strong></span> <span class='ocrx_word' id='word_1_602' title='bbox 1720 3861 1828 3928; x_wconf 91' lang='lat' dir='ltr'><strong>nullos</strong></span> <span class='ocrx_word' id='word_1_603' title='bbox 1850 3865 1885 3928; x_wconf 93' lang='lat' dir='ltr'><strong>in</strong></span> <span class='ocrx_word' id='word_1_604' title='bbox 1908 3863 2027 3930; x_wconf 82' lang='lat' dir='ltr'><strong>Galliis</strong></span> <span class='ocrx_word' id='word_1_605' title='bbox 2050 3885 2124 3931; x_wconf 87' lang='lat' dir='ltr'><strong>esse</strong></span> <span class='ocrx_word' id='word_1_606' title='bbox 2145 3867 2199 3949; x_wconf 88' lang='lat' dir='ltr'><strong>qui</strong></span> <span class='ocrx_word' id='word_1_607' title='bbox 2221 3863 2268 3928; x_wconf 90' lang='lat' dir='ltr'><strong>de-</strong></span> 
     </span>
     <span class='ocr_line' id='line_1_43' title="bbox 273 3945 2269 4034; baseline -0.001 -20"><span class='ocrx_word' id='word_1_608' title='bbox 273 3951 370 4027; x_wconf 88' lang='lat' dir='ltr'><strong>tiam,</strong></span> <span class='ocrx_word' id='word_1_609' title='bbox 400 3949 563 4033; x_wconf 91' lang='lat' dir='ltr'><strong>siquidem</strong></span> <span class='ocrx_word' id='word_1_610' title='bbox 591 3945 746 4032; x_wconf 90' lang='lat' dir='ltr'><strong>quidquid</strong></span> <span class='ocrx_word' id='word_1_611' title='bbox 773 3953 824 4012; x_wconf 89' lang='lat' dir='ltr'><strong>est</strong></span> <span class='ocrx_word' id='word_1_612' title='bbox 851 3946 967 4024; x_wconf 89' lang='lat' dir='ltr'><strong>studii,</strong></span> <span class='ocrx_word' id='word_1_613' title='bbox 995 3967 1063 4011; x_wconf 92' lang='lat' dir='ltr'><strong>non</strong></span> <span class='ocrx_word' id='word_1_614' title='bbox 1089 3947 1123 4011; x_wconf 91' lang='lat' dir='ltr'><strong>in</strong></span> <span class='ocrx_word' id='word_1_615' title='bbox 1169 3947 1253 4012; x_wconf 88' lang='lat' dir='ltr'><strong>loria</strong></span> <span class='ocrx_word' id='word_1_616' title='bbox 1303 3947 1439 4012; x_wconf 87' lang='lat' dir='ltr'><strong>terioros</strong></span> <span class='ocrx_word' id='word_1_617' title='bbox 1460 3948 1535 4024; x_wconf 92' lang='lat' dir='ltr'><strong>sint,</strong></span> <span class='ocrx_word' id='word_1_618' title='bbox 1559 3955 1591 4013; x_wconf 89' lang='lat' dir='ltr'><strong>et</strong></span> <span class='ocrx_word' id='word_1_619' title='bbox 1610 3948 1726 4031; x_wconf 85' lang='lat' dir='ltr'><strong>pietati</strong></span> <span class='ocrx_word' id='word_1_620' title='bbox 1747 3949 1853 4034; x_wconf 82' lang='lat' dir='ltr'><strong>magis</strong></span> <span class='ocrx_word' id='word_1_621' title='bbox 1874 3949 1998 4028; x_wconf 88' lang='lat' dir='ltr'><strong>obsint,</strong></span> <span class='ocrx_word' id='word_1_622' title='bbox 2027 3970 2127 4033; x_wconf 90' lang='lat' dir='ltr'><strong>quam</strong></span> <span class='ocrx_word' id='word_1_623' title='bbox 2147 3947 2269 4033; x_wconf 89' lang='lat' dir='ltr'><strong>eosqui</strong></span> 
     </span>
     <span class='ocr_line' id='line_1_44' title="bbox 273 3969 2268 4115; baseline 0 -14"><span class='ocrx_word' id='word_1_624' title='bbox 273 4033 400 4105; x_wconf 84' lang='lat' dir='ltr'><strong>Ohristi</strong></span> <span class='ocrx_word' id='word_1_625' title='bbox 423 4032 614 4114; x_wconf 85' lang='lat' dir='ltr'><strong>exaltanda,</strong></span> <span class='ocrx_word' id='word_1_626' title='bbox 642 4032 700 4099; x_wconf 90' lang='lat' dir='ltr'><strong>sed</strong></span> <span class='ocrx_word' id='word_1_627' title='bbox 726 4033 763 4096; x_wconf 93' lang='lat' dir='ltr'><strong>in</strong></span> <span class='ocrx_word' id='word_1_628' title='bbox 789 4051 856 4098; x_wconf 92' lang='lat' dir='ltr'><strong>uno</strong></span> <span class='ocrx_word' id='word_1_629' title='bbox 879 4031 1058 4098; x_wconf 88' lang='lat' dir='ltr'><strong>vermiculo</strong></span> <span class='ocrx_word' id='word_1_630' title='bbox 1086 3969 1252 4115; x_wconf 70' lang='lat' dir='ltr'><strong>periendo</strong></span> <span class='ocrx_word' id='word_1_631' title='bbox 1304 4041 1480 4099; x_wconf 87' lang='lat' dir='ltr'><strong>censentur</strong></span> <span class='ocrx_word' id='word_1_632' title='bbox 1501 4041 1588 4099; x_wconf 90' lang='lat' dir='ltr'><strong>stare</strong></span> <span class='ocrx_word' id='word_1_633' title='bbox 1610 4035 1756 4112; x_wconf 85' lang='lat' dir='ltr'><strong>averbo,</strong></span> <span class='ocrx_word' id='word_1_634' title='bbox 1779 4043 1812 4100; x_wconf 90' lang='lat' dir='ltr'><strong>et</strong></span> <span class='ocrx_word' id='word_1_635' title='bbox 1832 4056 1899 4100; x_wconf 93' lang='lat' dir='ltr'><strong>non</strong></span> <span class='ocrx_word' id='word_1_636' title='bbox 1917 4035 2002 4100; x_wconf 91' lang='lat' dir='ltr'><strong>male</strong></span> <span class='ocrx_word' id='word_1_637' title='bbox 2020 4036 2132 4102; x_wconf 87' lang='lat' dir='ltr'><strong>affecti</strong></span> <span class='ocrx_word' id='word_1_638' title='bbox 2151 4035 2268 4104; x_wconf 88' lang='lat' dir='ltr'><strong>essein</strong></span> 
     </span>
     <span class='ocr_line' id='line_1_45' title="bbox 274 4117 2268 4206; baseline -0.003 -18"><span class='ocrx_word' id='word_1_639' title='bbox 274 4119 444 4188; x_wconf 88' lang='lat' dir='ltr'><strong>collocant.</strong></span> <span class='ocrx_word' id='word_1_640' title='bbox 478 4121 557 4186; x_wconf 89' lang='lat' dir='ltr'><strong>Ideo</strong></span> <span class='ocrx_word' id='word_1_641' title='bbox 578 4119 680 4186; x_wconf 85' lang='lat' dir='ltr'><strong>velim</strong></span> <span class='ocrx_word' id='word_1_642' title='bbox 701 4118 795 4184; x_wconf 90' lang='lat' dir='ltr'><strong>teob</strong></span> <span class='ocrx_word' id='word_1_643' title='bbox 817 4117 989 4184; x_wconf 81' lang='lat' dir='ltr'><strong>Christum</strong></span> <span class='ocrx_word' id='word_1_644' title='bbox 1012 4117 1252 4184; x_wconf 92' lang='lat' dir='ltr'><strong>etomnesob-</strong></span> <span class='ocrx_word' id='word_1_645' title='bbox 1303 4118 1521 4202; x_wconf 85' lang='lat' dir='ltr'><strong>evangelium,</strong></span> <span class='ocrx_word' id='word_1_646' title='bbox 1546 4119 1625 4184; x_wconf 91' lang='lat' dir='ltr'><strong>adeo</strong></span> <span class='ocrx_word' id='word_1_647' title='bbox 1647 4129 1685 4185; x_wconf 92' lang='lat' dir='ltr'><strong>ut</strong></span> <span class='ocrx_word' id='word_1_648' title='bbox 1706 4120 1823 4186; x_wconf 89' lang='lat' dir='ltr'><strong>horror</strong></span> <span class='ocrx_word' id='word_1_649' title='bbox 1840 4121 1885 4185; x_wconf 89' lang='lat' dir='ltr'><strong>sit</strong></span> <span class='ocrx_word' id='word_1_650' title='bbox 1905 4120 1959 4188; x_wconf 87' lang='lat' dir='ltr'><strong>vel</strong></span> <span class='ocrx_word' id='word_1_651' title='bbox 1981 4121 2094 4186; x_wconf 87' lang='lat' dir='ltr'><strong>audire</strong></span> <span class='ocrx_word' id='word_1_652' title='bbox 2113 4144 2198 4206; x_wconf 90' lang='lat' dir='ltr'><strong>quae</strong></span> <span class='ocrx_word' id='word_1_653' title='bbox 2253 4140 2268 4183; x_wconf 90' lang='lat' dir='ltr'><strong>r</strong></span> 
     </span>
     <span class='ocr_line' id='line_1_46' title="bbox 273 4141 2268 4290; baseline -0.001 -18"><span class='ocrx_word' id='word_1_654' title='bbox 273 4213 421 4284; x_wconf 90' lang='lat' dir='ltr'><strong>testatos,</strong></span> <span class='ocrx_word' id='word_1_655' title='bbox 443 4213 569 4271; x_wconf 88' lang='lat' dir='ltr'><strong>utnon</strong></span> <span class='ocrx_word' id='word_1_656' title='bbox 591 4205 687 4272; x_wconf 91' lang='lat' dir='ltr'><strong>aliter</strong></span> <span class='ocrx_word' id='word_1_657' title='bbox 708 4205 749 4269; x_wconf 92' lang='lat' dir='ltr'><strong>ad</strong></span> <span class='ocrx_word' id='word_1_658' title='bbox 770 4225 824 4270; x_wconf 90' lang='lat' dir='ltr'><strong>me</strong></span> <span class='ocrx_word' id='word_1_659' title='bbox 846 4203 995 4269; x_wconf 86' lang='lat' dir='ltr'><strong>scribatis</strong></span> <span class='ocrx_word' id='word_1_660' title='bbox 1016 4224 1114 4286; x_wconf 90' lang='lat' dir='ltr'><strong>quam</strong></span> <span class='ocrx_word' id='word_1_661' title='bbox 1137 4203 1179 4268; x_wconf 90' lang='lat' dir='ltr'><strong>ad</strong></span> <span class='ocrx_word' id='word_1_662' title='bbox 1200 4205 1252 4268; x_wconf 90' lang='lat' dir='ltr'><strong>ni·</strong></span> <span class='ocrx_word' id='word_1_663' title='bbox 1303 4204 1364 4270; x_wconf 88' lang='lat' dir='ltr'><strong>has</strong></span> <span class='ocrx_word' id='word_1_664' title='bbox 1386 4212 1530 4288; x_wconf 83' lang='lat' dir='ltr'><strong>aguntur</strong></span> <span class='ocrx_word' id='word_1_665' title='bbox 1547 4215 1669 4288; x_wconf 85' lang='lat' dir='ltr'><strong>pestes,</strong></span> <span class='ocrx_word' id='word_1_666' title='bbox 1700 4225 1781 4289; x_wconf 88' lang='lat' dir='ltr'><strong>quas</strong></span> <span class='ocrx_word' id='word_1_667' title='bbox 1809 4215 1889 4290; x_wconf 92' lang='lat' dir='ltr'><strong>puto</strong></span> <span class='ocrx_word' id='word_1_668' title='bbox 1916 4207 2061 4272; x_wconf 84' lang='lat' dir='ltr'><strong>severius</strong></span> <span class='ocrx_word' id='word_1_669' title='bbox 2083 4141 2268 4274; x_wconf 65' lang='lat' dir='ltr'><strong>corbolii</strong></span> 
     </span>
     <span class='ocr_line' id='line_1_47' title="bbox 274 4290 2268 4375; baseline 0.001 -17"><span class='ocrx_word' id='word_1_670' title='bbox 274 4291 336 4358; x_wconf 93' lang='lat' dir='ltr'><strong>hili</strong></span> <span class='ocrx_word' id='word_1_671' title='bbox 354 4312 491 4374; x_wconf 91' lang='lat' dir='ltr'><strong>prorsus</strong></span> <span class='ocrx_word' id='word_1_672' title='bbox 509 4290 686 4370; x_wconf 88' lang='lat' dir='ltr'><strong>hominem,</strong></span> <span class='ocrx_word' id='word_1_673' title='bbox 705 4298 743 4355; x_wconf 90' lang='lat' dir='ltr'><strong>ut</strong></span> <span class='ocrx_word' id='word_1_674' title='bbox 759 4311 837 4356; x_wconf 82' lang='lat' dir='ltr'><strong>vere</strong></span> <span class='ocrx_word' id='word_1_675' title='bbox 855 4309 938 4368; x_wconf 89' lang='lat' dir='ltr'><strong>sum,</strong></span> <span class='ocrx_word' id='word_1_676' title='bbox 957 4297 991 4354; x_wconf 91' lang='lat' dir='ltr'><strong>et</strong></span> <span class='ocrx_word' id='word_1_677' title='bbox 1008 4297 1121 4355; x_wconf 81' lang='lat' dir='ltr'><strong>severe</strong></span> <span class='ocrx_word' id='word_1_678' title='bbox 1139 4311 1251 4356; x_wconf 89' lang='lat' dir='ltr'><strong>eorum</strong></span> <span class='ocrx_word' id='word_1_679' title='bbox 1303 4291 1384 4355; x_wconf 93' lang='lat' dir='ltr'><strong>mini</strong></span> <span class='ocrx_word' id='word_1_680' title='bbox 1401 4291 1678 4375; x_wconf 84' lang='lat' dir='ltr'><strong>perstringendae.</strong></span> <span class='ocrx_word' id='word_1_681' title='bbox 1704 4291 1944 4358; x_wconf 89' lang='lat' dir='ltr'><strong>Infirmioribus</strong></span> <span class='ocrx_word' id='word_1_682' title='bbox 1956 4301 2066 4358; x_wconf 88' lang='lat' dir='ltr'><strong>errata</strong></span> <span class='ocrx_word' id='word_1_683' title='bbox 2083 4302 2163 4360; x_wconf 89' lang='lat' dir='ltr'><strong>sunt</strong></span> <span class='ocrx_word' id='word_1_684' title='bbox 2175 4294 2268 4358; x_wconf 80' lang='lat' dir='ltr'><strong>amice</strong></span> 
     </span>
     <span class='ocr_line' id='line_1_48' title="bbox 275 4371 2268 4460; baseline -0.001 -16"><span class='ocrx_word' id='word_1_685' title='bbox 275 4375 482 4444; x_wconf 89' lang='lat' dir='ltr'><strong>admoneatis</strong></span> <span class='ocrx_word' id='word_1_686' title='bbox 504 4397 642 4460; x_wconf 89' lang='lat' dir='ltr'><strong>quorum</strong></span> <span class='ocrx_word' id='word_1_687' title='bbox 664 4377 853 4460; x_wconf 89' lang='lat' dir='ltr'><strong>oportuerit.</strong></span> <span class='ocrx_word' id='word_1_688' title='bbox 889 4374 977 4442; x_wconf 80' lang='lat' dir='ltr'><strong>Sunt</strong></span> <span class='ocrx_word' id='word_1_689' title='bbox 994 4375 1082 4440; x_wconf 89' lang='lat' dir='ltr'><strong>enim</strong></span> <span class='ocrx_word' id='word_1_690' title='bbox 1098 4375 1250 4458; x_wconf 90' lang='lat' dir='ltr'><strong>plurima.</strong></span> <span class='ocrx_word' id='word_1_691' title='bbox 1303 4377 1344 4442; x_wconf 95' lang='lat' dir='ltr'><strong>ob</strong></span> <span class='ocrx_word' id='word_1_692' title='bbox 1362 4376 1472 4441; x_wconf 89' lang='lat' dir='ltr'><strong>oculos</strong></span> <span class='ocrx_word' id='word_1_693' title='bbox 1490 4376 1649 4459; x_wconf 89' lang='lat' dir='ltr'><strong>ponenda,</strong></span> <span class='ocrx_word' id='word_1_694' title='bbox 1673 4379 1720 4444; x_wconf 90' lang='lat' dir='ltr'><strong>sie</strong></span> <span class='ocrx_word' id='word_1_695' title='bbox 1737 4385 1846 4442; x_wconf 90' lang='lat' dir='ltr'><strong>tamen</strong></span> <span class='ocrx_word' id='word_1_696' title='bbox 1864 4371 1908 4442; x_wconf 82' lang='lat' dir='ltr'><strong>no&#39;</strong></span> <span class='ocrx_word' id='word_1_697' title='bbox 1925 4399 1960 4443; x_wconf 89' lang='lat' dir='ltr'><strong>se</strong></span> <span class='ocrx_word' id='word_1_698' title='bbox 1977 4378 2094 4444; x_wconf 86' lang='lat' dir='ltr'><strong>fallant</strong></span> <span class='ocrx_word' id='word_1_699' title='bbox 2111 4381 2149 4444; x_wconf 93' lang='lat' dir='ltr'><strong>in</strong></span> <span class='ocrx_word' id='word_1_700' title='bbox 2167 4397 2268 4446; x_wconf 90' lang='lat' dir='ltr'><strong>errore</strong></span> 
     </span>
     <span class='ocr_line' id='line_1_49' title="bbox 274 4460 2269 4547; baseline -0.002 -17"><span class='ocrx_word' id='word_1_701' title='bbox 274 4461 362 4530; x_wconf 90' lang='lat' dir='ltr'><strong>Belli</strong></span> <span class='ocrx_word' id='word_1_702' title='bbox 385 4470 532 4545; x_wconf 90' lang='lat' dir='ltr'><strong>tempore</strong></span> <span class='ocrx_word' id='word_1_703' title='bbox 559 4485 626 4528; x_wconf 93' lang='lat' dir='ltr'><strong>non</strong></span> <span class='ocrx_word' id='word_1_704' title='bbox 655 4464 701 4528; x_wconf 91' lang='lat' dir='ltr'><strong>sic</strong></span> <span class='ocrx_word' id='word_1_705' title='bbox 729 4460 936 4527; x_wconf 90' lang='lat' dir='ltr'><strong>insaniebant</strong></span> <span class='ocrx_word' id='word_1_706' title='bbox 963 4463 998 4524; x_wconf 91' lang='lat' dir='ltr'><strong>in</strong></span> <span class='ocrx_word' id='word_1_707' title='bbox 1024 4481 1077 4526; x_wconf 89' lang='lat' dir='ltr'><strong>me</strong></span> <span class='ocrx_word' id='word_1_708' title='bbox 1105 4471 1172 4524; x_wconf 88' lang='lat' dir='ltr'><strong>tem</strong></span> <span class='ocrx_word' id='word_1_709' title='bbox 1201 4465 1251 4525; x_wconf 93' lang='lat' dir='ltr'><strong>in·</strong></span> <span class='ocrx_word' id='word_1_710' title='bbox 1302 4461 1527 4545; x_wconf 86' lang='lat' dir='ltr'><strong>perdurantes,</strong></span> <span class='ocrx_word' id='word_1_711' title='bbox 1550 4483 1588 4528; x_wconf 88' lang='lat' dir='ltr'><strong>ac</strong></span> <span class='ocrx_word' id='word_1_712' title='bbox 1608 4469 1725 4546; x_wconf 91' lang='lat' dir='ltr'><strong>putent</strong></span> <span class='ocrx_word' id='word_1_713' title='bbox 1746 4485 1781 4529; x_wconf 91' lang='lat' dir='ltr'><strong>se</strong></span> <span class='ocrx_word' id='word_1_714' title='bbox 1802 4464 1986 4547; x_wconf 87' lang='lat' dir='ltr'><strong>inculpatos</strong></span> <span class='ocrx_word' id='word_1_715' title='bbox 2007 4463 2094 4547; x_wconf 92' lang='lat' dir='ltr'><strong>apud</strong></span> <span class='ocrx_word' id='word_1_716' title='bbox 2112 4465 2221 4532; x_wconf 91' lang='lat' dir='ltr'><strong>Deum</strong></span> <span class='ocrx_word' id='word_1_717' title='bbox 2241 4471 2269 4529; x_wconf 87' lang='lat' dir='ltr'><strong>et</strong></span> 
     </span>
     <span class='ocr_line' id='line_1_50' title="bbox 276 4545 2267 4636; baseline -0.001 -20"><span class='ocrx_word' id='word_1_718' title='bbox 276 4552 388 4636; x_wconf 81' lang='lat' dir='ltr'><strong>signes</strong></span> <span class='ocrx_word' id='word_1_719' title='bbox 412 4547 571 4632; x_wconf 81' lang='lat' dir='ltr'><strong>theologi:</strong></span> <span class='ocrx_word' id='word_1_720' title='bbox 601 4569 697 4614; x_wconf 89' lang='lat' dir='ltr'><strong>nemo</strong></span> <span class='ocrx_word' id='word_1_721' title='bbox 724 4547 856 4614; x_wconf 88' lang='lat' dir='ltr'><strong>iubebat</strong></span> <span class='ocrx_word' id='word_1_722' title='bbox 884 4557 922 4611; x_wconf 90' lang='lat' dir='ltr'><strong>ut</strong></span> <span class='ocrx_word' id='word_1_723' title='bbox 948 4545 1002 4612; x_wconf 90' lang='lat' dir='ltr'><strong>hic</strong></span> <span class='ocrx_word' id='word_1_724' title='bbox 1028 4567 1081 4611; x_wconf 93' lang='lat' dir='ltr'><strong>me</strong></span> <span class='ocrx_word' id='word_1_725' title='bbox 1108 4547 1252 4612; x_wconf 91' lang='lat' dir='ltr'><strong>contine-</strong></span> <span class='ocrx_word' id='word_1_726' title='bbox 1303 4547 1462 4613; x_wconf 88' lang='lat' dir='ltr'><strong>haereant</strong></span> <span class='ocrx_word' id='word_1_727' title='bbox 1483 4549 1518 4613; x_wconf 91' lang='lat' dir='ltr'><strong>in</strong></span> <span class='ocrx_word' id='word_1_728' title='bbox 1540 4548 1628 4614; x_wconf 89' lang='lat' dir='ltr'><strong>luto:</strong></span> <span class='ocrx_word' id='word_1_729' title='bbox 1657 4549 1714 4616; x_wconf 90' lang='lat' dir='ltr'><strong>sed</strong></span> <span class='ocrx_word' id='word_1_730' title='bbox 1735 4571 1769 4615; x_wconf 93' lang='lat' dir='ltr'><strong>se</strong></span> <span class='ocrx_word' id='word_1_731' title='bbox 1797 4571 1834 4615; x_wconf 91' lang='lat' dir='ltr'><strong>ae</strong></span> <span class='ocrx_word' id='word_1_732' title='bbox 1856 4569 1933 4614; x_wconf 87' lang='lat' dir='ltr'><strong>suos</strong></span> <span class='ocrx_word' id='word_1_733' title='bbox 1954 4550 2040 4616; x_wconf 89' lang='lat' dir='ltr'><strong>ritus</strong></span> <span class='ocrx_word' id='word_1_734' title='bbox 2062 4550 2267 4626; x_wconf 87' lang='lat' dir='ltr'><strong>detestentur,</strong></span> 
     </span>
     <span class='ocr_line' id='line_1_51' title="bbox 275 4632 2269 4716; baseline -0.002 -14"><span class='ocrx_word' id='word_1_735' title='bbox 275 4657 366 4716; x_wconf 89' lang='lat' dir='ltr'><strong>rem,</strong></span> <span class='ocrx_word' id='word_1_736' title='bbox 393 4653 459 4699; x_wconf 93' lang='lat' dir='ltr'><strong>non</strong></span> <span class='ocrx_word' id='word_1_737' title='bbox 490 4633 596 4700; x_wconf 88' lang='lat' dir='ltr'><strong>edicta</strong></span> <span class='ocrx_word' id='word_1_738' title='bbox 621 4635 655 4698; x_wconf 92' lang='lat' dir='ltr'><strong>in</strong></span> <span class='ocrx_word' id='word_1_739' title='bbox 684 4634 746 4700; x_wconf 92' lang='lat' dir='ltr'><strong>hoe</strong></span> <span class='ocrx_word' id='word_1_740' title='bbox 772 4632 962 4700; x_wconf 86' lang='lat' dir='ltr'><strong>evocabant.</strong></span> <span class='ocrx_word' id='word_1_741' title='bbox 1012 4632 1193 4710; x_wconf 82' lang='lat' dir='ltr'><strong>Existimo,</strong></span> <span class='ocrx_word' id='word_1_742' title='bbox 1223 4633 1252 4698; x_wconf 91' lang='lat' dir='ltr'><strong>si</strong></span> <span class='ocrx_word' id='word_1_743' title='bbox 1303 4641 1337 4698; x_wconf 89' lang='lat' dir='ltr'><strong>et</strong></span> <span class='ocrx_word' id='word_1_744' title='bbox 1357 4633 1464 4699; x_wconf 90' lang='lat' dir='ltr'><strong>modis</strong></span> <span class='ocrx_word' id='word_1_745' title='bbox 1491 4634 1642 4701; x_wconf 89' lang='lat' dir='ltr'><strong>omnibus</strong></span> <span class='ocrx_word' id='word_1_746' title='bbox 1664 4633 1863 4702; x_wconf 89' lang='lat' dir='ltr'><strong>contendant</strong></span> <span class='ocrx_word' id='word_1_747' title='bbox 1890 4637 1992 4701; x_wconf 88' lang='lat' dir='ltr'><strong>vitam</strong></span> <span class='ocrx_word' id='word_1_748' title='bbox 2020 4657 2143 4703; x_wconf 83' lang='lat' dir='ltr'><strong>novam</strong></span> <span class='ocrx_word' id='word_1_749' title='bbox 2166 4639 2269 4702; x_wconf 83' lang='lat' dir='ltr'><strong>vivere</strong></span> 
     </span>
     <span class='ocr_line' id='line_1_52' title="bbox 276 4718 2268 4807; baseline -0.002 -19"><span class='ocrx_word' id='word_1_750' title='bbox 276 4731 352 4788; x_wconf 86' lang='lat' dir='ltr'><strong>tuae</strong></span> <span class='ocrx_word' id='word_1_751' title='bbox 385 4721 501 4786; x_wconf 90' lang='lat' dir='ltr'><strong>literae</strong></span> <span class='ocrx_word' id='word_1_752' title='bbox 525 4739 593 4784; x_wconf 92' lang='lat' dir='ltr'><strong>non</strong></span> <span class='ocrx_word' id='word_1_753' title='bbox 621 4727 689 4784; x_wconf 89' lang='lat' dir='ltr'><strong>tam</strong></span> <span class='ocrx_word' id='word_1_754' title='bbox 715 4721 808 4804; x_wconf 82' lang='lat' dir='ltr'><strong>gravi</strong></span> <span class='ocrx_word' id='word_1_755' title='bbox 835 4718 930 4784; x_wconf 89' lang='lat' dir='ltr'><strong>titulo</strong></span> <span class='ocrx_word' id='word_1_756' title='bbox 963 4739 1017 4784; x_wconf 91' lang='lat' dir='ltr'><strong>me</strong></span> <span class='ocrx_word' id='word_1_757' title='bbox 1044 4719 1251 4802; x_wconf 88' lang='lat' dir='ltr'><strong>pressissent,</strong></span> <span class='ocrx_word' id='word_1_758' title='bbox 1303 4721 1411 4804; x_wconf 88' lang='lat' dir='ltr'><strong>priore</strong></span> <span class='ocrx_word' id='word_1_759' title='bbox 1434 4719 1554 4784; x_wconf 88' lang='lat' dir='ltr'><strong>relicta.</strong></span> <span class='ocrx_word' id='word_1_760' title='bbox 1600 4719 1739 4786; x_wconf 81' lang='lat' dir='ltr'><strong>Summa</strong></span> <span class='ocrx_word' id='word_1_761' title='bbox 1760 4722 1911 4788; x_wconf 87' lang='lat' dir='ltr'><strong>cautione</strong></span> <span class='ocrx_word' id='word_1_762' title='bbox 1939 4741 2019 4787; x_wconf 87' lang='lat' dir='ltr'><strong>sane</strong></span> <span class='ocrx_word' id='word_1_763' title='bbox 2046 4732 2097 4788; x_wconf 90' lang='lat' dir='ltr'><strong>est</strong></span> <span class='ocrx_word' id='word_1_764' title='bbox 2118 4743 2215 4807; x_wconf 89' lang='lat' dir='ltr'><strong>opus,</strong></span> <span class='ocrx_word' id='word_1_765' title='bbox 2240 4729 2268 4785; x_wconf 87' lang='lat' dir='ltr'><strong>et</strong></span> 
     </span>
     <span class='ocr_line' id='line_1_53' title="bbox 1303 4805 2267 4890; baseline 0 -20"><span class='ocrx_word' id='word_1_766' title='bbox 1303 4805 1440 4890; x_wconf 83' lang='lat' dir='ltr'><strong>perditis</strong></span> <span class='ocrx_word' id='word_1_767' title='bbox 1466 4805 1683 4872; x_wconf 89' lang='lat' dir='ltr'><strong>nebulonibus</strong></span> <span class='ocrx_word' id='word_1_768' title='bbox 1711 4805 1924 4887; x_wconf 85' lang='lat' dir='ltr'><strong>obviandum,</strong></span> <span class='ocrx_word' id='word_1_769' title='bbox 1952 4809 2008 4890; x_wconf 89' lang='lat' dir='ltr'><strong>qui</strong></span> <span class='ocrx_word' id='word_1_770' title='bbox 2035 4807 2146 4874; x_wconf 88' lang='lat' dir='ltr'><strong>rident</strong></span> <span class='ocrx_word' id='word_1_771' title='bbox 2167 4809 2267 4874; x_wconf 90' lang='lat' dir='ltr'><strong>Deum</strong></span> 
     </span>
    </p>

    <p class='ocr_par' dir='ltr' id='par_1_12' title="bbox 380 4890 2267 4980">
     <span class='ocr_line' id='line_1_54' title="bbox 380 4890 2267 4980; baseline -0.002 -20"><span class='ocrx_word' id='word_1_772' title='bbox 380 4907 410 4973; x_wconf 85' lang='lat'><strong>3)</strong></span> <span class='ocrx_word' id='word_1_773' title='bbox 431 4906 477 4980; x_wconf 72' lang='lat' dir='ltr'><strong>Dc</strong></span> <span class='ocrx_word' id='word_1_774' title='bbox 494 4907 538 4960; x_wconf 74' lang='lat' dir='ltr'><strong>aa</strong></span> <span class='ocrx_word' id='word_1_775' title='bbox 554 4905 749 4974; x_wconf 74' lang='lat' dir='ltr'><strong>Anabaptatis</strong></span> <span class='ocrx_word' id='word_1_776' title='bbox 770 4905 877 4976; x_wconf 64' lang='lat' dir='ltr'><strong>termas·</strong></span> <span class='ocrx_word' id='word_1_777' title='bbox 895 4905 995 4976; x_wconf 64' lang='lat' dir='ltr'><strong>sopor,</strong></span> <span class='ocrx_word' id='word_1_778' title='bbox 1018 4907 1080 4962; x_wconf 72' lang='lat' dir='ltr'><strong>hist.</strong></span> <span class='ocrx_word' id='word_1_779' title='bbox 1102 4905 1176 4976; x_wconf 77' lang='lat' dir='ltr'><strong>dep</strong></span> <span class='ocrx_word' id='word_1_780' title='bbox 1230 4907 1261 4962; x_wconf 74' lang='lat' dir='ltr'><strong>a·</strong></span> <span class='ocrx_word' id='word_1_781' title='bbox 1304 4900 1337 4957; x_wconf 88' lang='lat' dir='ltr'><strong>at</strong></span> <span class='ocrx_word' id='word_1_782' title='bbox 1357 4890 1516 4975; x_wconf 93' lang='lat' dir='ltr'><strong>quidquid</strong></span> <span class='ocrx_word' id='word_1_783' title='bbox 1538 4898 1589 4958; x_wconf 89' lang='lat' dir='ltr'><strong>est</strong></span> <span class='ocrx_word' id='word_1_784' title='bbox 1609 4893 1683 4972; x_wconf 93' lang='lat' dir='ltr'><strong>Dei,</strong></span> <span class='ocrx_word' id='word_1_785' title='bbox 1705 4913 1806 4975; x_wconf 91' lang='lat' dir='ltr'><strong>quum</strong></span> <span class='ocrx_word' id='word_1_786' title='bbox 1827 4894 1882 4959; x_wconf 88' lang='lat' dir='ltr'><strong>via</strong></span> <span class='ocrx_word' id='word_1_787' title='bbox 1903 4893 1969 4960; x_wconf 91' lang='lat' dir='ltr'><strong>illis</strong></span> <span class='ocrx_word' id='word_1_788' title='bbox 1989 4895 2106 4977; x_wconf 82' lang='lat' dir='ltr'><strong>pateat</strong></span> <span class='ocrx_word' id='word_1_789' title='bbox 2122 4893 2166 4960; x_wconf 87' lang='lat' dir='ltr'><strong>ad</strong></span> <span class='ocrx_word' id='word_1_790' title='bbox 2183 4894 2267 4959; x_wconf 89' lang='lat' dir='ltr'><strong>illus·</strong></span> 
     </span>
    </p>

    <p class='ocr_par' dir='ltr' id='par_1_13' title="bbox 277 4923 2267 5062">
     <span class='ocr_line' id='line_1_55' title="bbox 277 4923 2267 5062; baseline -0.002 -18"><span class='ocrx_word' id='word_1_791' title='bbox 277 4977 311 5032; x_wconf 70' lang='lat'><strong>‘³⁶</strong></span> <span class='ocrx_word' id='word_1_792' title='bbox 331 4977 436 5032; x_wconf 63' lang='lat' dir='ltr'><strong>Gmlvss</strong></span> <span class='ocrx_word' id='word_1_793' title='bbox 452 4992 481 5044; x_wconf 78' lang='lat' dir='ltr'><strong>r·</strong></span> <span class='ocrx_word' id='word_1_794' title='bbox 499 4975 541 5029; x_wconf 81' lang='lat'><strong>31.</strong></span> <span class='ocrx_word' id='word_1_795' title='bbox 580 4973 702 5043; x_wconf 70' lang='lat' dir='ltr'><strong>0⁰be</strong></span> <span class='ocrx_word' id='word_1_796' title='bbox 720 4975 782 5030; x_wconf 72' lang='lat' dir='ltr'><strong>tia.</strong></span> <span class='ocrx_word' id='word_1_797' title='bbox 800 4975 834 5028; x_wconf 74' lang='lat' dir='ltr'><strong>de</strong></span> <span class='ocrx_word' id='word_1_798' title='bbox 857 4971 955 5044; x_wconf 62' lang='lat' dir='ltr'><strong>l&#39;lolssss</strong></span> <span class='ocrx_word' id='word_1_799' title='bbox 973 4975 1006 5030; x_wconf 74' lang='lat' dir='ltr'><strong>de</strong></span> <span class='ocrx_word' id='word_1_800' title='bbox 1025 4975 1131 5031; x_wconf 63' lang='grc' dir='ltr'><strong>9Μο</strong></span> <span class='ocrx_word' id='word_1_801' title='bbox 1143 4923 1252 5046; x_wconf 36' lang='grc'><strong>119110·</strong></span> <span class='ocrx_word' id='word_1_802' title='bbox 1303 4977 1456 5042; x_wconf 83' lang='lat' dir='ltr'><strong>trandum</strong></span> <span class='ocrx_word' id='word_1_803' title='bbox 1484 4977 1610 5043; x_wconf 78' lang='lat' dir='ltr'><strong>Christi</strong></span> <span class='ocrx_word' id='word_1_804' title='bbox 1638 4979 1790 5062; x_wconf 80' lang='lat' dir='ltr'><strong>gloriam:</strong></span> <span class='ocrx_word' id='word_1_805' title='bbox 1820 4977 1949 5044; x_wconf 80' lang='lat' dir='ltr'><strong>tantum</strong></span> <span class='ocrx_word' id='word_1_806' title='bbox 1977 4981 2070 5046; x_wconf 89' lang='lat' dir='ltr'><strong>abest</strong></span> <span class='ocrx_word' id='word_1_807' title='bbox 2096 4987 2134 5046; x_wconf 93' lang='lat' dir='ltr'><strong>ut</strong></span> <span class='ocrx_word' id='word_1_808' title='bbox 2160 4983 2267 5048; x_wconf 84' lang='lat' dir='ltr'><strong>curent</strong></span> 
     </span>
    </p>
   </div>
   <div class='ocr_carea' id='block_1_10' title="bbox 278 5041 2266 5168">
    <p class='ocr_par' dir='ltr' id='par_1_14' title="bbox 278 5041 2266 5168">
     <span class='ocr_line' id='line_1_56' title="bbox 278 5041 2266 5168; baseline 0.001 -68"><span class='ocrx_word' id='word_1_809' title='bbox 278 5043 483 5114; x_wconf 78' lang='lat' dir='ltr'><strong>Kampccbuita,</strong></span> <span class='ocrx_word' id='word_1_810' title='bbox 503 5043 767 5112; x_wconf 77' lang='lat' dir='ltr'><strong>Goloie1.p.294.</strong></span> <span class='ocrx_word' id='word_1_811' title='bbox 806 5041 864 5111; x_wconf 74' lang='lat' dir='ltr'><strong>Qui</strong></span> <span class='ocrx_word' id='word_1_812' title='bbox 878 5050 968 5098; x_wconf 82' lang='lat' dir='ltr'><strong>tomen</strong></span> <span class='ocrx_word' id='word_1_813' title='bbox 985 5046 1017 5099; x_wconf 78' lang='lat' dir='ltr'><strong>t&#39;rr</strong></span> <span class='ocrx_word' id='word_1_814' title='bbox 1034 5045 1254 5168; x_wconf 42' lang='lat' dir='ltr'><strong>temtamina}</strong></span> <span class='ocrx_word' id='word_1_815' title='bbox 1304 5063 1390 5148; x_wconf 72' lang='lat' dir='ltr'><strong>quod</strong></span> <span class='ocrx_word' id='word_1_816' title='bbox 1421 5061 1518 5128; x_wconf 56' lang='lat' dir='ltr'><strong>datm.</strong></span> <span class='ocrx_word' id='word_1_817' title='bbox 1548 5060 1737 5148; x_wconf 61' lang='lat' dir='ltr'><strong>impendero</strong></span> <span class='ocrx_word' id='word_1_818' title='bbox 1770 5065 1842 5131; x_wconf 63' lang='lat' dir='ltr'><strong>Deo</strong></span> <span class='ocrx_word' id='word_1_819' title='bbox 1874 5073 1908 5131; x_wconf 58' lang='lat' dir='ltr'><strong>et</strong></span> <span class='ocrx_word' id='word_1_820' title='bbox 1937 5066 2095 5148; x_wconf 41' lang='lat' dir='ltr'><strong>proximo·</strong></span> <span class='ocrx_word' id='word_1_821' title='bbox 2150 5065 2266 5130; x_wconf 63' lang='lat' dir='ltr'>Verum</span> 
     </span>
    </p>
   </div>
   <div class='ocr_carea' id='block_1_11' title="bbox 277 5111 2266 5303">
    <p class='ocr_par' dir='ltr' id='par_1_15' title="bbox 277 5111 2266 5303">
     <span class='ocr_line' id='line_1_57' title="bbox 278 5111 2104 5182; baseline 0 -14"><span class='ocrx_word' id='word_1_822' title='bbox 278 5115 381 5168; x_wconf 75' lang='lat' dir='ltr'><strong>minam</strong></span> <span class='ocrx_word' id='word_1_823' title='bbox 405 5115 477 5168; x_wconf 73' lang='lat' dir='ltr'><strong>inter</strong></span> <span class='ocrx_word' id='word_1_824' title='bbox 500 5129 528 5168; x_wconf 78' lang='lat' dir='ltr'><strong>aa</strong></span> <span class='ocrx_word' id='word_1_825' title='bbox 552 5112 717 5180; x_wconf 78' lang='lat' dir='ltr'><strong>discrepant.</strong></span> <span class='ocrx_word' id='word_1_826' title='bbox 753 5111 902 5166; x_wconf 74' lang='lat' dir='ltr'><strong>Prceuree</strong></span> <span class='ocrx_word' id='word_1_827' title='bbox 924 5128 968 5180; x_wconf 80' lang='lat' dir='ltr'><strong>ap.</strong></span> <span class='ocrx_word' id='word_1_828' title='bbox 994 5113 1082 5182; x_wconf 77' lang='lat' dir='ltr'><strong>Ropct</strong></span> <span class='ocrx_word' id='word_1_829' title='bbox 1104 5129 1137 5168; x_wconf 80' lang='lat' dir='ltr'><strong>es</strong></span> <span class='ocrx_word' id='word_1_830' title='bbox 1161 5129 1239 5168; x_wconf 72' lang='lat' dir='ltr'><strong>mor</strong></span> <span class='ocrx_word' id='word_1_831' title='bbox 1349 5150 1355 5164; x_wconf 92' lang='lat'><strong>.</strong></span> <span class='ocrx_word' id='word_1_832' title='bbox 1470 5151 1477 5164; x_wconf 89' lang='lat'>.</span> <span class='ocrx_word' id='word_1_833' title='bbox 2098 5153 2104 5167; x_wconf 94' lang='lat'>.</span> 
     </span>
     <span class='ocr_line' id='line_1_58' title="bbox 277 5150 2266 5303; baseline 0.001 -66"><span class='ocrx_word' id='word_1_834' title='bbox 277 5181 430 5252; x_wconf 65' lang='lat' dir='ltr'><strong>repeilatur</strong></span> <span class='ocrx_word' id='word_1_835' title='bbox 446 5181 472 5236; x_wconf 86' lang='lat' dir='ltr'><strong>d.</strong></span> <span class='ocrx_word' id='word_1_836' title='bbox 490 5181 603 5238; x_wconf 54' lang='lat' dir='ltr'><strong>&amp;Mad</strong></span> <span class='ocrx_word' id='word_1_837' title='bbox 618 5187 741 5236; x_wconf 73' lang='lat' dir='ltr'><strong>amatam</strong></span> <span class='ocrx_word' id='word_1_838' title='bbox 758 5179 861 5234; x_wconf 77' lang='lat' dir='ltr'><strong>adiisse</strong></span> <span class='ocrx_word' id='word_1_839' title='bbox 876 5179 1014 5246; x_wconf 74' lang='lat' dir='ltr'><strong>dotantur,</strong></span> <span class='ocrx_word' id='word_1_840' title='bbox 1032 5197 1114 5303; x_wconf 61' lang='lat' dir='ltr'><strong>im</strong></span> <span class='ocrx_word' id='word_1_841' title='bbox 1131 5182 1162 5237; x_wconf 77' lang='lat' dir='ltr'><strong>id</strong></span> <span class='ocrx_word' id='word_1_842' title='bbox 1175 5182 1253 5238; x_wconf 85' lang='lat' dir='ltr'><strong>Mar·</strong></span> <span class='ocrx_word' id='word_1_843' title='bbox 1304 5169 1412 5214; x_wconf 74' lang='lat' dir='ltr'>⁹¹¹¹¹m⁰</span> <span class='ocrx_word' id='word_1_844' title='bbox 1435 5158 1534 5216; x_wconf 63' lang='grc'><strong>91111111</strong></span> <span class='ocrx_word' id='word_1_845' title='bbox 1556 5159 1760 5235; x_wconf 67' lang='grc' dir='ltr'><strong>19Ρ11ἕ1111111θ</strong></span> <span class='ocrx_word' id='word_1_846' title='bbox 1778 5171 1816 5218; x_wconf 68' lang='grc'><strong>1111</strong></span> <span class='ocrx_word' id='word_1_847' title='bbox 1838 5150 2266 5238; x_wconf 68' lang='grc'><strong>(1011(191111111111111911011110·</strong></span> 
     </span>
    </p>
   </div>
   <div class='ocr_carea' id='block_1_12' title="bbox 278 5235 2265 5322">
    <p class='ocr_par' dir='ltr' id='par_1_16' title="bbox 278 5235 2265 5322">
     <span class='ocr_line' id='line_1_59' title="bbox 278 5235 2265 5322; baseline -0.003 -16"><span class='ocrx_word' id='word_1_848' title='bbox 278 5253 318 5306; x_wconf 77' lang='lat' dir='ltr'><strong>cio</strong></span> <span class='ocrx_word' id='word_1_849' title='bbox 333 5251 438 5318; x_wconf 73' lang='lat' dir='ltr'><strong>fream</strong></span> <span class='ocrx_word' id='word_1_850' title='bbox 455 5251 499 5305; x_wconf 77' lang='lat' dir='ltr'><strong>rit.</strong></span> <span class='ocrx_word' id='word_1_851' title='bbox 540 5249 608 5306; x_wconf 76' lang='lat' dir='ltr'><strong>Vide</strong></span> <span class='ocrx_word' id='word_1_852' title='bbox 626 5248 694 5320; x_wconf 68' lang='lat' dir='ltr'><strong>Ber.</strong></span> <span class='ocrx_word' id='word_1_853' title='bbox 712 5247 751 5304; x_wconf 70' lang='lat' dir='ltr'><strong>aa</strong></span> <span class='ocrx_word' id='word_1_854' title='bbox 771 5247 878 5304; x_wconf 72' lang='lat' dir='ltr'><strong>eomer</strong></span> <span class='ocrx_word' id='word_1_855' title='bbox 895 5247 970 5314; x_wconf 79' lang='lat'><strong>1537,</strong></span> <span class='ocrx_word' id='word_1_856' title='bbox 985 5267 1014 5320; x_wconf 77' lang='lat' dir='ltr'><strong>p.</strong></span> <span class='ocrx_word' id='word_1_857' title='bbox 1049 5249 1091 5306; x_wconf 85' lang='grc'><strong>89.</strong></span> <span class='ocrx_word' id='word_1_858' title='bbox 1303 5236 1376 5318; x_wconf 91' lang='lat' dir='ltr'><strong>pria</strong></span> <span class='ocrx_word' id='word_1_859' title='bbox 1398 5235 1604 5317; x_wconf 90' lang='lat' dir='ltr'><strong>couscientia,</strong></span> <span class='ocrx_word' id='word_1_860' title='bbox 1626 5237 1770 5303; x_wconf 90' lang='lat' dir='ltr'><strong>rationes</strong></span> <span class='ocrx_word' id='word_1_861' title='bbox 1792 5237 1936 5304; x_wconf 88' lang='lat' dir='ltr'><strong>afferunt</strong></span> <span class='ocrx_word' id='word_1_862' title='bbox 1957 5257 2040 5321; x_wconf 90' lang='lat' dir='ltr'><strong>quae</strong></span> <span class='ocrx_word' id='word_1_863' title='bbox 2060 5245 2194 5322; x_wconf 91' lang='lat' dir='ltr'><strong>possent</strong></span> <span class='ocrx_word' id='word_1_864' title='bbox 2213 5253 2265 5321; x_wconf 90' lang='lat' dir='ltr'><strong>pro</strong></span> 
     </span>
    </p>
   </div>
   <div class='ocr_carea' id='block_1_13' title="bbox 0 0 2399 6004">
    <p class='ocr_par' dir='ltr' id='par_1_17' title="bbox 0 0 2399 6004">
     <span class='ocr_line' id='line_1_60' title="bbox 0 0 2399 6004; baseline 0 0"><span class='ocrx_word' id='word_1_865' title='bbox 0 0 2399 6004; x_wconf 95' lang='lat' dir='ltr'><strong> </strong></span> 
     </span>
    </p>
   </div>
  </div>
 </body>
</html>
