<?xml version="1.0" encoding="UTF-8"?>
<!DOCTYPE html PUBLIC "-//W3C//DTD XHTML 1.0 Transitional//EN"
    "http://www.w3.org/TR/xhtml1/DTD/xhtml1-transitional.dtd">
<html xmlns="http://www.w3.org/1999/xhtml" xml:lang="en" lang="en">
 <head>
  <title>
</title>
<meta http-equiv="Content-Type" content="text/html;charset=utf-8" />
  <meta name='ocr-system' content='tesseract 3.04.00' />
  <meta name='ocr-capabilities' content='ocr_page ocr_carea ocr_par ocr_line ocrx_word'/>
</head>
<body>
  <div class='ocr_page' id='page_1' title='image "./ioanniscalvinio05reusgoog_0057.png"; bbox 0 0 4846 6016; ppageno 0'>
   <div class='ocr_carea' id='block_1_1' title="bbox 270 367 1445 436">
    <p class='ocr_par' dir='ltr' id='par_1_1' title="bbox 270 367 1445 436">
     <span class='ocr_line' id='line_1_1' title="bbox 270 367 1445 436; baseline 0 -2"><span class='ocrx_word' id='word_1_1' title='bbox 270 371 312 434; x_wconf 81' lang='lat' dir='ltr'><strong>&#39;ll</strong></span> <span class='ocrx_word' id='word_1_2' title='bbox 1089 367 1445 436; x_wconf 79' lang='lat' dir='ltr'><strong>ORDONNANOES.</strong></span> 
     </span>
    </p>
   </div>
   <div class='ocr_carea' id='block_1_2' title="bbox 266 555 1244 710">
    <p class='ocr_par' dir='ltr' id='par_1_2' title="bbox 266 555 1244 710">
     <span class='ocr_line' id='line_1_2' title="bbox 266 555 1244 710; baseline 0 -86"><span class='ocrx_word' id='word_1_3' title='bbox 266 555 874 710; x_wconf 55' lang='grc' dir='ltr'><strong>000οἑ1ἰο0000100101010011000</strong></span> <span class='ocrx_word' id='word_1_4' title='bbox 907 556 998 624; x_wconf 88' lang='lat' dir='ltr'><strong>selon</strong></span> <span class='ocrx_word' id='word_1_5' title='bbox 1030 555 1148 624; x_wconf 87' lang='lat' dir='ltr'><strong>l’ordre</strong></span> <span class='ocrx_word' id='word_1_6' title='bbox 1180 577 1244 642; x_wconf 87' lang='lat' dir='ltr'><strong>qua</strong></span> 
     </span>
     <span class='ocr_line' id='line_1_3' title="bbox 270 663 498 710; baseline 0 0"><span class='ocrx_word' id='word_1_7' title='bbox 270 666 354 710; x_wconf 86' lang='lat' dir='ltr'><strong>nous</strong></span> <span class='ocrx_word' id='word_1_8' title='bbox 412 663 498 710; x_wconf 87' lang='lat' dir='ltr'><strong>rens.</strong></span> 
     </span>
    </p>
   </div>
   <div class='ocr_carea' id='block_1_3' title="bbox 268 811 2266 1658">
    <p class='ocr_par' dir='ltr' id='par_1_3' title="bbox 268 811 2266 1658">
     <span class='ocr_line' id='line_1_4' title="bbox 357 811 2265 898; baseline 0 -18"><span class='ocrx_word' id='word_1_9' title='bbox 357 811 465 898; x_wconf 77' lang='lat' dir='ltr'><strong>Qu’ils</strong></span> <span class='ocrx_word' id='word_1_10' title='bbox 486 814 692 880; x_wconf 87' lang='lat' dir='ltr'><strong>uourrissent</strong></span> <span class='ocrx_word' id='word_1_11' title='bbox 712 813 875 880; x_wconf 86' lang='lat' dir='ltr'><strong>cntr’eulx</strong></span> <span class='ocrx_word' id='word_1_12' title='bbox 900 813 1058 880; x_wconf 87' lang='lat' dir='ltr'><strong>concorde</strong></span> <span class='ocrx_word' id='word_1_13' title='bbox 1078 813 1244 893; x_wconf 91' lang='lat' dir='ltr'><strong>mutuclle,</strong></span> <span class='ocrx_word' id='word_1_14' title='bbox 1381 813 1474 879; x_wconf 88' lang='lat' dir='ltr'><strong>Inter</strong></span> <span class='ocrx_word' id='word_1_15' title='bbox 1502 836 1538 880; x_wconf 89' lang='grc'><strong>00</strong></span> <span class='ocrx_word' id='word_1_16' title='bbox 1560 821 1708 880; x_wconf 89' lang='lat' dir='ltr'><strong>mutuam</strong></span> <span class='ocrx_word' id='word_1_17' title='bbox 1728 835 1766 880; x_wconf 91' lang='lat' dir='ltr'><strong>ac</strong></span> <span class='ocrx_word' id='word_1_18' title='bbox 1794 835 1870 880; x_wconf 86' lang='lat' dir='ltr'><strong>vere</strong></span> <span class='ocrx_word' id='word_1_19' title='bbox 1894 814 2106 880; x_wconf 87' lang='lat' dir='ltr'><strong>christianam</strong></span> <span class='ocrx_word' id='word_1_20' title='bbox 2131 834 2265 881; x_wconf 89' lang='grc'><strong>000001-</strong></span> 
     </span>
     <span class='ocr_line' id='line_1_5' title="bbox 276 897 2265 986; baseline 0 -21"><span class='ocrx_word' id='word_1_21' title='bbox 276 908 312 966; x_wconf 87' lang='grc'><strong>01</strong></span> <span class='ocrx_word' id='word_1_22' title='bbox 333 907 528 986; x_wconf 78' lang='lat' dir='ltr'><strong>vrayemcnt</strong></span> <span class='ocrx_word' id='word_1_23' title='bbox 549 899 783 966; x_wconf 81' lang='lat' dir='ltr'><strong>Chrestienne:</strong></span> <span class='ocrx_word' id='word_1_24' title='bbox 812 907 847 966; x_wconf 87' lang='lat' dir='ltr'><strong>ct</strong></span> <span class='ocrx_word' id='word_1_25' title='bbox 867 899 961 983; x_wconf 88' lang='lat' dir='ltr'><strong>qu’an</strong></span> <span class='ocrx_word' id='word_1_26' title='bbox 990 898 1064 966; x_wconf 89' lang='lat' dir='ltr'><strong>leur</strong></span> <span class='ocrx_word' id='word_1_27' title='bbox 1089 899 1246 984; x_wconf 76' lang='grc'><strong>10000110</strong></span> <span class='ocrx_word' id='word_1_28' title='bbox 1297 899 1385 965; x_wconf 82' lang='lat' dir='ltr'><strong>‹liam</strong></span> <span class='ocrx_word' id='word_1_29' title='bbox 1407 900 1549 966; x_wconf 86' lang='lat' dir='ltr'><strong>favento.</strong></span> <span class='ocrx_word' id='word_1_30' title='bbox 1584 900 1649 966; x_wconf 84' lang='lat' dir='ltr'><strong>Alii</strong></span> <span class='ocrx_word' id='word_1_31' title='bbox 1672 900 1752 966; x_wconf 90' lang='lat' dir='ltr'><strong>alios</strong></span> <span class='ocrx_word' id='word_1_32' title='bbox 1769 901 1857 965; x_wconf 86' lang='grc'><strong>10101</strong></span> <span class='ocrx_word' id='word_1_33' title='bbox 1868 897 2048 966; x_wconf 88' lang='lat' dir='ltr'><strong>docendum</strong></span> <span class='ocrx_word' id='word_1_34' title='bbox 2060 899 2151 965; x_wconf 91' lang='lat' dir='ltr'><strong>nullo</strong></span> <span class='ocrx_word' id='word_1_35' title='bbox 2169 899 2265 966; x_wconf 91' lang='lat' dir='ltr'><strong>modo</strong></span> 
     </span>
     <span class='ocr_line' id='line_1_6' title="bbox 268 983 2265 1072; baseline -0.001 -20"><span class='ocrx_word' id='word_1_36' title='bbox 268 1006 314 1052; x_wconf 88' lang='grc'><strong>00</strong></span> <span class='ocrx_word' id='word_1_37' title='bbox 335 987 592 1070; x_wconf 87' lang='lat' dir='ltr'><strong>s’entrepiquent</strong></span> <span class='ocrx_word' id='word_1_38' title='bbox 613 1005 671 1068; x_wconf 92' lang='lat' dir='ltr'><strong>pas</strong></span> <span class='ocrx_word' id='word_1_39' title='bbox 692 985 741 1050; x_wconf 88' lang='lat' dir='ltr'><strong>les</strong></span> <span class='ocrx_word' id='word_1_40' title='bbox 761 984 884 1051; x_wconf 87' lang='lat' dir='ltr'><strong>unsles</strong></span> <span class='ocrx_word' id='word_1_41' title='bbox 901 991 1021 1051; x_wconf 85' lang='lat' dir='ltr'><strong>autres.</strong></span> <span class='ocrx_word' id='word_1_42' title='bbox 1055 985 1116 1053; x_wconf 83' lang='lat' dir='ltr'><strong>S&#39;il</strong></span> <span class='ocrx_word' id='word_1_43' title='bbox 1136 1007 1245 1072; x_wconf 81' lang='lat' dir='ltr'><strong>ysur·</strong></span> <span class='ocrx_word' id='word_1_44' title='bbox 1296 985 1489 1052; x_wconf 60' lang='lat' dir='ltr'><strong>lacessuntoss</strong></span> <span class='ocrx_word' id='word_1_45' title='bbox 1523 983 1560 1052; x_wconf 79' lang='lat' dir='ltr'><strong>si</strong></span> <span class='ocrx_word' id='word_1_46' title='bbox 1583 985 1659 1069; x_wconf 89' lang='lat' dir='ltr'><strong>quid</strong></span> <span class='ocrx_word' id='word_1_47' title='bbox 1681 985 1921 1053; x_wconf 88' lang='lat' dir='ltr'><strong>controversiae</strong></span> <span class='ocrx_word' id='word_1_48' title='bbox 1932 985 2090 1064; x_wconf 87' lang='lat' dir='ltr'><strong>inciderit,</strong></span> <span class='ocrx_word' id='word_1_49' title='bbox 2111 985 2153 1050; x_wconf 89' lang='lat' dir='ltr'><strong>ad</strong></span> <span class='ocrx_word' id='word_1_50' title='bbox 2170 985 2265 1052; x_wconf 89' lang='lat' dir='ltr'><strong>schc-</strong></span> 
     </span>
     <span class='ocr_line' id='line_1_7' title="bbox 269 1067 2265 1155; baseline 0.001 -19"><span class='ocrx_word' id='word_1_51' title='bbox 269 1071 384 1136; x_wconf 83' lang='lat' dir='ltr'><strong>vcnoit</strong></span> <span class='ocrx_word' id='word_1_52' title='bbox 405 1069 544 1155; x_wconf 87' lang='lat' dir='ltr'><strong>quelque</strong></span> <span class='ocrx_word' id='word_1_53' title='bbox 565 1067 726 1150; x_wconf 86' lang='lat' dir='ltr'><strong>different,</strong></span> <span class='ocrx_word' id='word_1_54' title='bbox 750 1071 847 1154; x_wconf 88' lang='lat' dir='ltr'><strong>qu’ils</strong></span> <span class='ocrx_word' id='word_1_55' title='bbox 868 1069 1089 1138; x_wconf 88' lang='lat' dir='ltr'><strong>s’addresseut</strong></span> <span class='ocrx_word' id='word_1_56' title='bbox 1106 1071 1245 1138; x_wconf 86' lang='lat' dir='ltr'><strong>auRec·</strong></span> <span class='ocrx_word' id='word_1_57' title='bbox 1295 1070 1347 1136; x_wconf 90' lang='grc'><strong>100</strong></span> <span class='ocrx_word' id='word_1_58' title='bbox 1368 1071 1544 1138; x_wconf 80' lang='lat' dir='ltr'>Rectorem</span> <span class='ocrx_word' id='word_1_59' title='bbox 1568 1076 1641 1152; x_wconf 78' lang='lat' dir='ltr'><strong>[pag.</strong></span> <span class='ocrx_word' id='word_1_60' title='bbox 1664 1077 1714 1152; x_wconf 81' lang='lat'><strong>12]</strong></span> <span class='ocrx_word' id='word_1_61' title='bbox 1733 1072 1906 1148; x_wconf 83' lang='lat' dir='ltr'><strong>reserante,</strong></span> <span class='ocrx_word' id='word_1_62' title='bbox 1934 1081 1968 1138; x_wconf 87' lang='lat' dir='ltr'><strong>et</strong></span> <span class='ocrx_word' id='word_1_63' title='bbox 1989 1071 2168 1140; x_wconf 89' lang='lat' dir='ltr'><strong>christiane</strong></span> <span class='ocrx_word' id='word_1_64' title='bbox 2189 1093 2265 1138; x_wconf 91' lang='lat' dir='ltr'><strong>cau·</strong></span> 
     </span>
     <span class='ocr_line' id='line_1_8' title="bbox 268 1155 2266 1242; baseline 0.001 -21"><span class='ocrx_word' id='word_1_65' title='bbox 268 1165 347 1222; x_wconf 90' lang='lat' dir='ltr'><strong>teur</strong></span> <span class='ocrx_word' id='word_1_66' title='bbox 367 1156 412 1222; x_wconf 88' lang='lat' dir='ltr'><strong>du</strong></span> <span class='ocrx_word' id='word_1_67' title='bbox 435 1155 583 1242; x_wconf 88' lang='lat' dir='ltr'><strong>Oollegc:</strong></span> <span class='ocrx_word' id='word_1_68' title='bbox 606 1165 640 1222; x_wconf 91' lang='grc'><strong>01</strong></span> <span class='ocrx_word' id='word_1_69' title='bbox 682 1155 1245 1224; x_wconf 74' lang='grc'><strong>0010110110100100010111001100-</strong></span> <span class='ocrx_word' id='word_1_70' title='bbox 1297 1177 1367 1222; x_wconf 89' lang='lat' dir='ltr'><strong>sam</strong></span> <span class='ocrx_word' id='word_1_71' title='bbox 1389 1179 1481 1222; x_wconf 90' lang='lat' dir='ltr'><strong>suam</strong></span> <span class='ocrx_word' id='word_1_72' title='bbox 1503 1166 1636 1242; x_wconf 88' lang='lat' dir='ltr'><strong>agunto.</strong></span> <span class='ocrx_word' id='word_1_73' title='bbox 1684 1157 1720 1224; x_wconf 89' lang='lat' dir='ltr'><strong>Is</strong></span> <span class='ocrx_word' id='word_1_74' title='bbox 1740 1157 1803 1223; x_wconf 90' lang='lat' dir='ltr'><strong>nisi</strong></span> <span class='ocrx_word' id='word_1_75' title='bbox 1825 1158 1935 1222; x_wconf 87' lang='lat' dir='ltr'><strong>statim</strong></span> <span class='ocrx_word' id='word_1_76' title='bbox 1958 1177 2153 1240; x_wconf 89' lang='lat' dir='ltr'><strong>componere</strong></span> <span class='ocrx_word' id='word_1_77' title='bbox 2175 1156 2266 1223; x_wconf 90' lang='lat' dir='ltr'><strong>litem</strong></span> 
     </span>
     <span class='ocr_line' id='line_1_9' title="bbox 269 1178 2266 1330; baseline 0 -22"><span class='ocrx_word' id='word_1_78' title='bbox 269 1253 405 1308; x_wconf 89' lang='lat' dir='ltr'><strong>nement</strong></span> <span class='ocrx_word' id='word_1_79' title='bbox 424 1241 498 1330; x_wconf 88' lang='lat' dir='ltr'><strong>leur</strong></span> <span class='ocrx_word' id='word_1_80' title='bbox 518 1263 623 1308; x_wconf 88' lang='lat' dir='ltr'><strong>cause.</strong></span> <span class='ocrx_word' id='word_1_81' title='bbox 661 1178 712 1308; x_wconf 80' lang='lat' dir='ltr'><strong>qSi</strong></span> <span class='ocrx_word' id='word_1_82' title='bbox 733 1241 765 1308; x_wconf 93' lang='grc'><strong>10</strong></span> <span class='ocrx_word' id='word_1_83' title='bbox 785 1241 930 1308; x_wconf 85' lang='lat' dir='ltr'><strong>Reateur</strong></span> <span class='ocrx_word' id='word_1_84' title='bbox 951 1263 993 1307; x_wconf 91' lang='grc'><strong>00</strong></span> <span class='ocrx_word' id='word_1_85' title='bbox 1015 1242 1065 1308; x_wconf 94' lang='grc'><strong>100</strong></span> <span class='ocrx_word' id='word_1_86' title='bbox 1086 1253 1167 1328; x_wconf 87' lang='lat' dir='ltr'><strong>peut</strong></span> <span class='ocrx_word' id='word_1_87' title='bbox 1187 1263 1206 1308; x_wconf 90' lang='lat' dir='ltr'><strong>a</strong></span> <span class='ocrx_word' id='word_1_88' title='bbox 1230 1279 1245 1292; x_wconf 94' lang='lat'><em>-</em></span> <span class='ocrx_word' id='word_1_89' title='bbox 1296 1243 1448 1326; x_wconf 88' lang='lat' dir='ltr'><strong>potuerit,</strong></span> <span class='ocrx_word' id='word_1_90' title='bbox 1470 1242 1512 1307; x_wconf 90' lang='lat' dir='ltr'><strong>ad</strong></span> <span class='ocrx_word' id='word_1_91' title='bbox 1533 1243 1758 1308; x_wconf 85' lang='lat' dir='ltr'><strong>ministrorum</strong></span> <span class='ocrx_word' id='word_1_92' title='bbox 1770 1243 1941 1328; x_wconf 87' lang='lat' dir='ltr'><strong>collegium</strong></span> <span class='ocrx_word' id='word_1_93' title='bbox 1954 1244 2081 1322; x_wconf 87' lang='lat' dir='ltr'><strong>referto,</strong></span> <span class='ocrx_word' id='word_1_94' title='bbox 2104 1243 2266 1326; x_wconf 83' lang='lat' dir='ltr'><strong>quisnam</strong></span> 
     </span>
     <span class='ocr_line' id='line_1_10' title="bbox 269 1264 1744 1414; baseline 0.001 -21"><span class='ocrx_word' id='word_1_95' title='bbox 269 1329 434 1414; x_wconf 87' lang='lat' dir='ltr'><strong>poinctcr,</strong></span> <span class='ocrx_word' id='word_1_96' title='bbox 463 1335 498 1392; x_wconf 92' lang='grc'><strong>01</strong></span> <span class='ocrx_word' id='word_1_97' title='bbox 523 1327 654 1412; x_wconf 81' lang='lat' dir='ltr'><strong>vuyder</strong></span> <span class='ocrx_word' id='word_1_98' title='bbox 680 1325 753 1394; x_wconf 91' lang='lat' dir='ltr'><strong>leur</strong></span> <span class='ocrx_word' id='word_1_99' title='bbox 780 1327 924 1411; x_wconf 81' lang='lat' dir='ltr'><strong>querele,</strong></span> <span class='ocrx_word' id='word_1_100' title='bbox 953 1327 1032 1410; x_wconf 87' lang='lat' dir='ltr'><strong>qu&#39;il</strong></span> <span class='ocrx_word' id='word_1_101' title='bbox 1060 1264 1245 1396; x_wconf 79' lang='grc'><strong>00100010</strong></span> <span class='ocrx_word' id='word_1_102' title='bbox 1296 1329 1503 1394; x_wconf 80' lang='lat' dir='ltr'><strong>autoritatem</strong></span> <span class='ocrx_word' id='word_1_103' title='bbox 1525 1329 1744 1412; x_wconf 86' lang='lat' dir='ltr'><strong>interponant.</strong></span> 
     </span>
     <span class='ocr_line' id='line_1_11' title="bbox 268 1411 1245 1498; baseline -0.002 -18"><span class='ocrx_word' id='word_1_104' title='bbox 268 1423 404 1498; x_wconf 87' lang='lat' dir='ltr'><strong>rapport</strong></span> <span class='ocrx_word' id='word_1_105' title='bbox 425 1434 445 1478; x_wconf 89' lang='lat' dir='ltr'><strong>a</strong></span> <span class='ocrx_word' id='word_1_106' title='bbox 465 1413 499 1478; x_wconf 90' lang='lat' dir='ltr'><strong>la</strong></span> <span class='ocrx_word' id='word_1_107' title='bbox 520 1415 712 1498; x_wconf 85' lang='lat' dir='ltr'><strong>campagnia</strong></span> <span class='ocrx_word' id='word_1_108' title='bbox 735 1413 792 1480; x_wconf 88' lang='lat' dir='ltr'><strong>des</strong></span> <span class='ocrx_word' id='word_1_109' title='bbox 813 1413 985 1480; x_wconf 86' lang='lat' dir='ltr'><strong>Ministrcs</strong></span> <span class='ocrx_word' id='word_1_110' title='bbox 1006 1411 1047 1478; x_wconf 87' lang='lat' dir='ltr'><strong>de</strong></span> <span class='ocrx_word' id='word_1_111' title='bbox 1067 1413 1101 1480; x_wconf 90' lang='lat' dir='ltr'><strong>la</strong></span> <span class='ocrx_word' id='word_1_112' title='bbox 1121 1413 1245 1498; x_wconf 87' lang='lat' dir='ltr'><strong>parcllc</strong></span> 
     </span>
     <span class='ocr_line' id='line_1_12' title="bbox 268 1497 1244 1648; baseline 0 -84"><span class='ocrx_word' id='word_1_113' title='bbox 268 1499 311 1648; x_wconf 59' lang='lat' dir='ltr'><strong>ge</strong></span> <span class='ocrx_word' id='word_1_114' title='bbox 332 1500 437 1579; x_wconf 90' lang='lat' dir='ltr'><strong>Dieu,</strong></span> <span class='ocrx_word' id='word_1_115' title='bbox 465 1519 486 1564; x_wconf 88' lang='grc'><strong>0</strong></span> <span class='ocrx_word' id='word_1_116' title='bbox 507 1500 553 1566; x_wconf 86' lang='lat' dir='ltr'><strong>fin</strong></span> <span class='ocrx_word' id='word_1_117' title='bbox 582 1519 644 1582; x_wconf 87' lang='lat' dir='ltr'><strong>que</strong></span> <span class='ocrx_word' id='word_1_118' title='bbox 666 1521 728 1582; x_wconf 91' lang='lat' dir='ltr'><strong>par</strong></span> <span class='ocrx_word' id='word_1_119' title='bbox 748 1499 822 1565; x_wconf 89' lang='lat' dir='ltr'><strong>leur</strong></span> <span class='ocrx_word' id='word_1_120' title='bbox 850 1498 1015 1564; x_wconf 75' lang='lat' dir='ltr'><strong>autharith</strong></span> <span class='ocrx_word' id='word_1_121' title='bbox 1032 1497 1073 1566; x_wconf 91' lang='lat' dir='ltr'><strong>ils</strong></span> <span class='ocrx_word' id='word_1_122' title='bbox 1095 1522 1118 1586; x_wconf 80' lang='lat' dir='ltr'>y</span> <span class='ocrx_word' id='word_1_123' title='bbox 1139 1520 1244 1566; x_wconf 87' lang='lat' dir='ltr'><strong>reme·</strong></span> 
     </span>
     <span class='ocr_line' id='line_1_13' title="bbox 292 1584 904 1658; baseline 0 -8"><span class='ocrx_word' id='word_1_124' title='bbox 292 1584 371 1658; x_wconf 87' lang='lat' dir='ltr'><strong>ient.</strong></span> <span class='ocrx_word' id='word_1_125' title='bbox 901 1597 904 1602; x_wconf 83' lang='lat'>&#39;</span> 
     </span>
    </p>
   </div>
   <div class='ocr_carea' id='block_1_4' title="bbox 497 1804 1953 1864">
    <p class='ocr_par' dir='ltr' id='par_1_4' title="bbox 497 1804 1953 1864">
     <span class='ocr_line' id='line_1_14' title="bbox 497 1804 1953 1864; baseline 0 -2"><span class='ocrx_word' id='word_1_126' title='bbox 497 1806 547 1862; x_wconf 82' lang='lat' dir='ltr'><strong>DU</strong></span> <span class='ocrx_word' id='word_1_127' title='bbox 564 1804 759 1861; x_wconf 79' lang='lat' dir='ltr'><strong>PRINCIPAL</strong></span> <span class='ocrx_word' id='word_1_128' title='bbox 775 1806 825 1862; x_wconf 84' lang='lat' dir='ltr'><strong>DU</strong></span> <span class='ocrx_word' id='word_1_129' title='bbox 842 1805 1017 1861; x_wconf 75' lang='lat' dir='ltr'><strong>COLLEGE.</strong></span> <span class='ocrx_word' id='word_1_130' title='bbox 1605 1807 1953 1864; x_wconf 73' lang='grc'><strong>00100100010100.</strong></span> 
     </span>
    </p>
   </div>
   <div class='ocr_carea' id='block_1_5' title="bbox 220 1923 2265 2526">
    <p class='ocr_par' dir='ltr' id='par_1_5' title="bbox 220 1923 2265 2441">
     <span class='ocr_line' id='line_1_15' title="bbox 220 1923 2264 2012; baseline 0.001 -22"><span class='ocrx_word' id='word_1_131' title='bbox 220 1996 224 2005; x_wconf 60' lang='grc'><strong>,</strong></span> <span class='ocrx_word' id='word_1_132' title='bbox 356 1923 431 2006; x_wconf 80' lang='lat' dir='ltr'><strong>Quo</strong></span> <span class='ocrx_word' id='word_1_133' title='bbox 456 1925 487 1990; x_wconf 90' lang='lat' dir='ltr'><strong>le</strong></span> <span class='ocrx_word' id='word_1_134' title='bbox 508 1925 678 2010; x_wconf 88' lang='lat' dir='ltr'><strong>Principal</strong></span> <span class='ocrx_word' id='word_1_135' title='bbox 704 1926 768 1993; x_wconf 90' lang='lat' dir='ltr'><strong>soit</strong></span> <span class='ocrx_word' id='word_1_136' title='bbox 795 1924 885 1996; x_wconf 88' lang='grc'><strong>00100</strong></span> <span class='ocrx_word' id='word_1_137' title='bbox 913 1927 1137 1992; x_wconf 84' lang='grc'><strong>0100010000</strong></span> <span class='ocrx_word' id='word_1_138' title='bbox 1164 1927 1243 1994; x_wconf 86' lang='grc'><strong>010</strong></span> <span class='ocrx_word' id='word_1_139' title='bbox 1381 1926 1628 2012; x_wconf 86' lang='lat' dir='ltr'><strong>Ludimugister</strong></span> <span class='ocrx_word' id='word_1_140' title='bbox 1654 1928 1770 1994; x_wconf 87' lang='grc'><strong>110011</strong></span> <span class='ocrx_word' id='word_1_141' title='bbox 1793 1927 1936 1994; x_wconf 84' lang='lat' dir='ltr'><strong>diximus</strong></span> <span class='ocrx_word' id='word_1_142' title='bbox 1968 1926 2100 2012; x_wconf 79' lang='lat' dir='ltr'><strong>eligitur</strong></span> <span class='ocrx_word' id='word_1_143' title='bbox 2130 1947 2168 1993; x_wconf 89' lang='lat' dir='ltr'><strong>ac</strong></span> <span class='ocrx_word' id='word_1_144' title='bbox 2189 1947 2264 1992; x_wconf 90' lang='lat' dir='ltr'><strong>con-</strong></span> 
     </span>
     <span class='ocr_line' id='line_1_16' title="bbox 269 2009 2265 2098; baseline 0 -19"><span class='ocrx_word' id='word_1_145' title='bbox 269 2031 393 2079; x_wconf 85' lang='lat' dir='ltr'><strong>masma</strong></span> <span class='ocrx_word' id='word_1_146' title='bbox 421 2009 523 2077; x_wconf 81' lang='lat' dir='ltr'><strong>forme</strong></span> <span class='ocrx_word' id='word_1_147' title='bbox 552 2032 615 2095; x_wconf 87' lang='lat' dir='ltr'><strong>que</strong></span> <span class='ocrx_word' id='word_1_148' title='bbox 649 2011 716 2078; x_wconf 91' lang='lat' dir='ltr'><strong>dict</strong></span> <span class='ocrx_word' id='word_1_149' title='bbox 743 2033 764 2077; x_wconf 92' lang='lat' dir='ltr'><strong>a</strong></span> <span class='ocrx_word' id='word_1_150' title='bbox 791 2019 876 2089; x_wconf 80' lang='lat' dir='ltr'><strong>este,</strong></span> <span class='ocrx_word' id='word_1_151' title='bbox 911 2012 1042 2088; x_wconf 85' lang='lat' dir='ltr'><strong>homme</strong></span> <span class='ocrx_word' id='word_1_152' title='bbox 1071 2013 1244 2098; x_wconf 83' lang='lat' dir='ltr'><strong>craignant</strong></span> <span class='ocrx_word' id='word_1_153' title='bbox 1296 2009 1461 2092; x_wconf 87' lang='lat' dir='ltr'><strong>firmator,</strong></span> <span class='ocrx_word' id='word_1_154' title='bbox 1500 2014 1631 2097; x_wconf 89' lang='lat' dir='ltr'><strong>pietatis</strong></span> <span class='ocrx_word' id='word_1_155' title='bbox 1663 2023 1852 2098; x_wconf 77' lang='lat' dir='ltr'><strong>perspectae</strong></span> <span class='ocrx_word' id='word_1_156' title='bbox 1884 2023 1919 2079; x_wconf 92' lang='lat' dir='ltr'><strong>et</strong></span> <span class='ocrx_word' id='word_1_157' title='bbox 1949 2011 2117 2080; x_wconf 87' lang='lat' dir='ltr'><strong>doctrinae</strong></span> <span class='ocrx_word' id='word_1_158' title='bbox 2148 2012 2265 2079; x_wconf 87' lang='lat' dir='ltr'><strong>saltem</strong></span> 
     </span>
     <span class='ocr_line' id='line_1_17' title="bbox 268 2093 2265 2183; baseline 0.002 -23"><span class='ocrx_word' id='word_1_159' title='bbox 268 2093 369 2175; x_wconf 86' lang='lat' dir='ltr'><strong>Dieu,</strong></span> <span class='ocrx_word' id='word_1_160' title='bbox 391 2103 424 2162; x_wconf 90' lang='lat' dir='ltr'><strong>et</strong></span> <span class='ocrx_word' id='word_1_161' title='bbox 442 2117 524 2180; x_wconf 90' lang='lat' dir='ltr'><strong>pour</strong></span> <span class='ocrx_word' id='word_1_162' title='bbox 544 2095 576 2162; x_wconf 92' lang='lat' dir='ltr'><strong>le</strong></span> <span class='ocrx_word' id='word_1_163' title='bbox 597 2098 703 2164; x_wconf 85' lang='lat' dir='ltr'><strong>moine</strong></span> <span class='ocrx_word' id='word_1_164' title='bbox 725 2095 765 2162; x_wconf 90' lang='lat' dir='ltr'><strong>de</strong></span> <span class='ocrx_word' id='word_1_165' title='bbox 781 2118 901 2182; x_wconf 83' lang='lat' dir='ltr'><strong>moyen</strong></span> <span class='ocrx_word' id='word_1_166' title='bbox 921 2097 1064 2164; x_wconf 85' lang='lat' dir='ltr'><strong>scavoir:</strong></span> <span class='ocrx_word' id='word_1_167' title='bbox 1087 2120 1144 2164; x_wconf 93' lang='lat' dir='ltr'><strong>sur</strong></span> <span class='ocrx_word' id='word_1_168' title='bbox 1161 2108 1242 2179; x_wconf 92' lang='lat' dir='ltr'><strong>tout,</strong></span> <span class='ocrx_word' id='word_1_169' title='bbox 1295 2097 1477 2178; x_wconf 89' lang='lat' dir='ltr'><strong>mediocris,</strong></span> <span class='ocrx_word' id='word_1_170' title='bbox 1504 2121 1542 2166; x_wconf 90' lang='lat' dir='ltr'><strong>ac</strong></span> <span class='ocrx_word' id='word_1_171' title='bbox 1563 2099 1695 2183; x_wconf 88' lang='lat' dir='ltr'><strong>quidem</strong></span> <span class='ocrx_word' id='word_1_172' title='bbox 1716 2101 1750 2164; x_wconf 92' lang='lat' dir='ltr'><strong>in</strong></span> <span class='ocrx_word' id='word_1_173' title='bbox 1773 2100 1887 2183; x_wconf 87' lang='lat' dir='ltr'><strong>primis</strong></span> <span class='ocrx_word' id='word_1_174' title='bbox 1909 2107 2030 2164; x_wconf 88' lang='lat' dir='ltr'><strong>natura</strong></span> <span class='ocrx_word' id='word_1_175' title='bbox 2050 2099 2117 2164; x_wconf 92' lang='lat' dir='ltr'><strong>leni</strong></span> <span class='ocrx_word' id='word_1_176' title='bbox 2138 2097 2265 2182; x_wconf 89' lang='lat' dir='ltr'><strong>praedi·</strong></span> 
     </span>
     <span class='ocr_line' id='line_1_18' title="bbox 270 2180 2265 2269; baseline 0.001 -21"><span class='ocrx_word' id='word_1_177' title='bbox 270 2181 350 2248; x_wconf 86' lang='lat' dir='ltr'><strong>d&#39;un</strong></span> <span class='ocrx_word' id='word_1_178' title='bbox 371 2181 474 2265; x_wconf 89' lang='lat' dir='ltr'><strong>esprit</strong></span> <span class='ocrx_word' id='word_1_179' title='bbox 494 2180 702 2261; x_wconf 86' lang='lat' dir='ltr'><strong>dabonuaire,</strong></span> <span class='ocrx_word' id='word_1_180' title='bbox 724 2190 759 2248; x_wconf 89' lang='lat' dir='ltr'><strong>et</strong></span> <span class='ocrx_word' id='word_1_181' title='bbox 779 2205 844 2248; x_wconf 91' lang='lat' dir='ltr'><strong>non</strong></span> <span class='ocrx_word' id='word_1_182' title='bbox 865 2183 958 2266; x_wconf 90' lang='lat' dir='ltr'><strong>point</strong></span> <span class='ocrx_word' id='word_1_183' title='bbox 980 2183 1020 2248; x_wconf 91' lang='lat' dir='ltr'><strong>de</strong></span> <span class='ocrx_word' id='word_1_184' title='bbox 1037 2185 1244 2268; x_wconf 85' lang='lat' dir='ltr'><strong>complexiou</strong></span> <span class='ocrx_word' id='word_1_185' title='bbox 1296 2194 1359 2260; x_wconf 85' lang='grc'><strong>100,</strong></span> <span class='ocrx_word' id='word_1_186' title='bbox 1383 2193 1417 2249; x_wconf 90' lang='grc'><strong>01</strong></span> <span class='ocrx_word' id='word_1_187' title='bbox 1438 2184 1573 2250; x_wconf 87' lang='lat' dir='ltr'><strong>minime</strong></span> <span class='ocrx_word' id='word_1_188' title='bbox 1600 2185 1724 2269; x_wconf 87' lang='lat' dir='ltr'><strong>asperis</strong></span> <span class='ocrx_word' id='word_1_189' title='bbox 1751 2187 1912 2264; x_wconf 88' lang='lat' dir='ltr'><strong>moribus,</strong></span> <span class='ocrx_word' id='word_1_190' title='bbox 1942 2193 1980 2250; x_wconf 92' lang='lat' dir='ltr'><strong>ut</strong></span> <span class='ocrx_word' id='word_1_191' title='bbox 2000 2185 2151 2250; x_wconf 90' lang='lat' dir='ltr'><strong>omnibus</strong></span> <span class='ocrx_word' id='word_1_192' title='bbox 2172 2183 2265 2251; x_wconf 89' lang='lat' dir='ltr'><strong>scho-</strong></span> 
     </span>
     <span class='ocr_line' id='line_1_19' title="bbox 269 2267 2264 2355; baseline 0.002 -23"><span class='ocrx_word' id='word_1_193' title='bbox 269 2267 367 2347; x_wconf 86' lang='lat' dir='ltr'><strong>rude,</strong></span> <span class='ocrx_word' id='word_1_194' title='bbox 405 2268 441 2332; x_wconf 93' lang='lat' dir='ltr'><strong>ni</strong></span> <span class='ocrx_word' id='word_1_195' title='bbox 480 2287 594 2352; x_wconf 89' lang='lat' dir='ltr'><strong>aspre:</strong></span> <span class='ocrx_word' id='word_1_196' title='bbox 624 2289 644 2332; x_wconf 89' lang='lat' dir='ltr'><strong>a</strong></span> <span class='ocrx_word' id='word_1_197' title='bbox 675 2269 722 2334; x_wconf 88' lang='lat' dir='ltr'><strong>fin</strong></span> <span class='ocrx_word' id='word_1_198' title='bbox 752 2267 831 2352; x_wconf 90' lang='lat' dir='ltr'><strong>qu’il</strong></span> <span class='ocrx_word' id='word_1_199' title='bbox 864 2267 972 2334; x_wconf 89' lang='lat' dir='ltr'><strong>donne</strong></span> <span class='ocrx_word' id='word_1_200' title='bbox 1004 2269 1067 2335; x_wconf 88' lang='lat' dir='ltr'><strong>ben</strong></span> <span class='ocrx_word' id='word_1_201' title='bbox 1095 2271 1244 2354; x_wconf 85' lang='lat' dir='ltr'><strong>exempla</strong></span> <span class='ocrx_word' id='word_1_202' title='bbox 1295 2269 1417 2336; x_wconf 79' lang='lat' dir='ltr'><strong>laeticie</strong></span> <span class='ocrx_word' id='word_1_203' title='bbox 1439 2271 1589 2354; x_wconf 84' lang='lat' dir='ltr'><strong>exemplo</strong></span> <span class='ocrx_word' id='word_1_204' title='bbox 1616 2273 1706 2336; x_wconf 82' lang='lat' dir='ltr'><strong>vitae</strong></span> <span class='ocrx_word' id='word_1_205' title='bbox 1734 2271 1861 2355; x_wconf 88' lang='lat' dir='ltr'><strong>praeire</strong></span> <span class='ocrx_word' id='word_1_206' title='bbox 1888 2280 1922 2336; x_wconf 90' lang='lat' dir='ltr'><strong>et</strong></span> <span class='ocrx_word' id='word_1_207' title='bbox 1948 2271 2000 2336; x_wconf 91' lang='lat' dir='ltr'><strong>sui</strong></span> <span class='ocrx_word' id='word_1_208' title='bbox 2029 2271 2176 2336; x_wconf 91' lang='lat' dir='ltr'><strong>muneris</strong></span> <span class='ocrx_word' id='word_1_209' title='bbox 2197 2291 2264 2336; x_wconf 89' lang='lat' dir='ltr'><strong>mo·</strong></span> 
     </span>
     <span class='ocr_line' id='line_1_20' title="bbox 270 2353 1907 2441; baseline 0.002 -22"><span class='ocrx_word' id='word_1_210' title='bbox 270 2374 335 2419; x_wconf 88' lang='lat' dir='ltr'><strong>aux</strong></span> <span class='ocrx_word' id='word_1_211' title='bbox 359 2353 534 2420; x_wconf 89' lang='lat' dir='ltr'><strong>escholiers</strong></span> <span class='ocrx_word' id='word_1_212' title='bbox 556 2359 639 2434; x_wconf 76' lang='lat' dir='ltr'><strong>[puga</strong></span> <span class='ocrx_word' id='word_1_213' title='bbox 658 2359 690 2434; x_wconf 84' lang='lat'><strong>4]</strong></span> <span class='ocrx_word' id='word_1_214' title='bbox 708 2363 853 2419; x_wconf 89' lang='lat' dir='ltr'><strong>entoute</strong></span> <span class='ocrx_word' id='word_1_215' title='bbox 872 2375 909 2420; x_wconf 88' lang='lat' dir='ltr'><strong>ea</strong></span> <span class='ocrx_word' id='word_1_216' title='bbox 926 2354 988 2434; x_wconf 86' lang='lat' dir='ltr'><strong>vie,</strong></span> <span class='ocrx_word' id='word_1_217' title='bbox 1011 2367 1045 2420; x_wconf 89' lang='grc'><strong>01</strong></span> <span class='ocrx_word' id='word_1_218' title='bbox 1060 2365 1155 2439; x_wconf 89' lang='lat' dir='ltr'><strong>porte</strong></span> <span class='ocrx_word' id='word_1_219' title='bbox 1173 2364 1245 2423; x_wconf 90' lang='lat' dir='ltr'><strong>tout</strong></span> <span class='ocrx_word' id='word_1_220' title='bbox 1295 2355 1406 2422; x_wconf 84' lang='lat' dir='ltr'><strong>laetias</strong></span> <span class='ocrx_word' id='word_1_221' title='bbox 1428 2355 1593 2423; x_wconf 87' lang='lat' dir='ltr'><strong>moderate</strong></span> <span class='ocrx_word' id='word_1_222' title='bbox 1614 2357 1774 2423; x_wconf 88' lang='lat' dir='ltr'><strong>sustinere</strong></span> <span class='ocrx_word' id='word_1_223' title='bbox 1796 2357 1907 2441; x_wconf 80' lang='lat' dir='ltr'><strong>possit</strong></span> 
     </span>
    </p>

    <p class='ocr_par' dir='ltr' id='par_1_6' title="bbox 270 2437 1622 2526">
     <span class='ocr_line' id='line_1_21' title="bbox 270 2437 1622 2526; baseline 0.001 -22"><span class='ocrx_word' id='word_1_224' title='bbox 270 2437 476 2506; x_wconf 89' lang='lat' dir='ltr'><strong>doulcement</strong></span> <span class='ocrx_word' id='word_1_225' title='bbox 496 2439 544 2506; x_wconf 87' lang='lat' dir='ltr'><strong>les</strong></span> <span class='ocrx_word' id='word_1_226' title='bbox 565 2438 740 2506; x_wconf 78' lang='lat' dir='ltr'><strong>fescherias</strong></span> <span class='ocrx_word' id='word_1_227' title='bbox 762 2438 803 2505; x_wconf 88' lang='lat' dir='ltr'><strong>de</strong></span> <span class='ocrx_word' id='word_1_228' title='bbox 824 2461 861 2506; x_wconf 88' lang='grc'><strong>00</strong></span> <span class='ocrx_word' id='word_1_229' title='bbox 881 2440 1012 2526; x_wconf 85' lang='lat' dir='ltr'><strong>charge.</strong></span> <span class='ocrx_word' id='word_1_230' title='bbox 1620 2441 1622 2446; x_wconf 82' lang='grc'><strong>’</strong></span> 
     </span>
    </p>
   </div>
   <div class='ocr_carea' id='block_1_6' title="bbox 267 2609 2266 3016">
    <p class='ocr_par' dir='ltr' id='par_1_7' title="bbox 267 2609 2266 3016">
     <span class='ocr_line' id='line_1_22' title="bbox 356 2609 2264 2698; baseline -0.001 -21"><span class='ocrx_word' id='word_1_231' title='bbox 356 2609 426 2677; x_wconf 85' lang='lat' dir='ltr'><strong>Son</strong></span> <span class='ocrx_word' id='word_1_232' title='bbox 447 2609 549 2676; x_wconf 83' lang='lat' dir='ltr'><strong>office</strong></span> <span class='ocrx_word' id='word_1_233' title='bbox 572 2631 645 2676; x_wconf 90' lang='lat' dir='ltr'><strong>sera</strong></span> <span class='ocrx_word' id='word_1_234' title='bbox 671 2610 777 2676; x_wconf 87' lang='grc'><strong>001110</strong></span> <span class='ocrx_word' id='word_1_235' title='bbox 803 2609 1008 2690; x_wconf 87' lang='lat' dir='ltr'><strong>l&#39;ardinaire,</strong></span> <span class='ocrx_word' id='word_1_236' title='bbox 1038 2610 1244 2698; x_wconf 87' lang='lat' dir='ltr'><strong>d&#39;cneeigner</strong></span> <span class='ocrx_word' id='word_1_237' title='bbox 1381 2612 1463 2678; x_wconf 89' lang='lat' dir='ltr'><strong>Eius</strong></span> <span class='ocrx_word' id='word_1_238' title='bbox 1499 2633 1620 2678; x_wconf 86' lang='lat' dir='ltr'><strong>munus</strong></span> <span class='ocrx_word' id='word_1_239' title='bbox 1660 2621 1745 2692; x_wconf 88' lang='lat' dir='ltr'><strong>esto,</strong></span> <span class='ocrx_word' id='word_1_240' title='bbox 1785 2621 1917 2697; x_wconf 90' lang='lat' dir='ltr'><strong>praeter</strong></span> <span class='ocrx_word' id='word_1_241' title='bbox 1949 2611 2149 2679; x_wconf 87' lang='lat' dir='ltr'><strong>ordinariam</strong></span> <span class='ocrx_word' id='word_1_242' title='bbox 2187 2631 2264 2677; x_wconf 87' lang='lat' dir='ltr'><strong>suae</strong></span> 
     </span>
     <span class='ocr_line' id='line_1_23' title="bbox 269 2695 2264 2784; baseline 0 -22"><span class='ocrx_word' id='word_1_243' title='bbox 269 2703 307 2762; x_wconf 87' lang='lat' dir='ltr'><strong>et</strong></span> <span class='ocrx_word' id='word_1_244' title='bbox 327 2717 512 2781; x_wconf 84' lang='lat' dir='ltr'><strong>gouverner</strong></span> <span class='ocrx_word' id='word_1_245' title='bbox 533 2718 570 2784; x_wconf 82' lang='lat' dir='ltr'><strong>sa</strong></span> <span class='ocrx_word' id='word_1_246' title='bbox 592 2695 704 2775; x_wconf 86' lang='lat' dir='ltr'><strong>classe,</strong></span> <span class='ocrx_word' id='word_1_247' title='bbox 733 2695 858 2762; x_wconf 88' lang='lat' dir='ltr'><strong>d’avoir</strong></span> <span class='ocrx_word' id='word_1_248' title='bbox 879 2695 965 2762; x_wconf 90' lang='lat' dir='ltr'><strong>l’oeil</strong></span> <span class='ocrx_word' id='word_1_249' title='bbox 986 2717 1044 2762; x_wconf 87' lang='lat' dir='ltr'><strong>sur</strong></span> <span class='ocrx_word' id='word_1_250' title='bbox 1064 2697 1113 2764; x_wconf 88' lang='lat' dir='ltr'><strong>les</strong></span> <span class='ocrx_word' id='word_1_251' title='bbox 1134 2719 1244 2766; x_wconf 89' lang='lat' dir='ltr'><strong>meurs</strong></span> <span class='ocrx_word' id='word_1_252' title='bbox 1295 2696 1409 2763; x_wconf 87' lang='lat' dir='ltr'><strong>classis</strong></span> <span class='ocrx_word' id='word_1_253' title='bbox 1433 2699 1705 2783; x_wconf 86' lang='lat' dir='ltr'><strong>procurationem,</strong></span> <span class='ocrx_word' id='word_1_254' title='bbox 1727 2699 1764 2764; x_wconf 91' lang='lat' dir='ltr'><strong>in</strong></span> <span class='ocrx_word' id='word_1_255' title='bbox 1785 2698 1983 2784; x_wconf 88' lang='lat' dir='ltr'><strong>collegarum</strong></span> <span class='ocrx_word' id='word_1_256' title='bbox 2005 2719 2114 2766; x_wconf 84' lang='lat' dir='ltr'><strong>morae</strong></span> <span class='ocrx_word' id='word_1_257' title='bbox 2133 2717 2171 2764; x_wconf 90' lang='lat' dir='ltr'><strong>ac</strong></span> <span class='ocrx_word' id='word_1_258' title='bbox 2193 2695 2264 2762; x_wconf 83' lang='lat' dir='ltr'><strong>dili·</strong></span> 
     </span>
     <span class='ocr_line' id='line_1_24' title="bbox 269 2780 2265 2868; baseline 0.001 -22"><span class='ocrx_word' id='word_1_259' title='bbox 269 2781 357 2848; x_wconf 87' lang='lat' dir='ltr'><strong>atla</strong></span> <span class='ocrx_word' id='word_1_260' title='bbox 379 2780 538 2866; x_wconf 86' lang='lat' dir='ltr'><strong>diligcuca</strong></span> <span class='ocrx_word' id='word_1_261' title='bbox 566 2782 607 2847; x_wconf 88' lang='lat' dir='ltr'><strong>de</strong></span> <span class='ocrx_word' id='word_1_262' title='bbox 633 2803 686 2848; x_wconf 88' lang='lat' dir='ltr'><strong>ses</strong></span> <span class='ocrx_word' id='word_1_263' title='bbox 713 2803 784 2849; x_wconf 90' lang='lat' dir='ltr'><strong>com</strong></span> <span class='ocrx_word' id='word_1_264' title='bbox 809 2802 949 2867; x_wconf 89' lang='lat' dir='ltr'><strong>agnons:</strong></span> <span class='ocrx_word' id='word_1_265' title='bbox 977 2780 1018 2850; x_wconf 89' lang='lat' dir='ltr'><strong>de</strong></span> <span class='ocrx_word' id='word_1_266' title='bbox 1046 2783 1189 2850; x_wconf 79' lang='lat' dir='ltr'><strong>solicitet</strong></span> <span class='ocrx_word' id='word_1_267' title='bbox 1211 2793 1246 2851; x_wconf 90' lang='lat' dir='ltr'><strong>et</strong></span> <span class='ocrx_word' id='word_1_268' title='bbox 1296 2783 1439 2866; x_wconf 86' lang='lat' dir='ltr'><strong>gentiam</strong></span> <span class='ocrx_word' id='word_1_269' title='bbox 1460 2785 1635 2868; x_wconf 82' lang='lat' dir='ltr'><strong>inspicere,</strong></span> <span class='ocrx_word' id='word_1_270' title='bbox 1663 2792 1828 2852; x_wconf 77' lang='lat' dir='ltr'><strong>cessantes</strong></span> <span class='ocrx_word' id='word_1_271' title='bbox 1849 2786 2007 2864; x_wconf 86' lang='lat' dir='ltr'><strong>excitare,</strong></span> <span class='ocrx_word' id='word_1_272' title='bbox 2033 2804 2148 2850; x_wconf 90' lang='lat' dir='ltr'><strong>omues</strong></span> <span class='ocrx_word' id='word_1_273' title='bbox 2169 2781 2265 2850; x_wconf 85' lang='lat' dir='ltr'><strong>officii</strong></span> 
     </span>
     <span class='ocr_line' id='line_1_25' title="bbox 267 2865 2266 3016; baseline 0.001 -84"><span class='ocrx_word' id='word_1_274' title='bbox 267 2868 384 3016; x_wconf 76' lang='lat' dir='ltr'><strong>piquer</strong></span> <span class='ocrx_word' id='word_1_275' title='bbox 404 2867 500 2934; x_wconf 84' lang='lat' dir='ltr'><strong>ceulx</strong></span> <span class='ocrx_word' id='word_1_276' title='bbox 521 2867 578 2951; x_wconf 86' lang='lat' dir='ltr'><strong>qui</strong></span> <span class='ocrx_word' id='word_1_277' title='bbox 598 2874 774 2940; x_wconf 74' lang='lat' dir='ltr'><strong>serenator</strong></span> <span class='ocrx_word' id='word_1_278' title='bbox 796 2867 847 2947; x_wconf 88' lang='grc'><strong>110,</strong></span> <span class='ocrx_word' id='word_1_279' title='bbox 869 2867 1119 2936; x_wconf 90' lang='lat' dir='ltr'><strong>deremonstrer</strong></span> <span class='ocrx_word' id='word_1_280' title='bbox 1140 2879 1244 2936; x_wconf 89' lang='lat' dir='ltr'><strong>atous</strong></span> <span class='ocrx_word' id='word_1_281' title='bbox 1296 2865 1481 2948; x_wconf 87' lang='lat' dir='ltr'><strong>admouere,</strong></span> <span class='ocrx_word' id='word_1_282' title='bbox 1503 2869 1641 2953; x_wconf 85' lang='lat' dir='ltr'><strong>publicis</strong></span> <span class='ocrx_word' id='word_1_283' title='bbox 1658 2872 1692 2936; x_wconf 90' lang='lat' dir='ltr'><strong>in</strong></span> <span class='ocrx_word' id='word_1_284' title='bbox 1715 2870 1790 2938; x_wconf 89' lang='lat' dir='ltr'><strong>aula</strong></span> <span class='ocrx_word' id='word_1_285' title='bbox 1813 2871 1978 2938; x_wconf 88' lang='lat' dir='ltr'><strong>communi</strong></span> <span class='ocrx_word' id='word_1_286' title='bbox 1998 2869 2266 2954; x_wconf 66' lang='lat' dir='ltr'><strong>castigationibus</strong></span> 
     </span>
    </p>
   </div>
   <div class='ocr_carea' id='block_1_7' title="bbox 268 2952 2265 3295">
    <p class='ocr_par' dir='ltr' id='par_1_8' title="bbox 268 2952 2265 3212">
     <span class='ocr_line' id='line_1_26' title="bbox 283 2952 2265 3040; baseline -0.001 -21"><span class='ocrx_word' id='word_1_287' title='bbox 283 2973 345 3019; x_wconf 90' lang='lat' dir='ltr'><strong>eur</strong></span> <span class='ocrx_word' id='word_1_288' title='bbox 365 2952 508 3033; x_wconf 85' lang='lat' dir='ltr'><strong>debvoir,</strong></span> <span class='ocrx_word' id='word_1_289' title='bbox 537 2952 578 3018; x_wconf 89' lang='lat' dir='ltr'><strong>de</strong></span> <span class='ocrx_word' id='word_1_290' title='bbox 598 2952 745 3037; x_wconf 87' lang='lat' dir='ltr'><strong>presider</strong></span> <span class='ocrx_word' id='word_1_291' title='bbox 765 2974 823 3020; x_wconf 90' lang='grc'><strong>001</strong></span> <span class='ocrx_word' id='word_1_292' title='bbox 837 2953 890 3020; x_wconf 83' lang='grc'><strong>’100</strong></span> <span class='ocrx_word' id='word_1_293' title='bbox 912 2955 1109 3021; x_wconf 87' lang='lat' dir='ltr'><strong>corrections</strong></span> <span class='ocrx_word' id='word_1_294' title='bbox 1130 2957 1244 3040; x_wconf 90' lang='lat' dir='ltr'><strong>quise</strong></span> <span class='ocrx_word' id='word_1_295' title='bbox 1295 2974 1455 3036; x_wconf 87' lang='lat' dir='ltr'><strong>praeesse,</strong></span> <span class='ocrx_word' id='word_1_296' title='bbox 1477 2977 1592 3022; x_wconf 87' lang='lat' dir='ltr'><strong>curare</strong></span> <span class='ocrx_word' id='word_1_297' title='bbox 1614 2955 1753 3040; x_wconf 86' lang='lat' dir='ltr'><strong>denique</strong></span> <span class='ocrx_word' id='word_1_298' title='bbox 1775 2965 1812 3022; x_wconf 92' lang='grc'><strong>01</strong></span> <span class='ocrx_word' id='word_1_299' title='bbox 1833 2954 2166 3040; x_wconf 86' lang='lat' dir='ltr'><strong>tempestivequoties</strong></span> <span class='ocrx_word' id='word_1_300' title='bbox 2185 2975 2265 3038; x_wconf 91' lang='lat' dir='ltr'><strong>opus</strong></span> 
     </span>
     <span class='ocr_line' id='line_1_27' title="bbox 268 3037 2265 3128; baseline 0.002 -25"><span class='ocrx_word' id='word_1_301' title='bbox 268 3039 376 3104; x_wconf 87' lang='lat' dir='ltr'><strong>ferent</strong></span> <span class='ocrx_word' id='word_1_302' title='bbox 402 3061 444 3104; x_wconf 90' lang='lat' dir='ltr'><strong>eu</strong></span> <span class='ocrx_word' id='word_1_303' title='bbox 470 3038 504 3104; x_wconf 89' lang='lat' dir='ltr'><strong>la</strong></span> <span class='ocrx_word' id='word_1_304' title='bbox 530 3039 610 3104; x_wconf 89' lang='lat' dir='ltr'><strong>salle</strong></span> <span class='ocrx_word' id='word_1_305' title='bbox 643 3059 830 3119; x_wconf 90' lang='lat' dir='ltr'><strong>commune,</strong></span> <span class='ocrx_word' id='word_1_306' title='bbox 864 3038 905 3105; x_wconf 89' lang='lat' dir='ltr'><strong>dc</strong></span> <span class='ocrx_word' id='word_1_307' title='bbox 937 3039 1093 3123; x_wconf 82' lang='lat' dir='ltr'><strong>prcuvcir</strong></span> <span class='ocrx_word' id='word_1_308' title='bbox 1121 3062 1184 3126; x_wconf 89' lang='lat' dir='ltr'><strong>que</strong></span> <span class='ocrx_word' id='word_1_309' title='bbox 1211 3041 1244 3108; x_wconf 89' lang='lat' dir='ltr'><strong>la</strong></span> <span class='ocrx_word' id='word_1_310' title='bbox 1295 3041 1359 3104; x_wconf 89' lang='lat' dir='ltr'><strong>erit</strong></span> <span class='ocrx_word' id='word_1_311' title='bbox 1379 3061 1538 3124; x_wconf 88' lang='lat' dir='ltr'><strong>campana</strong></span> <span class='ocrx_word' id='word_1_312' title='bbox 1559 3041 1723 3126; x_wconf 87' lang='lat' dir='ltr'><strong>pulsetur,</strong></span> <span class='ocrx_word' id='word_1_313' title='bbox 1752 3050 1785 3110; x_wconf 87' lang='lat' dir='ltr'><strong>at</strong></span> <span class='ocrx_word' id='word_1_314' title='bbox 1809 3041 1940 3128; x_wconf 88' lang='lat' dir='ltr'><strong>singula</strong></span> <span class='ocrx_word' id='word_1_315' title='bbox 1961 3040 2123 3108; x_wconf 85' lang='lat' dir='ltr'><strong>auditoria</strong></span> <span class='ocrx_word' id='word_1_316' title='bbox 2142 3037 2265 3106; x_wconf 87' lang='lat' dir='ltr'><strong>munda</strong></span> 
     </span>
     <span class='ocr_line' id='line_1_28' title="bbox 269 3121 1902 3212; baseline 0.002 -21"><span class='ocrx_word' id='word_1_317' title='bbox 269 3121 380 3191; x_wconf 89' lang='lat' dir='ltr'><strong>eloche</strong></span> <span class='ocrx_word' id='word_1_318' title='bbox 402 3145 504 3212; x_wconf 85' lang='grc'><strong>00000</strong></span> <span class='ocrx_word' id='word_1_319' title='bbox 525 3145 560 3190; x_wconf 88' lang='lat' dir='ltr'><strong>es</strong></span> <span class='ocrx_word' id='word_1_320' title='bbox 569 3123 688 3191; x_wconf 89' lang='lat' dir='ltr'><strong>heures</strong></span> <span class='ocrx_word' id='word_1_321' title='bbox 698 3126 849 3209; x_wconf 83' lang='lat' dir='ltr'><strong>prefixae,</strong></span> <span class='ocrx_word' id='word_1_322' title='bbox 871 3132 906 3191; x_wconf 89' lang='grc'><strong>01</strong></span> <span class='ocrx_word' id='word_1_323' title='bbox 926 3125 1047 3209; x_wconf 87' lang='lat' dir='ltr'><strong>quoles</strong></span> <span class='ocrx_word' id='word_1_324' title='bbox 1067 3125 1244 3194; x_wconf 88' lang='lat' dir='ltr'><strong>auditeires</strong></span> <span class='ocrx_word' id='word_1_325' title='bbox 1295 3132 1329 3191; x_wconf 90' lang='lat' dir='ltr'><strong>et</strong></span> <span class='ocrx_word' id='word_1_326' title='bbox 1349 3124 1453 3192; x_wconf 89' lang='lat' dir='ltr'><strong>nitida</strong></span> <span class='ocrx_word' id='word_1_327' title='bbox 1474 3136 1663 3212; x_wconf 80' lang='lat' dir='ltr'><strong>appareant</strong></span> <span class='ocrx_word' id='word_1_328' title='bbox 1897 3136 1902 3145; x_wconf 82' lang='lat'>’</span> 
     </span>
    </p>

    <p class='ocr_par' dir='ltr' id='par_1_9' title="bbox 269 3217 612 3295">
     <span class='ocr_line' id='line_1_29' title="bbox 269 3217 612 3295; baseline 0 -19"><span class='ocrx_word' id='word_1_329' title='bbox 269 3220 390 3295; x_wconf 80' lang='lat' dir='ltr'><strong>seyent</strong></span> <span class='ocrx_word' id='word_1_330' title='bbox 409 3217 508 3276; x_wconf 86' lang='lat' dir='ltr'><strong>tenus</strong></span> <span class='ocrx_word' id='word_1_331' title='bbox 529 3218 612 3278; x_wconf 86' lang='grc'><strong>0010.</strong></span> 
     </span>
    </p>
   </div>
   <div class='ocr_carea' id='block_1_8' title="bbox 268 3369 2266 3724">
    <p class='ocr_par' dir='ltr' id='par_1_10' title="bbox 268 3369 2266 3724">
     <span class='ocr_line' id='line_1_30' title="bbox 356 3369 2265 3470; baseline 0.001 -23"><span class='ocrx_word' id='word_1_332' title='bbox 356 3379 445 3464; x_wconf 81' lang='lat' dir='ltr'><strong>Qu&#39;il</strong></span> <span class='ocrx_word' id='word_1_333' title='bbox 467 3401 510 3450; x_wconf 91' lang='grc'><strong>00</strong></span> <span class='ocrx_word' id='word_1_334' title='bbox 531 3381 594 3450; x_wconf 88' lang='lat' dir='ltr'><strong>soit</strong></span> <span class='ocrx_word' id='word_1_335' title='bbox 614 3380 704 3448; x_wconf 87' lang='lat' dir='ltr'><strong>licite</strong></span> <span class='ocrx_word' id='word_1_336' title='bbox 724 3400 790 3446; x_wconf 88' lang='lat' dir='ltr'><strong>aux</strong></span> <span class='ocrx_word' id='word_1_337' title='bbox 812 3375 934 3448; x_wconf 81' lang='lat' dir='ltr'><strong>aultres</strong></span> <span class='ocrx_word' id='word_1_338' title='bbox 948 3369 1088 3468; x_wconf 78' lang='lat' dir='ltr'><strong>¹Rageus</strong></span> <span class='ocrx_word' id='word_1_339' title='bbox 1110 3382 1152 3450; x_wconf 86' lang='lat' dir='ltr'><strong>de</strong></span> <span class='ocrx_word' id='word_1_340' title='bbox 1172 3383 1244 3450; x_wconf 86' lang='lat' dir='ltr'><strong>rien</strong></span> <span class='ocrx_word' id='word_1_341' title='bbox 1379 3383 1431 3450; x_wconf 81' lang='lat' dir='ltr'><strong>Eo</strong></span> <span class='ocrx_word' id='word_1_342' title='bbox 1458 3383 1644 3451; x_wconf 90' lang='lat' dir='ltr'><strong>inconsulto</strong></span> <span class='ocrx_word' id='word_1_343' title='bbox 1666 3384 1750 3451; x_wconf 88' lang='lat' dir='ltr'><strong>nihil</strong></span> <span class='ocrx_word' id='word_1_344' title='bbox 1777 3405 1911 3470; x_wconf 89' lang='lat' dir='ltr'><strong>prorsus</strong></span> <span class='ocrx_word' id='word_1_345' title='bbox 1938 3385 2017 3452; x_wconf 87' lang='lat' dir='ltr'><strong>novi</strong></span> <span class='ocrx_word' id='word_1_346' title='bbox 2046 3391 2175 3450; x_wconf 80' lang='lat' dir='ltr'><strong>tentare</strong></span> <span class='ocrx_word' id='word_1_347' title='bbox 2203 3383 2265 3469; x_wconf 82' lang='lat' dir='ltr'><strong>hy-</strong></span> 
     </span>
     <span class='ocr_line' id='line_1_31' title="bbox 269 3467 2266 3554; baseline 0 -20"><span class='ocrx_word' id='word_1_348' title='bbox 269 3473 414 3534; x_wconf 85' lang='lat' dir='ltr'><strong>attenter</strong></span> <span class='ocrx_word' id='word_1_349' title='bbox 436 3467 476 3534; x_wconf 88' lang='lat' dir='ltr'><strong>de</strong></span> <span class='ocrx_word' id='word_1_350' title='bbox 497 3488 649 3534; x_wconf 85' lang='lat' dir='ltr'><strong>nouvcau</strong></span> <span class='ocrx_word' id='word_1_351' title='bbox 671 3489 748 3534; x_wconf 86' lang='grc'><strong>0000</strong></span> <span class='ocrx_word' id='word_1_352' title='bbox 769 3486 917 3534; x_wconf 88' lang='grc'><strong>0000000</strong></span> <span class='ocrx_word' id='word_1_353' title='bbox 938 3475 972 3532; x_wconf 89' lang='grc'><strong>01</strong></span> <span class='ocrx_word' id='word_1_354' title='bbox 992 3477 1104 3554; x_wconf 79' lang='lat' dir='ltr'><strong>conge,</strong></span> <span class='ocrx_word' id='word_1_355' title='bbox 1126 3477 1160 3535; x_wconf 91' lang='lat' dir='ltr'><strong>et</strong></span> <span class='ocrx_word' id='word_1_356' title='bbox 1181 3491 1243 3554; x_wconf 89' lang='lat' dir='ltr'><strong>quo</strong></span> <span class='ocrx_word' id='word_1_357' title='bbox 1295 3467 1511 3554; x_wconf 83' lang='lat' dir='ltr'><strong>podidascalis</strong></span> <span class='ocrx_word' id='word_1_358' title='bbox 1534 3471 1583 3536; x_wconf 86' lang='lat' dir='ltr'><strong>las</strong></span> <span class='ocrx_word' id='word_1_359' title='bbox 1604 3478 1682 3538; x_wconf 90' lang='lat' dir='ltr'><strong>esto.</strong></span> <span class='ocrx_word' id='word_1_360' title='bbox 1727 3470 1762 3538; x_wconf 87' lang='lat' dir='ltr'><strong>Is</strong></span> <span class='ocrx_word' id='word_1_361' title='bbox 1783 3492 1861 3536; x_wconf 88' lang='lat' dir='ltr'><strong>vero</strong></span> <span class='ocrx_word' id='word_1_362' title='bbox 1877 3469 1917 3536; x_wconf 87' lang='lat' dir='ltr'><strong>de</strong></span> <span class='ocrx_word' id='word_1_363' title='bbox 1939 3469 2090 3537; x_wconf 88' lang='lat' dir='ltr'><strong>omnibus</strong></span> <span class='ocrx_word' id='word_1_364' title='bbox 2111 3489 2194 3554; x_wconf 87' lang='lat' dir='ltr'><strong>quae</strong></span> <span class='ocrx_word' id='word_1_365' title='bbox 2215 3469 2266 3534; x_wconf 92' lang='lat' dir='ltr'><strong>in·</strong></span> 
     </span>
     <span class='ocr_line' id='line_1_32' title="bbox 268 3552 1845 3724; baseline 0.002 -106"><span class='ocrx_word' id='word_1_366' title='bbox 268 3553 330 3724; x_wconf 55' lang='grc' dir='ltr'><strong>1101γὶ</strong></span> <span class='ocrx_word' id='word_1_367' title='bbox 350 3554 499 3706; x_wconf 46' lang='grc' dir='ltr'><strong>310εέ6110</strong></span> <span class='ocrx_word' id='word_1_368' title='bbox 521 3561 615 3704; x_wconf 69' lang='grc' dir='ltr'><strong>001ὲο</strong></span> <span class='ocrx_word' id='word_1_369' title='bbox 636 3573 680 3618; x_wconf 89' lang='grc'><strong>00</strong></span> <span class='ocrx_word' id='word_1_370' title='bbox 699 3553 845 3619; x_wconf 84' lang='grc'><strong>11001001</strong></span> <span class='ocrx_word' id='word_1_371' title='bbox 866 3559 975 3619; x_wconf 87' lang='grc'><strong>100100</strong></span> <span class='ocrx_word' id='word_1_372' title='bbox 996 3553 1044 3622; x_wconf 90' lang='grc'><strong>100</strong></span> <span class='ocrx_word' id='word_1_373' title='bbox 1067 3552 1243 3622; x_wconf 80' lang='grc'><strong>(1111001100</strong></span> <span class='ocrx_word' id='word_1_374' title='bbox 1295 3553 1435 3622; x_wconf 91' lang='lat' dir='ltr'><strong>ciderint</strong></span> <span class='ocrx_word' id='word_1_375' title='bbox 1456 3555 1499 3622; x_wconf 89' lang='lat' dir='ltr'><strong>ad</strong></span> <span class='ocrx_word' id='word_1_376' title='bbox 1520 3555 1695 3624; x_wconf 83' lang='lat' dir='ltr'><strong>Rectorem</strong></span> <span class='ocrx_word' id='word_1_377' title='bbox 1716 3556 1845 3622; x_wconf 82' lang='lat' dir='ltr'><strong>referto.</strong></span> 
     </span>
    </p>
   </div>
   <div class='ocr_carea' id='block_1_9' title="bbox 471 3883 2039 3953">
    <p class='ocr_par' dir='ltr' id='par_1_11' title="bbox 471 3883 2039 3953">
     <span class='ocr_line' id='line_1_33' title="bbox 471 3883 2039 3953; baseline 0 -5"><span class='ocrx_word' id='word_1_378' title='bbox 471 3893 541 3948; x_wconf 80' lang='lat' dir='ltr'><strong>DES</strong></span> <span class='ocrx_word' id='word_1_379' title='bbox 557 3891 780 3950; x_wconf 78' lang='lat' dir='ltr'><strong>usenonntas</strong></span> <span class='ocrx_word' id='word_1_380' title='bbox 798 3893 848 3950; x_wconf 88' lang='lat' dir='ltr'><strong>DU</strong></span> <span class='ocrx_word' id='word_1_381' title='bbox 865 3893 1040 3951; x_wconf 74' lang='lat' dir='ltr'><strong>caumata.</strong></span> <span class='ocrx_word' id='word_1_382' title='bbox 1519 3895 1568 3951; x_wconf 85' lang='lat' dir='ltr'><strong>DE</strong></span> <span class='ocrx_word' id='word_1_383' title='bbox 1587 3895 1837 3953; x_wconf 75' lang='lat' dir='ltr'><strong>scuoassmcts</strong></span> <span class='ocrx_word' id='word_1_384' title='bbox 1855 3883 2039 3953; x_wconf 65' lang='lat' dir='ltr'><strong>almaton.</strong></span> 
     </span>
    </p>
   </div>
   <div class='ocr_carea' id='block_1_10' title="bbox 270 4029 2267 4633">
    <p class='ocr_par' dir='ltr' id='par_1_12' title="bbox 270 4029 2267 4633">
     <span class='ocr_line' id='line_1_34' title="bbox 358 4029 2267 4120; baseline 0.002 -23"><span class='ocrx_word' id='word_1_385' title='bbox 358 4029 432 4112; x_wconf 81' lang='lat' dir='ltr'><strong>Qua</strong></span> <span class='ocrx_word' id='word_1_386' title='bbox 453 4030 484 4096; x_wconf 92' lang='grc'><strong>10</strong></span> <span class='ocrx_word' id='word_1_387' title='bbox 494 4031 664 4116; x_wconf 88' lang='lat' dir='ltr'><strong>Principal</strong></span> <span class='ocrx_word' id='word_1_388' title='bbox 686 4039 720 4098; x_wconf 88' lang='lat' dir='ltr'><strong>et</strong></span> <span class='ocrx_word' id='word_1_389' title='bbox 740 4031 790 4098; x_wconf 90' lang='grc'><strong>100</strong></span> <span class='ocrx_word' id='word_1_390' title='bbox 810 4033 944 4118; x_wconf 84' lang='lat' dir='ltr'><strong>Regens</strong></span> <span class='ocrx_word' id='word_1_391' title='bbox 965 4031 1245 4102; x_wconf 84' lang='lat' dir='ltr'><strong>distribueuttcus</strong></span> <span class='ocrx_word' id='word_1_392' title='bbox 1382 4034 1630 4118; x_wconf 86' lang='lat' dir='ltr'><strong>Ludimagister</strong></span> <span class='ocrx_word' id='word_1_393' title='bbox 1651 4041 1685 4099; x_wconf 90' lang='grc'><strong>01</strong></span> <span class='ocrx_word' id='word_1_394' title='bbox 1706 4033 1952 4120; x_wconf 75' lang='lat' dir='ltr'><strong>hypodidascali</strong></span> <span class='ocrx_word' id='word_1_395' title='bbox 1973 4033 2181 4102; x_wconf 85' lang='lat' dir='ltr'><strong>scholasticos</strong></span> <span class='ocrx_word' id='word_1_396' title='bbox 2198 4055 2267 4100; x_wconf 90' lang='lat' dir='ltr'><strong>cm·</strong></span> 
     </span>
     <span class='ocr_line' id='line_1_35' title="bbox 270 4115 2266 4205; baseline 0.003 -25"><span class='ocrx_word' id='word_1_397' title='bbox 270 4115 361 4182; x_wconf 88' lang='lat' dir='ltr'><strong>lcnrs</strong></span> <span class='ocrx_word' id='word_1_398' title='bbox 388 4116 566 4182; x_wconf 87' lang='lat' dir='ltr'><strong>escholicrs</strong></span> <span class='ocrx_word' id='word_1_399' title='bbox 592 4139 634 4182; x_wconf 91' lang='lat' dir='ltr'><strong>en</strong></span> <span class='ocrx_word' id='word_1_400' title='bbox 661 4125 777 4201; x_wconf 86' lang='lat' dir='ltr'><strong>quatre</strong></span> <span class='ocrx_word' id='word_1_401' title='bbox 803 4117 943 4198; x_wconf 87' lang='lat' dir='ltr'><strong>bandes,</strong></span> <span class='ocrx_word' id='word_1_402' title='bbox 970 4139 1038 4185; x_wconf 89' lang='lat' dir='ltr'><strong>non</strong></span> <span class='ocrx_word' id='word_1_403' title='bbox 1065 4139 1124 4204; x_wconf 87' lang='lat' dir='ltr'><strong>pas</strong></span> <span class='ocrx_word' id='word_1_404' title='bbox 1152 4119 1245 4186; x_wconf 88' lang='lat' dir='ltr'><strong>selon</strong></span> <span class='ocrx_word' id='word_1_405' title='bbox 1296 4141 1356 4186; x_wconf 91' lang='grc'><strong>000</strong></span> <span class='ocrx_word' id='word_1_406' title='bbox 1382 4120 1530 4204; x_wconf 82' lang='lat' dir='ltr'><strong>privatae</strong></span> <span class='ocrx_word' id='word_1_407' title='bbox 1558 4119 1688 4186; x_wconf 88' lang='lat' dir='ltr'><strong>scholae</strong></span> <span class='ocrx_word' id='word_1_408' title='bbox 1714 4120 1750 4185; x_wconf 95' lang='lat' dir='ltr'><strong>in</strong></span> <span class='ocrx_word' id='word_1_409' title='bbox 1778 4131 1918 4204; x_wconf 86' lang='lat' dir='ltr'><strong>quatuor</strong></span> <span class='ocrx_word' id='word_1_410' title='bbox 1943 4129 2071 4205; x_wconf 87' lang='lat' dir='ltr'><strong>partos,</strong></span> <span class='ocrx_word' id='word_1_411' title='bbox 2107 4140 2175 4184; x_wconf 93' lang='lat' dir='ltr'><strong>non</strong></span> <span class='ocrx_word' id='word_1_412' title='bbox 2207 4141 2266 4204; x_wconf 89' lang='lat' dir='ltr'><strong>pro</strong></span> 
     </span>
     <span class='ocr_line' id='line_1_36' title="bbox 271 4201 2267 4292; baseline 0.003 -26"><span class='ocrx_word' id='word_1_413' title='bbox 271 4201 322 4268; x_wconf 90' lang='lat' dir='ltr'><strong>les</strong></span> <span class='ocrx_word' id='word_1_414' title='bbox 344 4201 473 4282; x_wconf 85' lang='lat' dir='ltr'><strong>classes,</strong></span> <span class='ocrx_word' id='word_1_415' title='bbox 495 4203 579 4268; x_wconf 91' lang='lat' dir='ltr'><strong>mais</strong></span> <span class='ocrx_word' id='word_1_416' title='bbox 600 4203 692 4269; x_wconf 91' lang='lat' dir='ltr'><strong>selon</strong></span> <span class='ocrx_word' id='word_1_417' title='bbox 712 4203 746 4267; x_wconf 92' lang='lat' dir='ltr'><strong>la</strong></span> <span class='ocrx_word' id='word_1_418' title='bbox 763 4203 921 4269; x_wconf 88' lang='lat' dir='ltr'><strong>situation</strong></span> <span class='ocrx_word' id='word_1_419' title='bbox 932 4203 972 4270; x_wconf 88' lang='lat' dir='ltr'><strong>de</strong></span> <span class='ocrx_word' id='word_1_420' title='bbox 981 4205 1015 4270; x_wconf 87' lang='lat' dir='ltr'><strong>la</strong></span> <span class='ocrx_word' id='word_1_421' title='bbox 1025 4205 1122 4271; x_wconf 87' lang='lat' dir='ltr'><strong>Ville.</strong></span> <span class='ocrx_word' id='word_1_422' title='bbox 1155 4205 1245 4287; x_wconf 76' lang='lat' dir='ltr'><strong>Qn’il</strong></span> <span class='ocrx_word' id='word_1_423' title='bbox 1297 4205 1449 4272; x_wconf 85' lang='lat' dir='ltr'><strong>classium</strong></span> <span class='ocrx_word' id='word_1_424' title='bbox 1471 4205 1607 4285; x_wconf 89' lang='lat' dir='ltr'><strong>ratione,</strong></span> <span class='ocrx_word' id='word_1_425' title='bbox 1629 4203 1687 4270; x_wconf 87' lang='lat' dir='ltr'><strong>sed</strong></span> <span class='ocrx_word' id='word_1_426' title='bbox 1708 4226 1768 4290; x_wconf 89' lang='lat' dir='ltr'><strong>pro</strong></span> <span class='ocrx_word' id='word_1_427' title='bbox 1785 4207 1957 4292; x_wconf 88' lang='lat' dir='ltr'><strong>regionum</strong></span> <span class='ocrx_word' id='word_1_428' title='bbox 1978 4206 2069 4272; x_wconf 87' lang='lat' dir='ltr'><strong>urbis</strong></span> <span class='ocrx_word' id='word_1_429' title='bbox 2081 4203 2267 4272; x_wconf 78' lang='grc'><strong>0110110111-</strong></span> 
     </span>
     <span class='ocr_line' id='line_1_37' title="bbox 272 4285 2266 4378; baseline 0.001 -24"><span class='ocrx_word' id='word_1_430' title='bbox 272 4307 308 4354; x_wconf 87' lang='grc'><strong>00</strong></span> <span class='ocrx_word' id='word_1_431' title='bbox 329 4285 400 4354; x_wconf 88' lang='lat' dir='ltr'><strong>face</strong></span> <span class='ocrx_word' id='word_1_432' title='bbox 421 4309 469 4353; x_wconf 93' lang='lat' dir='ltr'><strong>un</strong></span> <span class='ocrx_word' id='word_1_433' title='bbox 489 4287 570 4353; x_wconf 86' lang='lat' dir='ltr'><strong>rolla</strong></span> <span class='ocrx_word' id='word_1_434' title='bbox 590 4287 629 4354; x_wconf 90' lang='lat' dir='ltr'><strong>ds</strong></span> <span class='ocrx_word' id='word_1_435' title='bbox 652 4288 794 4372; x_wconf 86' lang='lat' dir='ltr'><strong>chasque</strong></span> <span class='ocrx_word' id='word_1_436' title='bbox 814 4289 936 4370; x_wconf 88' lang='lat' dir='ltr'><strong>bande,</strong></span> <span class='ocrx_word' id='word_1_437' title='bbox 963 4299 997 4356; x_wconf 89' lang='lat' dir='ltr'><strong>et</strong></span> <span class='ocrx_word' id='word_1_438' title='bbox 1023 4295 1121 4374; x_wconf 89' lang='lat' dir='ltr'><strong>qu&#39;on</strong></span> <span class='ocrx_word' id='word_1_439' title='bbox 1147 4291 1245 4357; x_wconf 86' lang='lat' dir='ltr'><strong>baille</strong></span> <span class='ocrx_word' id='word_1_440' title='bbox 1299 4291 1432 4358; x_wconf 89' lang='lat' dir='ltr'><strong>buuuto.</strong></span> <span class='ocrx_word' id='word_1_441' title='bbox 1466 4288 1623 4375; x_wconf 81' lang='lat' dir='ltr'><strong>Singulas</strong></span> <span class='ocrx_word' id='word_1_442' title='bbox 1644 4292 1679 4356; x_wconf 93' lang='lat' dir='ltr'><strong>iu</strong></span> <span class='ocrx_word' id='word_1_443' title='bbox 1698 4291 1915 4378; x_wconf 87' lang='lat' dir='ltr'><strong>saccatalcgo</strong></span> <span class='ocrx_word' id='word_1_444' title='bbox 1933 4298 2124 4368; x_wconf 85' lang='lat' dir='ltr'><strong>annotauto,</strong></span> <span class='ocrx_word' id='word_1_445' title='bbox 2147 4298 2266 4358; x_wconf 88' lang='lat' dir='ltr'><strong>etcum</strong></span> 
     </span>
     <span class='ocr_line' id='line_1_38' title="bbox 272 4371 2266 4464; baseline 0.002 -26"><span class='ocrx_word' id='word_1_446' title='bbox 272 4381 429 4456; x_wconf 87' lang='lat' dir='ltr'><strong>aquatre</strong></span> <span class='ocrx_word' id='word_1_447' title='bbox 450 4371 508 4438; x_wconf 86' lang='lat' dir='ltr'><strong>des</strong></span> <span class='ocrx_word' id='word_1_448' title='bbox 529 4373 662 4458; x_wconf 90' lang='lat' dir='ltr'><strong>Regens</strong></span> <span class='ocrx_word' id='word_1_449' title='bbox 689 4375 833 4442; x_wconf 87' lang='lat' dir='ltr'><strong>chascun</strong></span> <span class='ocrx_word' id='word_1_450' title='bbox 860 4374 893 4441; x_wconf 92' lang='lat' dir='ltr'><strong>le</strong></span> <span class='ocrx_word' id='word_1_451' title='bbox 920 4377 1006 4442; x_wconf 86' lang='lat' dir='ltr'><strong>sien:</strong></span> <span class='ocrx_word' id='word_1_452' title='bbox 1040 4385 1073 4442; x_wconf 87' lang='lat' dir='ltr'><strong>et</strong></span> <span class='ocrx_word' id='word_1_453' title='bbox 1100 4378 1246 4460; x_wconf 88' lang='lat' dir='ltr'><strong>parainsi</strong></span> <span class='ocrx_word' id='word_1_454' title='bbox 1297 4377 1482 4461; x_wconf 80' lang='lat' dir='ltr'><strong>catalogum</strong></span> <span class='ocrx_word' id='word_1_455' title='bbox 1504 4375 1640 4444; x_wconf 83' lang='grc'><strong>10111010</strong></span> <span class='ocrx_word' id='word_1_456' title='bbox 1661 4375 1922 4464; x_wconf 83' lang='lat' dir='ltr'><strong>hypodidascalis</strong></span> <span class='ocrx_word' id='word_1_457' title='bbox 1944 4375 2116 4444; x_wconf 85' lang='lat' dir='ltr'><strong>tradunto:</strong></span> <span class='ocrx_word' id='word_1_458' title='bbox 2150 4375 2266 4442; x_wconf 81' lang='lat' dir='ltr'><strong>deinde</strong></span> 
     </span>
     <span class='ocr_line' id='line_1_39' title="bbox 272 4457 2266 4548; baseline 0.002 -24"><span class='ocrx_word' id='word_1_459' title='bbox 272 4479 338 4544; x_wconf 90' lang='lat' dir='ltr'><strong>que</strong></span> <span class='ocrx_word' id='word_1_460' title='bbox 358 4457 407 4525; x_wconf 89' lang='grc'><strong>100</strong></span> <span class='ocrx_word' id='word_1_461' title='bbox 429 4459 604 4525; x_wconf 83' lang='lat' dir='ltr'><strong>escholiers</strong></span> <span class='ocrx_word' id='word_1_462' title='bbox 632 4471 749 4546; x_wconf 83' lang='lat' dir='ltr'><strong>seyent</strong></span> <span class='ocrx_word' id='word_1_463' title='bbox 776 4459 954 4528; x_wconf 76' lang='lat' dir='ltr'><strong>distribues</strong></span> <span class='ocrx_word' id='word_1_464' title='bbox 980 4481 1066 4547; x_wconf 88' lang='lat' dir='ltr'><strong>pour</strong></span> <span class='ocrx_word' id='word_1_465' title='bbox 1086 4464 1181 4530; x_wconf 87' lang='lat' dir='ltr'><strong>venir</strong></span> <span class='ocrx_word' id='word_1_466' title='bbox 1203 4484 1245 4528; x_wconf 89' lang='lat' dir='ltr'><strong>au</strong></span> <span class='ocrx_word' id='word_1_467' title='bbox 1297 4477 1357 4528; x_wconf 90' lang='lat' dir='ltr'><strong>sua</strong></span> <span class='ocrx_word' id='word_1_468' title='bbox 1373 4463 1491 4546; x_wconf 90' lang='lat' dir='ltr'><strong>cuique</strong></span> <span class='ocrx_word' id='word_1_469' title='bbox 1512 4463 1635 4546; x_wconf 86' lang='lat' dir='ltr'><strong>templo</strong></span> <span class='ocrx_word' id='word_1_470' title='bbox 1661 4485 1738 4548; x_wconf 88' lang='lat' dir='ltr'><strong>pars</strong></span> <span class='ocrx_word' id='word_1_471' title='bbox 1755 4463 2023 4530; x_wconf 88' lang='lat' dir='ltr'><strong>scholasticorum</strong></span> <span class='ocrx_word' id='word_1_472' title='bbox 2044 4483 2104 4548; x_wconf 89' lang='lat' dir='ltr'><strong>pre</strong></span> <span class='ocrx_word' id='word_1_473' title='bbox 2126 4461 2266 4528; x_wconf 80' lang='lat' dir='ltr'><strong>viciniae</strong></span> 
     </span>
     <span class='ocr_line' id='line_1_40' title="bbox 271 4543 1638 4633; baseline 0.003 -21"><span class='ocrx_word' id='word_1_474' title='bbox 271 4543 403 4628; x_wconf 76' lang='grc'><strong>1001010,</strong></span> <span class='ocrx_word' id='word_1_475' title='bbox 426 4543 568 4611; x_wconf 88' lang='lat' dir='ltr'><strong>chascun</strong></span> <span class='ocrx_word' id='word_1_476' title='bbox 590 4543 682 4612; x_wconf 87' lang='grc'><strong>00100</strong></span> <span class='ocrx_word' id='word_1_477' title='bbox 704 4555 762 4612; x_wconf 82' lang='lat' dir='ltr'><strong>son</strong></span> <span class='ocrx_word' id='word_1_478' title='bbox 784 4548 936 4631; x_wconf 88' lang='lat' dir='ltr'><strong>quartier.</strong></span> <span class='ocrx_word' id='word_1_479' title='bbox 1297 4549 1425 4614; x_wconf 89' lang='lat' dir='ltr'><strong>ratione</strong></span> <span class='ocrx_word' id='word_1_480' title='bbox 1446 4545 1638 4633; x_wconf 84' lang='lat' dir='ltr'><strong>assignatur.</strong></span> 
     </span>
    </p>
   </div>
   <div class='ocr_carea' id='block_1_11' title="bbox 271 4729 2266 5008">
    <p class='ocr_par' dir='ltr' id='par_1_13' title="bbox 271 4729 2266 5008">
     <span class='ocr_line' id='line_1_41' title="bbox 359 4729 2265 4824; baseline 0.002 -25"><span class='ocrx_word' id='word_1_481' title='bbox 359 4729 450 4816; x_wconf 83' lang='lat' dir='ltr'><strong>Qu’il</strong></span> <span class='ocrx_word' id='word_1_482' title='bbox 475 4754 499 4818; x_wconf 82' lang='lat' dir='ltr'>y</span> <span class='ocrx_word' id='word_1_483' title='bbox 526 4734 573 4799; x_wconf 91' lang='lat' dir='ltr'><strong>ait</strong></span> <span class='ocrx_word' id='word_1_484' title='bbox 597 4731 666 4800; x_wconf 88' lang='lat' dir='ltr'><strong>lieu</strong></span> <span class='ocrx_word' id='word_1_485' title='bbox 693 4733 817 4801; x_wconf 87' lang='lat' dir='ltr'><strong>certain</strong></span> <span class='ocrx_word' id='word_1_486' title='bbox 844 4735 901 4820; x_wconf 87' lang='lat' dir='ltr'><strong>qui</strong></span> <span class='ocrx_word' id='word_1_487' title='bbox 926 4736 1000 4801; x_wconf 87' lang='lat' dir='ltr'><strong>laur</strong></span> <span class='ocrx_word' id='word_1_488' title='bbox 1026 4735 1090 4802; x_wconf 91' lang='lat' dir='ltr'><strong>scit</strong></span> <span class='ocrx_word' id='word_1_489' title='bbox 1115 4737 1246 4822; x_wconf 79' lang='lat' dir='ltr'><strong>assigno</strong></span> <span class='ocrx_word' id='word_1_490' title='bbox 1384 4740 1459 4816; x_wconf 74' lang='lat' dir='ltr'><strong>[pag.</strong></span> <span class='ocrx_word' id='word_1_491' title='bbox 1493 4741 1545 4819; x_wconf 81' lang='grc'><strong>10]</strong></span> <span class='ocrx_word' id='word_1_492' title='bbox 1576 4737 1619 4804; x_wconf 91' lang='lat' dir='ltr'><strong>In</strong></span> <span class='ocrx_word' id='word_1_493' title='bbox 1652 4735 1789 4823; x_wconf 84' lang='lat' dir='ltr'><strong>singulis</strong></span> <span class='ocrx_word' id='word_1_494' title='bbox 1827 4735 1959 4821; x_wconf 88' lang='lat' dir='ltr'><strong>templis</strong></span> <span class='ocrx_word' id='word_1_495' title='bbox 1998 4758 2039 4803; x_wconf 86' lang='lat' dir='ltr'><strong>ex</strong></span> <span class='ocrx_word' id='word_1_496' title='bbox 2071 4735 2265 4824; x_wconf 77' lang='lat' dir='ltr'><strong>amplissimi</strong></span> 
     </span>
     <span class='ocr_line' id='line_1_42' title="bbox 271 4817 2266 4906; baseline 0.003 -22"><span class='ocrx_word' id='word_1_497' title='bbox 271 4837 333 4902; x_wconf 89' lang='lat' dir='ltr'><strong>par</strong></span> <span class='ocrx_word' id='word_1_498' title='bbox 353 4817 544 4885; x_wconf 79' lang='lat' dir='ltr'><strong>l&#39;authorite</strong></span> <span class='ocrx_word' id='word_1_499' title='bbox 566 4818 606 4885; x_wconf 91' lang='lat' dir='ltr'><strong>de</strong></span> <span class='ocrx_word' id='word_1_500' title='bbox 623 4819 803 4886; x_wconf 87' lang='lat' dir='ltr'><strong>Messieurs</strong></span> <span class='ocrx_word' id='word_1_501' title='bbox 823 4839 865 4886; x_wconf 91' lang='grc'><strong>00</strong></span> <span class='ocrx_word' id='word_1_502' title='bbox 886 4822 1029 4906; x_wconf 87' lang='lat' dir='ltr'><strong>abasque</strong></span> <span class='ocrx_word' id='word_1_503' title='bbox 1046 4821 1175 4906; x_wconf 89' lang='lat' dir='ltr'><strong>temple,</strong></span> <span class='ocrx_word' id='word_1_504' title='bbox 1197 4823 1245 4888; x_wconf 91' lang='lat' dir='ltr'><strong>le-</strong></span> <span class='ocrx_word' id='word_1_505' title='bbox 1297 4819 1441 4888; x_wconf 81' lang='lat' dir='ltr'><strong>Senatus</strong></span> <span class='ocrx_word' id='word_1_506' title='bbox 1463 4823 1636 4889; x_wconf 85' lang='lat' dir='ltr'><strong>autoritate</strong></span> <span class='ocrx_word' id='word_1_507' title='bbox 1660 4844 1742 4890; x_wconf 82' lang='grc'><strong>’0000</strong></span> <span class='ocrx_word' id='word_1_508' title='bbox 1763 4821 1966 4890; x_wconf 90' lang='lat' dir='ltr'><strong>scholasticis</strong></span> <span class='ocrx_word' id='word_1_509' title='bbox 1985 4823 2076 4889; x_wconf 89' lang='lat' dir='ltr'><strong>loeus</strong></span> <span class='ocrx_word' id='word_1_510' title='bbox 2098 4825 2266 4891; x_wconf 86' lang='grc'><strong>000011101-</strong></span> 
     </span>
     <span class='ocr_line' id='line_1_43' title="bbox 272 4903 2169 5008; baseline 0.005 -40"><span class='ocrx_word' id='word_1_511' title='bbox 272 4903 349 4990; x_wconf 86' lang='lat' dir='ltr'><strong>quel</strong></span> <span class='ocrx_word' id='word_1_512' title='bbox 366 4903 390 4968; x_wconf 91' lang='lat' dir='ltr'><strong>il</strong></span> <span class='ocrx_word' id='word_1_513' title='bbox 411 4925 455 4969; x_wconf 91' lang='grc'><strong>00</strong></span> <span class='ocrx_word' id='word_1_514' title='bbox 477 4905 540 4971; x_wconf 89' lang='lat' dir='ltr'><strong>soit</strong></span> <span class='ocrx_word' id='word_1_515' title='bbox 561 4905 682 4990; x_wconf 89' lang='lat' dir='ltr'><strong>permis</strong></span> <span class='ocrx_word' id='word_1_516' title='bbox 704 4927 724 4974; x_wconf 88' lang='lat' dir='ltr'><strong>a</strong></span> <span class='ocrx_word' id='word_1_517' title='bbox 745 4904 889 4972; x_wconf 89' lang='lat' dir='ltr'><strong>d’autres</strong></span> <span class='ocrx_word' id='word_1_518' title='bbox 910 4928 1056 5008; x_wconf 81' lang='lat' dir='ltr'><strong>occuper.</strong></span> <span class='ocrx_word' id='word_1_519' title='bbox 1299 4909 1364 4974; x_wconf 87' lang='lat' dir='ltr'><strong>tor:</strong></span> <span class='ocrx_word' id='word_1_520' title='bbox 1386 4929 1525 4993; x_wconf 88' lang='lat' dir='ltr'><strong>eumque</strong></span> <span class='ocrx_word' id='word_1_521' title='bbox 1546 4909 1699 4994; x_wconf 89' lang='lat' dir='ltr'><strong>cuiquam</strong></span> <span class='ocrx_word' id='word_1_522' title='bbox 1720 4907 1777 4973; x_wconf 91' lang='lat' dir='ltr'><strong>alii</strong></span> <span class='ocrx_word' id='word_1_523' title='bbox 1798 4928 1956 4993; x_wconf 88' lang='lat' dir='ltr'><strong>occupare</strong></span> <span class='ocrx_word' id='word_1_524' title='bbox 1976 4909 2069 4975; x_wconf 86' lang='lat' dir='ltr'><strong>nefas</strong></span> <span class='ocrx_word' id='word_1_525' title='bbox 2090 4919 2169 4977; x_wconf 90' lang='lat' dir='ltr'><strong>esto.</strong></span> 
     </span>
    </p>
   </div>
   <div class='ocr_carea' id='block_1_12' title="bbox 221 5088 2267 5357">
    <p class='ocr_par' dir='ltr' id='par_1_14' title="bbox 221 5088 2267 5357">
     <span class='ocr_line' id='line_1_44' title="bbox 359 5088 2266 5182; baseline 0.003 -24"><span class='ocrx_word' id='word_1_526' title='bbox 359 5088 434 5174; x_wconf 75' lang='lat' dir='ltr'><strong>Quo</strong></span> <span class='ocrx_word' id='word_1_527' title='bbox 453 5098 530 5159; x_wconf 88' lang='lat' dir='ltr'><strong>tous</strong></span> <span class='ocrx_word' id='word_1_528' title='bbox 550 5093 599 5159; x_wconf 85' lang='lat' dir='ltr'><strong>les</strong></span> <span class='ocrx_word' id='word_1_529' title='bbox 625 5091 801 5159; x_wconf 89' lang='lat' dir='ltr'><strong>escholiere</strong></span> <span class='ocrx_word' id='word_1_530' title='bbox 826 5099 927 5178; x_wconf 84' lang='lat' dir='ltr'><strong>ayant</strong></span> <span class='ocrx_word' id='word_1_531' title='bbox 945 5113 966 5158; x_wconf 91' lang='lat' dir='ltr'><strong>a</strong></span> <span class='ocrx_word' id='word_1_532' title='bbox 992 5115 1027 5163; x_wconf 89' lang='grc'><strong>00</strong></span> <span class='ocrx_word' id='word_1_533' title='bbox 1048 5103 1184 5162; x_wconf 83' lang='lat' dir='ltr'><strong>trouver</strong></span> <span class='ocrx_word' id='word_1_534' title='bbox 1205 5093 1246 5162; x_wconf 87' lang='lat' dir='ltr'><strong>de</strong></span> <span class='ocrx_word' id='word_1_535' title='bbox 1383 5093 1516 5182; x_wconf 79' lang='lat' dir='ltr'><strong>Singuli</strong></span> <span class='ocrx_word' id='word_1_536' title='bbox 1538 5095 1722 5176; x_wconf 81' lang='lat' dir='ltr'><strong>scholastici</strong></span> <span class='ocrx_word' id='word_1_537' title='bbox 1744 5093 1859 5164; x_wconf 87' lang='lat' dir='ltr'><strong>diebus</strong></span> <span class='ocrx_word' id='word_1_538' title='bbox 1880 5096 2037 5164; x_wconf 85' lang='lat' dir='ltr'><strong>Mercurii</strong></span> <span class='ocrx_word' id='word_1_539' title='bbox 2066 5119 2174 5180; x_wconf 89' lang='lat' dir='ltr'><strong>mane,</strong></span> <span class='ocrx_word' id='word_1_540' title='bbox 2196 5099 2266 5165; x_wconf 91' lang='lat' dir='ltr'><strong>Do-</strong></span> 
     </span>
     <span class='ocr_line' id='line_1_45' title="bbox 271 5175 2267 5269; baseline 0.003 -24"><span class='ocrx_word' id='word_1_541' title='bbox 271 5175 382 5245; x_wconf 87' lang='lat' dir='ltr'><strong>bonnc</strong></span> <span class='ocrx_word' id='word_1_542' title='bbox 402 5177 506 5244; x_wconf 88' lang='lat' dir='ltr'><strong>heure</strong></span> <span class='ocrx_word' id='word_1_543' title='bbox 527 5198 570 5243; x_wconf 93' lang='lat' dir='ltr'><strong>au</strong></span> <span class='ocrx_word' id='word_1_544' title='bbox 592 5178 725 5262; x_wconf 89' lang='lat' dir='ltr'><strong>temple:</strong></span> <span class='ocrx_word' id='word_1_545' title='bbox 754 5181 930 5260; x_wconf 83' lang='lat' dir='ltr'><strong>ascavoir,</strong></span> <span class='ocrx_word' id='word_1_546' title='bbox 951 5179 1001 5246; x_wconf 88' lang='lat' dir='ltr'><strong>les</strong></span> <span class='ocrx_word' id='word_1_547' title='bbox 1022 5180 1185 5249; x_wconf 85' lang='lat' dir='ltr'><strong>Mecredis</strong></span> <span class='ocrx_word' id='word_1_548' title='bbox 1202 5201 1246 5248; x_wconf 91' lang='lat' dir='ltr'><strong>au</strong></span> <span class='ocrx_word' id='word_1_549' title='bbox 1297 5180 1428 5250; x_wconf 92' lang='lat' dir='ltr'><strong>minicis</strong></span> <span class='ocrx_word' id='word_1_550' title='bbox 1450 5191 1560 5249; x_wconf 86' lang='lat' dir='ltr'><strong>autem</strong></span> <span class='ocrx_word' id='word_1_551' title='bbox 1578 5181 1690 5262; x_wconf 85' lang='lat' dir='ltr'><strong>mane,</strong></span> <span class='ocrx_word' id='word_1_552' title='bbox 1723 5189 1757 5248; x_wconf 88' lang='lat' dir='ltr'><strong>et</strong></span> <span class='ocrx_word' id='word_1_553' title='bbox 1776 5181 1859 5249; x_wconf 89' lang='lat' dir='ltr'><strong>bora</strong></span> <span class='ocrx_word' id='word_1_554' title='bbox 1881 5181 2092 5264; x_wconf 79' lang='lat' dir='ltr'><strong>catechismi,</strong></span> <span class='ocrx_word' id='word_1_555' title='bbox 2121 5184 2267 5269; x_wconf 87' lang='lat' dir='ltr'><strong>itemque</strong></span> 
     </span>
     <span class='ocr_line' id='line_1_46' title="bbox 221 5261 2267 5357; baseline 0.002 -25"><span class='ocrx_word' id='word_1_556' title='bbox 221 5297 226 5302; x_wconf 96' lang='lat'>·</span> <span class='ocrx_word' id='word_1_557' title='bbox 270 5282 402 5332; x_wconf 82' lang='lat' dir='ltr'><strong>aermon</strong></span> <span class='ocrx_word' id='word_1_558' title='bbox 429 5261 476 5332; x_wconf 87' lang='lat' dir='ltr'><strong>du</strong></span> <span class='ocrx_word' id='word_1_559' title='bbox 503 5263 624 5330; x_wconf 80' lang='lat' dir='ltr'><strong>malin:</strong></span> <span class='ocrx_word' id='word_1_560' title='bbox 649 5263 698 5330; x_wconf 92' lang='lat' dir='ltr'><strong>les</strong></span> <span class='ocrx_word' id='word_1_561' title='bbox 722 5263 939 5348; x_wconf 90' lang='lat' dir='ltr'><strong>Dimauches,</strong></span> <span class='ocrx_word' id='word_1_562' title='bbox 970 5287 1037 5332; x_wconf 86' lang='lat' dir='ltr'><strong>aux</strong></span> <span class='ocrx_word' id='word_1_563' title='bbox 1063 5267 1150 5334; x_wconf 86' lang='lat' dir='ltr'><strong>deux</strong></span> <span class='ocrx_word' id='word_1_564' title='bbox 1177 5289 1246 5334; x_wconf 87' lang='lat' dir='ltr'><strong>ser·</strong></span> <span class='ocrx_word' id='word_1_565' title='bbox 1297 5267 1523 5352; x_wconf 88' lang='lat' dir='ltr'><strong>pomeridiana</strong></span> <span class='ocrx_word' id='word_1_566' title='bbox 1560 5267 1730 5350; x_wconf 89' lang='lat' dir='ltr'><strong>concione,</strong></span> <span class='ocrx_word' id='word_1_567' title='bbox 1767 5277 1896 5335; x_wconf 88' lang='lat' dir='ltr'><strong>matura</strong></span> <span class='ocrx_word' id='word_1_568' title='bbox 1920 5269 1970 5335; x_wconf 87' lang='lat' dir='ltr'><strong>&#39;in</strong></span> <span class='ocrx_word' id='word_1_569' title='bbox 2001 5289 2098 5335; x_wconf 89' lang='lat' dir='ltr'><strong>suum</strong></span> <span class='ocrx_word' id='word_1_570' title='bbox 2129 5273 2267 5357; x_wconf 86' lang='lat' dir='ltr'><strong>quisque</strong></span> 
     </span>
    </p>
   </div>
   <div class='ocr_carea' id='block_1_13' title="bbox 0 0 2432 6016">
    <p class='ocr_par' dir='ltr' id='par_1_15' title="bbox 0 0 2432 6016">
     <span class='ocr_line' id='line_1_47' title="bbox 0 0 2432 6016; baseline 0 0"><span class='ocrx_word' id='word_1_571' title='bbox 0 0 2432 6016; x_wconf 95' lang='lat' dir='ltr'><strong> </strong></span> 
     </span>
    </p>
   </div>
  </div>
 </body>
</html>
