4852 6022
255 319 317 380 445

256 501 344 582 dum,
365 501 442 589 quia
453 509 564 568 tamen
581 502 760 568 verisimile
778 511 850 570 erat
863 524 930 569 non
951 502 991 568 de
1002 503 1107 570 nihilo
1124 505 1224 572 fuisse

256 597 362 654 ortum
385 588 473 654 hune
493 609 669 667 rumorem,
695 588 793 654 efficii
814 589 880 653 mei
901 609 973 654 esse
993 591 1107 671 putavi
1136 591 1223 674 apud

257 681 406 756 tequam
427 674 569 756 primum
591 673 801 753 intercedere,
824 683 862 738 ut
882 675 911 741 si
931 695 996 757 qua
1014 674 1055 740 cb
1080 675 1115 740 id
1136 676 1224 742 iuter

256 766 288 824 ιο
309 780 347 824 ac
367 760 486 824 fratres
508 759 636 824 dissidii
656 761 781 826 semina
801 760 868 824 iam
889 781 1002 843 sparsa
1024 761 1099 840 sint,
1121 762 1222 844 proti·

256 864 319 909 nus
340 844 429 909 omui
452 843 559 909 studio
582 855 678 928 atque
699 865 797 928 opera
818 845 968 911 excidere
985 866 1024 911 ea
1045 847 1223 914 contendas

180 977 183 984 »
256 937 428 1011 autequam
448 929 491 994 ad
511 929 632 994 malam
655 931 781 1013 frugem
804 933 1006 1014 perveniant.
1051 931 1092 997 Id
1114 943 1223 998 autem

153 1097 155 1102 A
255 1013 336 1079 mihi
357 1014 455 1080 licere
476 1033 544 1084 nau
566 1013 724 1094 dubitavi,
748 1037 849 1098 quum
870 1038 929 1099 pro
950 1017 986 1081 in
1006 1027 1041 1083 te
1062 1019 1223 1084 amicitiae

254 1109 384 1166 nostrae
406 1101 536 1176 veteris,
546 1101 574 1182 ²)
597 1112 667 1251 {rm
689 1123 748 1185 pro
769 1102 916 1168 fraterna
937 1124 1020 1185 quae
1042 1103 1130 1168 inter
1154 1125 1222 1169 om·

255 1205 314 1250 ues
331 1183 454 1250 Christi
479 1207 590 1252 servos
627 1208 679 1252 sse
704 1185 808 1265 debet,
831 1188 1070 1254 necessitudine
1091 1211 1129 1254 ae
1146 1211 1223 1255 con-

254 1271 428 1336 iunctione.
471 1271 651 1354 Praecipue
679 1293 758 1338 vero
786 1273 869 1338 mihi
896 1273 1042 1340 animum
1070 1274 1147 1338 feeit
1167 1274 1224 1338 illa

255 1377 353 1439 quam
376 1377 506 1439 semper
527 1356 698 1424 ostendisti
725 1359 847 1424 amicae
868 1381 947 1443 erga
968 1381 1020 1424 me
1041 1359 1223 1424 voluntatis

255 1441 467 1526 significatio:
495 1463 593 1526 quam
620 1443 666 1510 sie
695 1442 826 1508 demum
853 1466 919 1510 nou
946 1445 1045 1510 fuisse
1074 1445 1221 1510 fallacem

255 1523 445 1607 arbitrabor,
462 1529 489 1593 si
501 1527 632 1610 quodin
644 1529 787 1594 amicitia
799 1531 1007 1614 praecipuum
1025 1551 1063 1596 ae
1080 1533 1223 1596 maxime

253 1613 474 1679 necessarium
495 1622 545 1678 est
566 1614 648 1678 mihi
669 1616 854 1697 permittas,
884 1637 1003 1700 nempe
1024 1616 1143 1682 liberas
1165 1616 1222 1682 ad·

254 1698 461 1764 monitiones.
504 1699 577 1783 Ego
599 1708 702 1780 certe,
730 1701 795 1766 uisi
816 1711 850 1767 te
870 1723 1014 1767 amarem
1036 1723 1078 1766 ex
1101 1702 1221 1781 anime,

254 1783 307 1850 rel
335 1805 356 1848 a
383 1783 615 1851 monitionibus
643 1786 678 1850 iu
708 1793 814 1850 totum
843 1787 1053 1866 abstinerem,
1085 1787 1137 1853 vol
1159 1787 1223 1852 alie

254 1867 334 1954 styli
355 1890 475 1952 genere
495 1881 614 1936 uterer.
658 1869 734 1952 Quo
756 1872 861 1956 magis
889 1871 1068 1938 videndum
1090 1873 1222 1940 esttibi

254 1961 292 2018 ιιι
319 1953 472 2021 fiduciam
505 1955 590 2022 hane
624 1956 663 2022 de
698 1967 754 2022 tua
786 1959 970 2024 sinceritate
1003 1980 1068 2024 uon
1100 1968 1223 2024 temere

254 2039 354 2105 fuisse
376 2061 396 2105 a
416 2061 470 2105 me
492 2051 682 2126 conceptam
703 2044 828 2126 reipsa
845 2043 1042 2127 comprobes.
1074 2043 1127 2108 De
1144 2043 1223 2128 dog-

253 2131 341 2190 mate
372 2147 437 2190 non
468 2147 601 2210 possum
634 2138 740 2194 tecum
773 2127 967 2214 disceptare,
1007 2129 1083 2212 quia
1114 2129 1223 2196 nescio

254 2209 351 2293 quale
372 2212 488 2290 fuerit,
516 2213 581 2278 nisi
602 2214 687 2296 quod
709 2213 767 2279 tibi
794 2221 950 2280 testatum
971 2236 1043 2280 csse
1062 2216 1147 2294 volo,
1170 2237 1223 2280 me

254 2295 342 2361 nolle
363 2319 438 2363 cum
462 2297 504 2363 iis
529 2298 674 2383 litigare,
703 2301 893 2383 quiveram
921 2301 1065 2384 corporis
1088 2323 1125 2367 ac
1147 2322 1221 2366 san·

1024 357 1028 366 ·
1090 327 1093 334 ’
1148 322 1231 383 1539
1252 313 1288 384 Β.
1310 316 1395 386 1),”

2180 320 2242 381 446

1274 503 1325 569 fac
1346 502 1406 568 tibi
1427 522 1597 585 nunquam
1616 503 1653 571 in
1674 509 1819 568 mentam
1841 503 1987 568 venisse:
2017 503 2171 585 quoniam
2193 511 2242 568 ta-

1275 610 1352 654 men
1373 587 1427 654 vel
1449 597 1572 654 temere
1599 587 1720 654 insedit
1747 587 1920 653 homiuum
1946 588 2064 654 animis
2092 590 2243 672 suspicio,

1275 695 1341 739 non
1363 674 1551 756 importune
1573 675 1695 740 faciunt
1717 673 1835 739 fratres
1862 673 1948 757 quod
1975 673 2169 740 offendiculo
2190 695 2243 739 re-

1274 758 1419 824 medium
1436 767 1605 841 quaeruut.
1639 761 1688 840 Tu
1707 778 1796 837 vero,
1815 759 1955 841 qualiter
1971 780 2126 825 excusare
2144 779 2244 842 queas

1275 844 1361 928 quod
1390 853 1484 909 tante
1510 844 1707 911 confidentia
1725 844 1918 927 perstiteris
1942 846 1975 908 in
2000 854 2056 908 tua
2076 846 2242 928 opinione,

1274 929 1404 996 videris.
1437 932 1510 1014 Ego
1531 939 1627 1008 certe,
1649 931 1676 996 si
1699 951 1813 994 verum
1834 937 1886 995 est
1906 928 1991 1013 quod
2007 929 2111 1010 audio,
2134 931 2244 997 minus

1274 1023 1307 1080 te
1328 1017 1529 1098 praestitisse
1551 1025 1630 1098 puto
1657 1036 1755 1098 quam
1775 1014 1926 1080 debueris
1947 1015 2083 1104 caritati.
2128 1016 2242 1082 Doctis

1275 1102 1518 1166 coexercitatis
1539 1101 1620 1166 viris
1642 1101 1828 1184 satisfacere
1850 1107 1983 1183 paratus
2004 1121 2053 1166 es:
2076 1101 2165 1184 atqui
2188 1100 2244 1166 ubi

1274 1187 1337 1252 erit
1357 1186 1440 1251 illud
1462 1186 1614 1270 apostoli,
1643 1185 1804 1252 debitores
1830 1207 1891 1252 nos
1918 1208 1989 1252 csso
2017 1185 2154 1252 rudibus
2175 1208 2242 1252 nou

1274 1273 1383 1338 miuus
1404 1293 1501 1354 quam
1524 1270 1657 1354 peritis?
1701 1271 1885 1356 Fingamus
1906 1293 2033 1348 omnes,
2066 1273 2122 1356 qui
2142 1273 2241 1338 ratio·

1274 1377 1351 1422 uem
1373 1356 1431 1423 abs
1449 1367 1482 1421 te
1504 1356 1687 1441 exigebant,
1709 1358 1809 1423 fuisse
1830 1356 1977 1424 indoctos
1999 1357 2131 1433 idiotas,
2153 1357 2241 1440 qued

1275 1451 1362 1508 certe
1384 1441 1424 1507 de
1446 1443 1601 1508 fratribus
1623 1443 1735 1510 elassis
1756 1455 1832 1508 tuae
1857 1463 2026 1526 uunquam
2048 1444 2107 1508 tibi
2129 1462 2241 1509 conee-

1275 1528 1365 1593 dam:
1388 1549 1450 1611 que
1477 1539 1586 1593 temen
1608 1537 1791 1611 praetextu,
1814 1530 1879 1594 imo
1901 1549 1967 1611 qua
1988 1530 2103 1607 fronte,
2125 1530 2166 1594 ab
2187 1527 2245 1593 illa

1275 1613 1474 1698 obligatione
1495 1623 1528 1678 te
1550 1613 1684 1691 eximes,
1712 1614 1764 1680 eui
1787 1635 1822 1679 se
1843 1625 1957 1680 tantus
1978 1614 2144 1696 apostolus
2166 1613 2243 1679 sub-
2281 1650 2284 1657 ·

1273 1699 1371 1766 iecit?
1415 1701 1462 1764 At
1489 1711 1695 1783 praepostere
1723 1699 1920 1766 iudicabunt.
1969 1700 2121 1765 Primum
2148 1711 2242 1764 tuum

1274 1795 1325 1850 est
1345 1785 1496 1868 experiri,
1519 1785 1684 1850 cessurine
1705 1785 1772 1849 sint
1792 1785 1926 1850 veritati
1943 1783 1999 1850 ubi
2020 1783 2060 1850 de
2078 1806 2116 1850 ea
2137 1783 2245 1851 edocti

1275 1871 1413 1950 fuerint,
1441 1891 1484 1935 an
1510 1870 1682 1936 obstinatis
1709 1870 1826 1936 animis
1880 1869 2060 1936 erreeturi?
2114 1869 2243 1936 Deinde

1274 1977 1371 2038 quam
1392 1956 1525 2038 iniquus
1546 1957 1676 2021 futurus
1697 1977 1741 2035 es,
1760 1977 1825 2020 uon
1869 1957 1918 2020 ico
1940 1963 2068 2020 tantum
2090 1955 2243 2022 fidelibus

1274 2041 1332 2107 sed
1354 2049 1387 2106 et
1405 2040 1529 2106 Christi
1548 2043 1662 2120 servis,
1685 2051 1719 2107 et
1740 2041 1893 2107 ecclesiae
1915 2041 2101 2124 pastoribus
2122 2049 2156 2106 et
2176 2040 2243 2106 ool·

1274 2127 1357 2208 legis
1378 2128 1453 2204 tuis,
1476 2129 1504 2192 si
1525 2127 1573 2191 itu
1593 2147 1649 2192 ees
1670 2135 1876 2204 contemnas,
1906 2135 1945 2191 ut
1965 2125 2051 2191 nihil
2070 2126 2165 2210 aequi
2186 2135 2244 2191 uut

1274 2213 1354 2278 recti
1376 2213 1417 2278 ab
1438 2213 1485 2278 eis
1503 2211 1692 2296 exspectes?
1737 2213 1906 2278 Postremo
1930 2211 2019 2277 aliud
2040 2221 2091 2277 est
2112 2211 2243 2278 studere

1273 2297 1362 2363 iusta
1391 2299 1612 2364 satisfactione
1645 2297 1775 2381 placare
1808 2299 1935 2363 animos
1966 2298 2119 2375 fratrum,
2153 2296 2243 2362 aliud

1274 2433 1281 2447 .
1301 2433 1309 2448 .
1329 2387 1376 2462 ,0)
1387 2381 1507 2450 iudicio
1525 2395 1620 2449 stare.
1652 2381 1689 2449 Si
1700 2384 1784 2448 alius
1801 2383 1848 2447 ita
1864 2382 2070 2466 respondisse
2081 2381 2243 2448 diceretur

253 2467 333 2549 quin
354 2467 462 2551 potius
484 2489 607 2547 omnes,
636 2470 723 2552 apud
744 2491 825 2552 quos
845 2471 897 2538 vel
925 2473 1030 2556 gratia
1051 2471 1104 2538 vel
1130 2480 1221 2538 auto·
1274 2477 1312 2532 ιιι
1330 2469 1369 2534 de
1390 2477 1423 2534 te
1444 2470 1570 2549 ferunt,
1599 2478 1748 2552 putarem
1776 2489 1970 2552 magnorum
1994 2469 2163 2532 neminum
2185 2469 2242 2534 ob-

253 2552 352 2617 ritate
374 2553 483 2631 valeo,
511 2555 640 2620 assidue
662 2556 788 2633 hortor,
818 2565 856 2622 ιιι
876 2559 912 2621 iu
934 2577 973 2623 ea
992 2557 1112 2623 diserte
1134 2577 1221 2622 com·
1273 2561 1369 2620 teutu
1391 2553 1467 2620 dats
1487 2575 1587 2638 opera
1607 2554 1751 2620 voluisse
1768 2553 1924 2620 fratribus
1946 2552 2092 2618 illudere.
2135 2551 2189 2618 De
2210 2561 2243 2619 te

253 2637 439 2703 mandanda
449 2647 483 2704 et
498 2639 693 2707 illustranda
703 2649 827 2725 quanto
841 2652 979 2725 possunt
996 2642 1103 2709 studio
1115 2643 1221 2708 elabo·
1273 2640 1391 2706 melius
1418 2661 1490 2705 sum
1518 2661 1708 2724 persuasus,
1735 2642 1828 2706 euius
1854 2638 2109 2706 moderationem
2130 2638 2243 2706 videor

253 2731 335 2787 rent.
368 2723 484 2807 Neque
503 2747 581 2792 vero
599 2727 682 2792 mihi
703 2749 848 2811 uuquam
870 2728 993 2812 placuit
1013 2750 1127 2794 eorum
1144 2751 1221 2794 eon·
1274 2725 1394 2790 habere
1420 2736 1640 2809 perspectam:
1674 2725 1731 2791 sed
1759 2727 1846 2808 ipse,
1880 2745 2007 2807 quaeso,
2035 2745 2111 2790 eum
2133 2725 2243 2790 auimo

252 2807 361 2874 silium
383 2812 438 2892 qui
459 2810 494 2876 iu
515 2812 692 2877 evertenda
712 2813 824 2879 localis
840 2815 1043 2896 praesentiae
1064 2814 1221 2897 supersti·
1273 2817 1329 2876 tuo
1357 2819 1473 2894 reputa
1506 2811 1584 2895 quid
1612 2811 1693 2878 hace
1722 2813 1823 2878 verba
1855 2811 1916 2876 sibi
1951 2809 2069 2876 velint:
2097 2809 2243 2875 Veniant

253 2893 340 2958 tione
362 2894 461 2962 nimis
483 2899 631 2980 occupati
648 2920 745 2965 verae
767 2901 970 2983 praesentius
991 2901 1150 2965 virtutem
1168 2899 1220 2965 vel
1273 2895 1418 2963 Buccrac
1449 2903 1482 2962 et
1510 2897 1724 2964 Melouchthoa
1755 2909 1793 2961 ut
1823 2894 1912 2980 apud
1943 2917 1999 2961 eos
2030 2915 2129 2961 eausa
2161 2895 2242 2962 haec

254 2978 428 3045 elevabant
449 2983 665 3063 extenuando,
686 2984 740 3073 pel
762 2985 952 3050 subticendo
981 3007 1023 3050 ex
1050 2986 1221 3050 homiuum
1275 2991 1441 3048 tractetur.
1485 2983 1571 3048 Mihi
1594 2991 1697 3062 certe,
1726 2981 1804 3047 dum
1825 3002 1846 3046 a
1867 2981 2010 3046 moribus
2032 2980 2098 3046 tuis
2118 2979 2242 3062 paulis·

252 3067 410 3130 memoria
436 3068 674 3150 quodammode
706 3068 866 3135 delebant.
916 3069 984 3137 Sed
1016 3083 1067 3138 est
1098 3070 1220 3154 aliquid
1273 3089 1332 3151 per
1353 3068 1583 3152 cogitationem
1605 3077 1731 3146 averto,
1762 3067 1858 3152 plane
1879 3067 2080 3151 significant,
2108 3075 2140 3130 te
2161 3065 2242 3131 ahos

252 3150 397 3216 medium
418 3152 504 3235 quod
524 3155 573 3220 ita
593 3163 705 3220 tenere
732 3157 852 3238 possis,
879 3165 918 3222 ut
945 3177 1049 3240 neque
1077 3155 1221 3223 videaris
1273 3175 1386 3218 omues
1404 3163 1561 3236 tanquam
1577 3175 1695 3237 purum
1709 3152 1842 3219 idoneos
1860 3151 2046 3236 cognitores
2063 3151 2241 3234 aspernari

252 3235 423 3304 deflectere
444 3238 486 3304 ad
507 3238 693 3325 prodigiosa
712 3240 771 3305 illa
791 3241 995 3325 papistarum
1017 3241 1139 3320 deliria,
1163 3263 1221 3308 ne-
1272 3237 1314 3303 Id
1335 3237 1421 3322 quod
1442 3259 1610 3322 nunquam
1629 3239 1701 3324 lego
1729 3240 1852 3304 factum
1879 3239 1943 3302 nisi
1972 3236 2013 3302 ab
2039 3236 2080 3302 iis
2102 3237 2175 3320 qui,
2202 3245 2241 3302 ut

251 3343 314 3406 que
337 3331 448 3390 tamen
475 3325 660 3392 dissimules
687 3348 802 3393 veram
830 3327 1072 3412 participandae
1095 3326 1221 3394 Christi
1272 3323 1429 3390 iudicium
1449 3325 1604 3392 ecelesiae
1625 3325 1897 3408 subterfugerent,
1927 3323 2037 3388 fucum
2057 3322 2163 3388 faeere
2183 3343 2240 3388 vo·

251 3409 358 3475 earnis
384 3411 552 3477 rationem.
604 3411 701 3493 Quod
730 3413 758 3478 si
790 3422 925 3479 eatenus
950 3412 1012 3477 tibi
1035 3411 1221 3478 moderatus
1272 3409 1392 3476 lebant.
1435 3409 1497 3489 Ite,
1519 3409 1634 3490 fateor,
1655 3411 1764 3475 meriti
1787 3419 1867 3474 sunt
1890 3408 1973 3474 tales
1993 3409 2057 3474 viri
2078 3415 2117 3472 ut
2137 3407 2180 3472 sit
2200 3407 2242 3472 il·

253 3516 298 3574 es,
315 3495 418 3561 miror
434 3495 521 3562 unde
539 3508 617 3563 nata
633 3499 677 3564 sit
693 3499 837 3565 offensio.
865 3499 1105 3565 Existimabam
1122 3499 1220 3577 enim,
1272 3494 1313 3561 lis
1339 3516 1438 3578 supra
1469 3495 1640 3580 vulgarem
1671 3495 1805 3560 modum
1836 3493 1988 3560 nonnihil
2019 3490 2241 3572 deferendum,

253 3581 426 3648 veritatem
447 3603 518 3649 esse
539 3584 626 3649 inter
653 3605 766 3650 omnes
793 3585 867 3650 istic
887 3575 1005 3650 fratres
1026 3584 1132 3668 magis
1154 3593 1221 3649 stu·
1273 3592 1503 3664 extremaeque
1525 3582 1577 3646 vel
1605 3579 1829 3665 impudentiae
1858 3580 1910 3645 vel
1938 3579 2160 3646 contumaciae
2188 3577 2242 3644 vel

252 3666 388 3748 bilitam,
412 3689 510 3752 quam
531 3677 571 3735 ut
590 3689 706 3753 parere
730 3691 832 3736 nevas
853 3670 1091 3736 eonuoversias
1113 3669 1221 3736 adhue
1273 3665 1432 3746 stultitiae
1453 3665 1554 3732 fuerit
1574 3667 1658 3732 nihil
1686 3666 1751 3732 illis
1778 3665 1854 3748 plus
1882 3666 2026 3731 tribuere
2048 3684 2146 3746 quum
2168 3663 2241 3730 aliis

254 3752 395 3819 deberet.
440 3753 529 3836 Quid
557 3756 644 3820 enim
667 3763 715 3822 tot
743 3754 878 3840 synodis
901 3755 940 3821 de
962 3756 1025 3822 hae
1046 3776 1082 3820 re
1100 3755 1221 3822 habitis
1272 3751 1485 3834 quibuslibet:
1504 3751 1562 3818 sed
1581 3773 1647 3817 nou
1665 3749 1924 3836 impediteorum
1943 3749 2144 3827 excellentia,
2163 3750 2242 3832 quin

275 3838 432 3905 refectum
453 3849 519 3920 est,
548 3842 577 3906 si
597 3841 721 3906 nullam
739 3842 844 3908 'nobis
866 3841 1112 3907 consensionem
1134 3849 1220 3906 attu-
1272 3857 1407 3902 manere
1427 3858 1553 3920 quoque
1575 3837 1662 3921 apud
1688 3837 1857 3902 inferiores
1885 3835 2016 3901 ordines
2044 3832 2160 3899 debeat
2181 3854 2242 3900 sua

251 3859 381 3988 ibruut?
425 3925 588 4008 Equidem
615 3927 688 3992 fieri
714 3948 809 4010 posse
836 3949 903 3993 uon
932 3927 1046 3993 dubito
1067 3938 1105 3992 ut
1136 3927 1221 3993 alius
1272 3923 1436 3988 autoritas.
1483 3921 1651 4004 Quorsum
1672 3923 1759 3988 enim
1789 3921 1846 3992 illa
1866 3921 1980 4005 politia
2000 3921 2088 3984 inter
2109 3941 2167 3986 vos
2188 3919 2241 3984 in-

253 4009 315 4074 alio
337 4031 407 4075 rem
424 4013 553 4078 acutius
571 4033 609 4078 ac
632 4014 850 4096 perspieacius
875 4021 996 4090 cernat,
1018 4013 1102 4078 abus
1119 4013 1220 4078 etiam
1272 4008 1401 4086 stituta,
1430 4009 1495 4075 nisi
1517 4029 1575 4091 pro
1597 4030 1633 4074 se
1654 4008 1789 4157 quisgue
1809 4014 1968 4089 tauquam
1989 4003 2243 4072 ecclesiasticum

250 4093 285 4158 id
306 4096 392 4178 quod
414 4099 520 4163 cernit
541 4097 605 4163 elio
627 4099 748 4165 clarius
776 4107 810 4165 et
831 4099 1017 4182 expressius
1039 4099 1218 4182 eloquatur.
1270 4092 1426 4159 iudicium
1450 4105 1640 4160 revereatur
1666 4115 1728 4177 que
1779 4115 1799 4158 a
1824 4093 1963 4158 fratrum
1992 4110 2146 4156 consessu
2167 4111 2242 4174 pro-

251 4177 319 4246 Sed
340 4182 423 4247 mihi
443 4181 633 4251 incredibile
654 4193 704 4251 est
724 4184 809 4250 ullos
836 4205 907 4251 esse
933 4186 1100 4250 intervos
1122 4183 1219 4249 hodie
1272 4178 1390 4245 dierit?
1423 4179 1637 4246 Intereednnt
1653 4178 1784 4262 quidem
1801 4178 1965 4262 permulta
1981 4197 2064 4260 quee
2084 4175 2242 4241 maiorem

249 4265 368 4332 fratres
390 4269 445 4351 qui
467 4267 602 4354 indigne
622 4271 738 4349 serant,
760 4270 1088 4336 communicationem
1110 4271 1219 4336 carnis
1271 4267 1489 4349 coguitionem
1511 4265 1711 4344 desiderent,
1742 4285 1846 4348 neque
1876 4272 1909 4329 te
1936 4259 2078 4345 impedio
2099 4263 2178 4344 quin
2200 4258 2241 4324 ad

249 4349 385 4432 (lhristi,
406 4357 540 4438 quaein
558 4377 659 4422 coena
675 4355 827 4422 fidelibus
845 4356 1025 4434 exhibetur,
1048 4356 1218 4440 perspicue
1272 4351 1424 4418 ecelesias
1446 4372 1612 4435 provoces,
1635 4350 1762 4434 quoties
1783 4350 1835 4414 ius
1857 4357 1961 4426 tuum,
1983 4347 2017 4413 id
2039 4353 2089 4412 est
2105 4345 2240 4424 Ohristi,

248 4440 403 4504 enarrari.
446 4441 560 4525 Neque
580 4441 615 4506 id
643 4441 763 4508 dicitur
782 4442 818 4507 in
846 4445 1000 4510 concione
1021 4450 1080 4506 tua
1101 4441 1216 4507 adrer-
1271 4435 1359 4520 apud
1381 4447 1528 4503 vestrum
1548 4437 1720 4520 collegium
1737 4457 1804 4500 non
1821 4433 2026 4518 impetrabis:
2049 4431 2105 4498 sed
2123 4441 2240 4528 ”timi

248 4523 293 4589 sis
313 4525 449 4591 auribus
465 4535 633 4610 acceptum
651 4549 731 4606 esse,
754 4527 811 4593 sod
829 4528 915 4611 quod
933 4530 1022 4594 visus
1040 4527 1085 4593 sis
1106 4527 1217 4593 nescio
1271 4545 1334 4606 que
1356 4523 1416 4588 tibi
1445 4521 1610 4607 agendum
1631 4529 1697 4600 est,
1724 4527 1764 4585 ιιι
1790 4521 1819 4586 si
1843 4540 1907 4603 qua
1933 4521 1968 4584 iu
1990 4539 2026 4584 re
2048 4517 2106 4616 tibi
2128 4517 2239 4580 imurn

249 4627 345 4692 quam
367 4609 501 4677 localem
519 4615 736 4695 praesentiam
752 4615 961 4693 comminisci,
984 4633 1083 4696 quam
1100 4613 1217 4678 merito
1271 4608 1338 4673 sint
1358 4608 1459 4674 vieini
1480 4609 1614 4686 strues,
1642 4605 1811 4672 00000100
1833 4605 1985 4672 0001000100
2006 4602 2161 4700 iuditium
2183 4620 2239 4664 '⁰'

271 4695 295 4760 ii
315 4717 429 4762 omnes
456 4697 677 4779 detestantur,
705 4700 732 4764 si
755 4698 833 4782 quid
856 4697 1036 4783 theologiae
1058 4698 1215 4783 intelligo.
1270 4703 1394 4774 centur,
1418 4702 1452 4760 οι
1473 4699 1585 4759 tamen
1605 4691 1780 4758 ministerii
1797 4692 1844 4756 tui
1862 4693 2021 4758 rationem
2038 4687 2103 4783 illrs
2121 4705 2238 4777 appro-

248 4715 367 4848 i'ruete
407 4801 483 4846 uram
511 4783 598 4848 enim
627 4785 712 4868 quod
734 4783 811 4851 huic
838 4785 943 4849 errori
963 4795 1032 4850 teta
1053 4785 1217 4868 scriptura
1269 4777 1357 4858 bare,
1379 4780 1596 4863 quantumin
1618 4787 1652 4843 te
1674 4789 1732 4857 est,
1755 4776 1896 4857 studeas,
1917 4797 1960 4842 ne
1977 4769 2164 4853 diseiphnae
2185 4789 2237 4835 or·

246 4867 385 4950 palams
410 4875 567 4948 versatur,
585 4869 625 4934 ab
643 4891 680 4935 eo
698 4891 824 4954 quoque
840 4869 938 4954 longe
954 4869 1098 4935 alienum
1117 4869 1216 4935 fuisse
1269 4863 1380 4931 dinem
1408 4865 1466 4932 abs
1497 4873 1530 4930 ιο
1557 4863 1715 4930 violatum
1741 4871 1989 4946 conquerantur.
2045 4859 2117 4938 Age
2148 4875 2236 4940 erga,

248 4953 370 5020 veteris
387 4952 542 5019 ecelesiae
559 4975 702 5036 sensum,
720 4954 833 5021 videre
849 4965 1038 5040 promptum
1055 4963 1114 5022 est
1147 4953 1216 5022 Sed

254 2381 363 2464 grtiuis
380 2383 515 2448 Domini
537 2385 861 2450 communicationem
881 2387 916 2450 in
938 2407 1038 2452 coena
1058 2395 1221 2452 statuunt:

1370 5045 1399 5151 d)
1417 5085 1607 5154 compendiosa
1623 5083 1669 5139 hic
1691 5084 1846 5151 scripturae
1867 5081 1957 5136 eam
1972 5092 2026 5145 pue
2043 5075 2123 5143 apae
2140 5090 2238 5144 mper-

1264 5155 1478 5224 100110101οΜ
1500 5153 1638 5210 dictracta
1679 5153 1825 5210 Nesaee
1847 5166 1886 5205 aa
1907 5142 2049 5214 legendam
2073 5148 2125 5198 att:
2151 5161 2238 5215 prsro

349 5227 1123 5298 apsaaatnaatttaatmcmqumttmet
1267 5225 1450 5296 adprime.
