4846 6016
154 403 194 466 81
973 387 1332 464 ORDONNANOES.

151 588 297 655 Reoteur
319 593 420 673 ayant
440 585 598 654 remeroie
619 583 838 666 l’assemblee,
866 589 901 652 61
926 583 975 652 166
1001 583 1126 668 priores

152 683 260 742 661666
282 674 406 753 1616166,
429 672 573 740 61666666
594 675 663 738 6’66
686 671 745 738 166.

153 844 313 1000 001¹Quo
335 864 372 910 ee
393 843 467 910 1666
488 841 522 908 16
548 841 574 908 11
594 864 618 928 y
640 842 687 908 ait
707 841 876 910 veeations
897 861 981 927 pour
1002 847 1074 906 1661
1095 840 1127 907 16
1263 841 1316 908 lio
1337 839 1390 908 die
1411 840 1537 910 6666116
1555 859 1576 906 6
1592 837 1709 908 studiis
1730 841 1792 908 toti
1810 838 1940 910 seholae
1956 838 2152 910 ooneeditor.

226 952 295 1016 ego.

239 1099 302 1168 S’il
323 1121 359 1166 66
380 1107 495 1167 trouve
524 1097 663 1182 quelque
692 1097 851 1166 esoholior
878 1098 933 1182 qui
962 1096 1085 1164 semble
1107 1118 1127 1162 a
1266 1095 1306 1163 Si
1327 1097 1399 1181 quis
1416 1096 1628 1165 eoholaetious
1645 1097 1736 1164 61666
1755 1096 1931 1164 166611666
1948 1099 2154 1182 praeeeptori

154 1207 212 1254 son
233 1187 368 1272 Rogant
386 1185 478 1252 avoir
500 1184 528 1251 si
547 1185 624 1252 bien
646 1185 763 1268 profito
790 1184 868 1268 6611
896 1183 1013 1250 doibve
1040 1190 1127 1250 estre
1179 1181 1228 1254 ita
1259 1184 1434 1266 profecisse
1462 1189 1605 1250 utente
1631 1203 1777 1250 annuum
1805 1184 1947 1334 66611666
1980 1182 2023 1248 61
2057 1183 2153 1249 61116-

154 1281 277 1340 aranee
298 1293 341 1338 on
362 1267 1042 1355 616616611166661666611666666161
1065 1289 1127 1354 que
1180 1289 1251 1334 rem
1346 1269 1423 1335 dum
1455 1269 1640 1352 promoveri
1665 1269 1784 1353 possit,
1840 1289 1857 1334 e
1890 1289 1929 1336 eo
1960 1276 2154 1353 praeeeptor

154 1359 185 1426 le
205 1359 339 1442 Rogant
360 1378 403 1422 on
424 1357 494 1424 faoe
515 1357 546 1422 16
568 1364 703 1440 rapport
724 1377 767 1422 ou
789 1355 974 1438 Prineipal:
1003 1363 1037 1421 et
1064 1375 1128 1439 que
1181 1354 1223 1420 ad
1249 1354 1284 1419 16
1308 1356 1513 1440 imagistrum
1540 1355 1668 1422 referto.
1725 1354 1761 1420 Is
1786 1375 1866 1420 vero
1893 1355 2043 1422 omnium
2068 1356 2155 1422 eius·

155 1443 186 1509 16
213 1442 384 1527 Prineipal
412 1442 593 1527 enregistre
623 1463 666 1508 66
695 1463 742 1506 66
768 1441 852 1508 livre
884 1441 932 1508 les
964 1461 1059 1508 nome
1088 1438 1128 1505 de
1180 1440 1268 1506 modi
1303 1441 1571 1508 seholastieorum
1610 1441 1744 1506 nomina
1775 1441 1811 1506 in
1841 1439 1954 1506 libello
1986 1448 2153 1507 annotato.

155 1541 227 1595 1666
249 1529 298 1595 les
308 1528 484 1594 esoholiors
505 1526 655 1610 desquels
672 1527 704 1592 le
722 1535 858 1610 rapport
874 1526 934 1611 luy
952 1547 1027 1594 sera
1043 1525 1129 1592 ainsi
1181 1525 1337 1592 Calendis
1358 1535 1471 1592 autem
1493 1525 1644 1592 Oetobrie
1665 1527 1788 1592 Reotor
1815 1547 1891 1593 oum
1913 1525 2152 1612 professoribus

154 1615 239 1681 faiet
283 1615 365 1681 Puis
386 1614 417 1679 lo
438 1614 579 1696 premier
600 1613 674 1678 iour
695 1611 879 1690 d’Oetobre,
907 1633 970 1696 quo
991 1612 1022 1678 16
1043 1613 1129 1678 1166-
1180 1613 1215 1677 16
1238 1613 1448 1697 gymnasium
1470 1613 1658 1692 eonvenite,
1687 1617 1721 1678 et
1747 1610 1788 1678 do
1817 1632 1853 1678 ro
1881 1618 1950 1678 1616
1979 1611 2154 1679 166666116.

155 1709 229 1766 1666
250 1721 333 1766 6666
353 1699 401 1766 les
422 1699 632 1765 Profeseeurs
653 1698 773 1763 vienne
795 1719 837 1764 au
856 1697 998 1782 Oolloge,
1020 1704 1055 1762 et
1076 1717 1129 1762 or·
1182 1695 1280 1778 Quod
1301 1699 1329 1764 61
1351 1698 1450 1764 etiam
1476 1697 1549 1764 aliie
1575 1698 1654 1763 anni
1681 1698 1885 1781 temporibus
1913 1697 2032 1781 6116616
2060 1704 2156 1766 66166

155 1785 263 1852 donne
285 1807 322 1852 ee
343 1786 399 1869 qui
423 1805 465 1850 en
487 1785 609 1850 debvra
638 1792 724 1850 66166
751 1784 837 1850 16161.
887 1784 934 1849 Ε1
955 1803 1079 1848 mesme
1101 1782 1129 1848 61
1181 1783 1330 1848 ordinem
1347 1782 1587 1866 promovendus
1608 1782 1783 1863 videbitur,
1805 1805 1881 1850 eum
1901 1784 2053 1850 Raetoris
2073 1785 2155 1869 legi·

154 1893 196 1938 on
218 1871 358 1955 quelque
379 1871 483 1936 661166
505 1870 615 1936 661666
637 1869 678 1935 16
698 1869 826 1936 l’anneo
848 1868 871 1934 il
894 1873 961 1936 e'en
984 1869 1130 1935 trouvoit
1180 1870 1263 1936 tima
1283 1869 1479 1954 cognitione,
1500 1877 1596 1936 extra
1613 1867 1762 1936 ordinem
1783 1879 1998 1954 promovetur.

157 1957 331 2040 quelqu'un
344 1957 400 2040 qui
410 1956 558 2021 meritust
575 1955 695 2022 d'ostre
714 1964 836 2022 666666
854 1953 1128 2022 extraordiuairo-

155 2050 262 2122 ment,
291 2063 354 2126 que
375 2043 406 2108 16
427 2043 574 2108 Recteur
602 2062 644 2106 en
665 2041 735 2105 1666
756 2061 896 2106 examen
917 2039 1128 2121 eonvenable,

156 2135 189 2194 et
208 2127 288 2213 qu'il
310 2128 373 2194 soit
395 2135 517 2194 avanoe
539 2125 897 2192 extraordinairement

389 2345 458 2402 DES
476 2345 730 2403 Paoaussuuas
747 2345 902 2403 PUBLIGS.
1394 2347 1444 2402 DE
1462 2343 1940 2404 66661666666666661666.

240 2467 825 2551 (166166166616661666666111166,
848 2467 1130 2534 666666161Ἠ6-
1268 2469 1349 2534 Tres
1386 2467 1509 2551 pubboi
1547 2467 1757 2551 professores,
1792 2464 1953 2536 hebraeus
1988 2471 2150 2553 videlieet,

155 2557 245 2622 brieu
276 2563 311 2620 61
338 2553 369 2619 16
392 2553 495 2633 Gree,
523 2560 557 2618 61
584 2553 679 2637 eeluy
707 2553 946 2703 6666666666
974 2552 1023 2618 166
1051 2561 1129 2653 6616,
1182 2572 1336 2654 graecus,
1365 2561 1399 2618 61
1419 2554 1476 2638 661
1495 2561 1583 2619 66166
1604 2551 1706 2633 16661,
1731 2553 1779 2618 116
1799 2553 1848 2618 uti
1868 2552 1909 2620 de
1931 2556 2004 2624 61116
2025 2557 2151 2625 dietum

155 2639 407 2795 dddeddtroddeus
432 2646 465 2706 61
492 2638 672 2706 eonfermea
700 2659 784 2706 aanor
813 2660 857 2722 qu
923 2647 1038 2706 66616
1064 2639 1131 2706 1661
1182 2647 1233 2705 661
1253 2639 1418 2724 eliganter
1439 2645 1473 2706 et
1493 2639 1736 2705 eonfirmentor.

238 2898 291 2964 Lo
313 2893 442 2976 Lundi,
471 2894 503 2960 le
525 2894 650 2975 Mardi,
680 2903 713 2962 et
734 2895 765 2962 le
787 2894 890 2975 Ieudi,
913 2895 1009 2979 qu'ils
1031 2894 1131 2962 116661
1267 2893 1393 2962 Diebus
1424 2895 1556 2977 Lunae,
1584 2895 1702 2960 Martis
1735 2901 1769 2960 et
1801 2895 1891 2964 Iovis
1930 2896 2015 2963 binis
2047 2897 2153 2964 horis:

156 2985 300 3050 ehaseun
328 2980 414 3048 1666
441 2981 576 3047 heuros:
611 2983 795 3060 aeoavoir,
822 2982 911 3046 l’uno
941 3003 983 3047 eu
1013 2981 1130 3060 matio,
1183 2979 1297 3048 diebus
1319 2981 1476 3048 Mereurii
1497 2990 1531 3046 et
1552 2981 1708 3060 Veneris,
1736 3001 1803 3048 666
1829 2983 2072 3066 promeridiano
2095 2984 2153 3050 do·
2210 2982 2214 2990 '

154 3070 272 3135 l’autre
295 3089 390 3150 apres
411 3065 531 3133 diener.
582 3067 633 3132 Le
655 3065 818 3134 Moreredi
849 3076 882 3132 et
908 3066 940 3132 le
961 3065 1130 3132 Vendredi
1182 3075 1287 3132 66616.
1336 3068 1401 3134 Die
1422 3066 1561 3134 Sabbati
1589 3088 1610 3134 6
1634 3067 1826 3134 lectionibus
1851 3068 2018 3135 foriautor.
2069 3069 2153 3137 Dios

155 3155 299 3222 ebaseun
334 3174 400 3218 une
426 3151 543 3218 heure:
580 3174 600 3218 6
628 3154 756 3218 6666616
785 3173 879 3236 apros
908 3150 1028 3218 diener.
1078 3153 1129 3218 Le
1181 3153 1376 3220 Dominieue
1409 3153 1509 3219 saeris
1543 3157 1618 3232 [pag.
1648 3157 1702 3232 21]
1736 3155 1946 3222 eoneionibus
1979 3154 2150 3223 audiendis

155 3237 291 3308 Samedi
313 3237 392 3322 qu’il
413 3238 468 3322 n’y
490 3237 539 3304 ait
559 3237 652 3321 point
673 3237 713 3304 de
730 3239 849 3306 leeous.
882 3238 1129 3306 LeDimanehe
1182 3236 1288 3304 16166.

155 3328 218 3394 6611
234 3325 387 3408 employa
407 3345 428 3389 a
448 3323 522 3388 6616
543 3323 591 3390 166
611 3345 768 3391 sermons.

238 3493 479 3573 LeVondredi,
502 3495 598 3578 qu'ils
620 3515 657 3560 se
677 3502 840 3575 trouvent,
863 3495 1034 3578 16616611
1055 3495 1129 3562 1666
1265 3493 1393 3562 Diebus
1410 3493 1551 3562 Veneris
1572 3495 1828 3580 eongregationi,
1850 3516 1949 3579 quam
1969 3502 2097 3579 666661,
2111 3459 2154 3562 61

153 3603 238 3736 6616ἓί
239 3581 397 3734 mimo,
425 3603 446 3646 a
464 3580 497 3646 16
518 3582 752 3666 eongregation
774 3589 808 3646 et
828 3602 870 3646 au
892 3581 1048 3664 Collaque
1070 3579 1128 3648 des
1180 3580 1406 3733 6666666ῐὲ666
1434 3581 1584 3663 66661116,
1612 3580 1718 3665 66661
1745 3582 1816 3648 eius
1838 3581 1910 3648 11661
1930 3583 2068 3666 poterit,
2101 3582 2153 3648 16-

239 3838 314 3920 Quo
335 3837 367 3902 le
388 3837 574 3919 profeseeur
590 3836 738 3903 Hebrieu
759 3857 879 3920 expose
896 3837 927 3902 16
949 3837 1054 3904 666116
1076 3837 1128 3902 in·
1264 3835 1437 3903 Hebraeus
1458 3838 1621 3920 professor
1642 3859 1740 3904 mane
1762 3839 1874 3905 stetim
1896 3859 1917 3904 6
1938 3838 2093 3904 66661666
2114 3837 2155 3904 li·

152 3925 323 3992 666116661
350 3942 445 4006 apres
472 3923 503 3988 le
531 3943 661 3990 sermon
686 3923 826 4006 quelque
853 3923 938 3990 livre
967 3922 1011 3988 du
1038 3923 1127 3988 Vieil
1179 3923 1275 3988 brum
1286 3922 1429 4005 aliquem
1440 3923 1572 3988 Veteris
1586 3924 1799 4004 Testamenti,
1812 3923 1972 3990 adieretis
1984 3924 2154 3990 Hebraeo-

150 4019 330 4078 testemont
362 4029 443 4074 6666
479 4009 527 4074 166
560 4007 819 4076 (16666666161666
856 4007 914 4076 166
945 4009 1125 4076 Hebrieux.
1178 4029 1253 4074 rum
1274 4009 1530 4086 oommentariis,
1558 4010 1798 4092 interpretator.
1849 4011 1880 4074 A
1906 4009 2042 4092 prandio
2063 4031 2153 4092 6666,

149 4099 260 4180 Apros
288 4093 412 4172 diener,
448 4095 527 4178 6611
552 4093 613 4160 1166
642 4095 674 4158 16
700 4095 896 4179 grammaire
922 4094 1125 4178 Hebraique:
1178 4093 1313 4179 hyeme,
1336 4094 1377 4160 ab
1400 4094 1480 4160 hora
1501 4093 1691 4160 duodecima
1713 4093 1755 4158 ed
1775 4093 1931 4177 primam,
1962 4103 2103 4176 aestate,
2131 4115 2152 4162 6

150 4203 189 4248 66
215 4179 752 4280 166661666166611116666666
775 4181 970 4261 66616666,
993 4203 1035 4246 en
1057 4189 1126 4248 oste
1177 4180 1285 4264 prima
1307 4179 1348 4246 61
1370 4178 1562 4259 seeundum,
1590 4181 1825 4265 grammatiemr
1853 4179 2029 4248 hebraeam
2052 4182 2151 4266 profi·

150 4268 268 4353 depurs
289 4287 354 4330 une
376 4265 478 4332 heure
499 4267 631 4348 1666666
651 4287 671 4330 6
692 4264 787 4332 1666.
1176 4273 1272 4332 16166.

238 4435 370 4517 Quale
398 4435 582 4518 professeur
604 4436 693 4502 Greo
718 4436 750 4502 le
777 4437 881 4501 motin
909 4443 1002 4501 entre
1030 4457 1125 4519 apres
1263 4436 1411 4504 Graecus
1450 4437 1612 4519 professor
1649 4455 1746 4502 mano
1784 4435 1925 4504 hebraeo
1963 4439 2150 4519 suoeodene,

150 4523 336 4601 l’Hebrieu,
370 4531 403 4586 ot
424 4541 542 4604 expose
571 4523 709 4606 quelque
735 4521 821 4588 livre
849 4521 890 4587 de
915 4521 1125 4606 Philosophia
1176 4521 1436 4606 philosophieum
1459 4521 1582 4605 aliquid
1603 4523 1689 4605 quod
1711 4521 1752 4588 ad
1773 4543 1882 4590 mores
1902 4524 2080 4606 pertineat,
2109 4546 2152 4591 ex

172 4612 207 4674 ui
236 4626 396 4674 66666666
425 4611 506 4686 [pege
532 4613 583 4688 15]
612 4607 660 4673 les
689 4627 809 4672 moure.
857 4608 909 4672 Le
935 4607 1020 4674 livre
1052 4630 1134 4684 6666,
1176 4609 1364 4686 Aristotele,
1386 4607 1439 4674 661
1450 4607 1597 4686 Ρ161666,
1620 4608 1673 4674 661
1684 4607 1872 4688 Plutarcho,
1895 4609 1949 4676 vel
1970 4609 2151 4677 christiano

152 4629 342 4771 d'Aristote,
368 4712 410 4756 ou
432 4693 560 4772 Platon,
588 4714 630 4758 ou
653 4693 842 4776 Plutarque,
863 4713 903 4756 ou
926 4693 967 4758 de
988 4694 1125 4777 quelque
1176 4693 1284 4776 aliquo
1316 4692 1510 4777 philosopho
1537 4695 1780 4778 interpretator.
1831 4697 1863 4760 A
1891 4695 2029 4778 prandio
2059 4717 2149 4775 vero,

150 4779 347 4864 philosophe
370 4777 554 4844 Ohresti'on.
606 4780 714 4862 Apros
743 4777 853 4844 diener
882 4777 957 4860 qu'il
985 4779 1044 4845 lieo
1068 4781 1125 4864 (en
1176 4777 1293 4864 hyeme
1321 4777 1452 4861 quidem
1486 4801 1506 4844 6
1540 4780 1648 4863 prima
1682 4779 1723 4846 ad
1748 4779 1938 4860 seeundum,
1974 4787 2097 4846 aestate
2131 4803 2152 4848 6

151 4863 810 4952 166666,1666166661666666616661
838 4871 979 4942 666616,
1009 4864 1125 4948 depuis
1176 4865 1274 4929 tertia
1306 4863 1347 4930 ad
1375 4873 1543 4947 quartam,
1577 4865 1719 4950 aliquem
1751 4887 1792 4930 66
1825 4866 2011 4949 purioribus
2044 4867 2149 4950 poetis

151 4953 232 5018 trois
249 4952 382 5032 iusques
399 4971 419 5014 a
435 4953 567 5033 quatre)
588 4951 727 5033 quelque
743 4955 838 5034 poete
850 4949 946 5027 Greo,
969 4970 1012 5015 66
1034 4949 1125 5032 6661·
1178 4949 1303 5034 graeeis
1323 4949 1377 5017 vel
1404 4952 1586 5019 oratoribus
1615 4953 1669 5019 vel
1695 4950 1858 5018 historiois
1886 4952 2031 5018 viaissim
2053 4973 2151 5018 enar-

152 5057 215 5120 666
236 5045 381 5110 6661666,
402 5057 444 5101 66
466 5035 740 5120 historiographe,
768 5057 810 5101 en
831 5057 878 5100 un
899 5043 1006 5118 temps
1028 5035 1126 5102 d’une
1177 5043 1257 5102 6616.

153 5131 242 5189 sorte
260 5129 295 5188 61
313 5120 389 5204 puis
407 5120 447 5188 de
464 5122 594 5188 l’autre:
612 5129 646 5188 et
662 5123 858 5190 ehoisissant
876 5121 933 5188 des
950 5121 1124 5205 pluspurs.

239 5289 315 5376 Quo
336 5290 369 5358 lo
385 5293 570 5376 professeur
587 5290 645 5360 des
664 5300 732 5360 6616
751 5293 782 5358 16
800 5293 901 5360 matio
920 5301 1013 5360 66166
1030 5312 1126 5377 apres
1263 5291 1395 5361 61611666
1416 5295 1579 5379 professor
1599 5314 1696 5360 mane
1712 5291 1887 5377 professori
1903 5311 2021 5447 666666
2038 5315 2153 5363 sueee-
