4852 6022
156 333 219 396 365
992 335 1072 398 1539
1093 329 1330 401 sumnum:
2096 335 2159 397 366

158 519 289 585 Nimiae
312 521 533 586 concionatori
554 521 679 588 Montis
697 519 880 604 Belligardi
896 524 923 584 ³.
937 521 1132 602 posteriores
1183 519 1305 586 Incidit
1332 519 1420 582 enim
1446 519 1481 582 in
1510 527 1632 583 sortem
1653 529 1744 585 tuam
1767 526 1802 583 et
1829 519 1939 584 fratris
1963 520 2060 586 simnl
2081 541 2158 588 eum

157 607 334 689 propbetas
356 627 400 670 ex
408 607 622 674 translatione
633 605 761 688 Stapnl.
785 613 820 670 et
839 604 955 672 Iobum
977 605 1133 688 gallicum
1183 603 1394 686 sequentibus
1416 605 1511 668 iuxta
1537 603 1730 669 divisionem
1760 625 1779 668 a
1806 604 1901 668 nobis
1933 605 2039 672 tribus
2071 605 2160 672 bona

158 710 231 756 earm
254 703 445 756 commento.
490 693 575 758 Item
600 691 755 760 Zebedaeo
775 691 951 774 proverbia
968 689 1130 756 hebraica
1183 691 1383 760 conscientia
1405 698 1578 772 peractam,
1601 711 1698 772 quam
1720 699 1754 754 et
1775 711 1834 772 per
1856 689 2053 756 Michaellem
2076 711 2158 774 quo·

156 777 230 841 Hos
251 797 286 842 se
304 776 462 842 Oliactaao
480 787 593 842 nostro
605 777 777 844 tradidisse
787 785 903 846 mutuo
915 777 1130 844 affirmarunt.
1183 797 1245 858 que
1284 775 1492 859 bibliopolam
1539 795 1642 858 aequa
1689 776 1919 842 aestimatione
1951 777 2156 862 singulorum

158 861 249 942 Quos
271 883 349 926 vero
371 865 442 945 ipse
465 863 516 928 vel
540 863 737 946 Repiualdas
758 863 850 927 varie
870 861 1025 926 distraxit
1044 881 1131 925 com-
1156 832 1159 931 1
1184 865 1238 942 (ιιι
1270 860 1409 946 videbis)
1442 861 1623 926 examinari
1664 861 1866 937 curavimus,
1906 861 2068 945 huiusque
2108 865 2156 928 rei

157 947 289 1012 modato
311 949 374 1012 etsi
397 947 494 1014 toties
517 970 571 1014 eos
594 949 791 1030 repetierim,
813 948 906 1012 nulla
927 961 1038 1016 tamen
1057 969 1130 1028 per·
1184 949 1291 1029 gratia
1313 968 1378 1011 uno
1401 945 1453 1010 die
1474 947 1582 1030 ipsum
1606 947 1669 1012 bue
1692 947 1846 1014 accersivi
1864 955 1899 1011 et
1915 969 1973 1030 pro
1989 947 2156 1017 laboribus

157 1034 276 1098 tinacia
297 1034 585 1116 importunitatcve
604 1055 717 1100 omnes
735 1032 996 1116 pomicolligere.
1030 1033 1131 1100 Prae·
1183 1034 1251 1098 suis
1272 1032 1416 1097 libellum
1440 1053 1537 1114 quem
1559 1031 1666 1116 delegi
1688 1035 1756 1115 ipse
1775 1032 1907 1098 tradidi:
1929 1033 1996 1098 scil.
2017 1034 2157 1100 Maiatre

157 1120 287 1184 sertim:
321 1139 341 1182 a
369 1119 416 1186 Io.
443 1119 633 1200 Popilliouc,
664 1121 721 1202 qui
748 1139 836 1186 unns
865 1141 905 1186 ex
928 1117 1132 1184 curatoribus
1168 1119 1295 1184 ,Allain
1322 1117 1353 1184 le
1378 1118 1574 1198 oharrctier,
1602 1128 1636 1183 et
1656 1117 1794 1182 alterum
1818 1119 1902 1184 Duo.
1926 1119 2091 1188 Gulielmo
2112 1121 2157 1186 dc

157 1205 345 1269 testamenti
367 1215 427 1282 est,
454 1208 490 1266 11
520 1217 578 1270 551
610 1210 645 1267 15
667 1205 835 1270 volumina
852 1213 1047 1286 extorquere
1064 1225 1130 1268 non
1187 1204 1312 1281 1511115,
1335 1205 1402 1268 5511.
1422 1203 1469 1268 las
1491 1202 1633 1270 luuettes
1656 1204 1714 1270 des
1735 1203 1879 1286 princes,
1909 1226 1991 1287 quas
2011 1205 2157 1272 studiose

157 1289 321 1366 valemus,
352 1311 431 1373 quos
464 1291 528 1356 nisi
560 1312 637 1356 mox
671 1290 863 1368 reddiderit,
903 1290 939 1354 15
977 1290 1130 1355 55551555
1184 1301 1382 1372 poposcerat.
1424 1289 1575 1356 Michceii
1595 1310 1675 1354 vero
1697 1298 1771 1372 post
1792 1292 2067 1372 appreciationem
2089 1292 2155 1356 sin-

157 1377 297 1440 fratrum
319 1396 499 1458 conquerar
521 1385 555 1440 et
575 1397 759 1459 persequar.
793 1377 825 1442 A
839 1375 1129 1452 amaricantium,
1155 1349 1159 1463 1
1182 1375 1332 1460 gulorum
1355 1375 1566 1457 partitionem
1589 1377 1679 1458 prius
1701 1384 1806 1441 actam
1828 1377 2066 1442 communicavi
2088 1377 2155 1443 col-

158 1482 217 1526 nac
239 1460 446 1526 definitiones
468 1463 708 1530 discretionum.
731 1483 812 1544 quos
833 1483 868 1526 se
890 1483 956 1524 non
978 1459 1130 1526 habuisse
1155 1471 1157 1507 ¹
1181 1459 1320 1542 latisque
1343 1461 1515 1542 utriusque
1537 1463 1640 1543 partis
1658 1461 1771 1542 pretiis
1788 1463 2017 1544 aequissimam
2040 1461 2154 1546 depro-

158 1547 210 1611 vel
231 1543 354 1612 habere
374 1547 554 1628 respondit
586 1548 679 1613 Alo.
699 1547 840 1618 Fodro²t
863 1547 990 1614 (isaer.
1008 1547 1129 1612 librum
1182 1545 1355 1610 hendimus
1378 1566 1464 1624 eam,
1492 1546 1570 1611 licet
1597 1545 1717 1612 iudicio
1744 1557 1856 1612 nostro
1877 1565 1949 1612 eam
1972 1548 2155 1626 fecerimus,

157 1635 282 1696 Annae.
323 1633 376 1696 Ab
397 1633 618 1710 1115555153)
641 1641 754 1698 nostro
774 1633 933 1698 Tabulam
955 1631 1130 1697 Mosellani
1181 1640 1311 1696 tantum
1350 1632 1387 1694 in
1425 1631 1618 1714 quibusdam
1658 1631 1749 1696 libris
1788 1630 1949 1698 delectum
1981 1631 2164 1700 habuimus·

157 1737 232 1782 erim
255 1717 378 1799 aliquot
397 1717 533 1784 libellis:
555 1738 617 1784 neo
639 1719 757 1784 horum
775 1718 951 1802 quidquam
968 1739 1004 1784 se
1021 1739 1130 1800 posse-
1181 1730 1313 1799 propter
1341 1729 1389 1790 te.
1417 1719 1444 1784 si
1473 1718 1554 1782 forte
1574 1719 1747 1782 nonnullos
1768 1739 1939 1784 asservare
1961 1718 2153 1786 decreveris.

157 1802 244 1868 disse
266 1803 357 1867 dixit.
1180 1805 1290 1884 Atque
1316 1803 1389 1867 ideo
1416 1804 1485 1884 ipse
1515 1823 1643 1885 qnoque
1671 1805 1812 1884 potiores
1840 1813 1915 1872 tuae
1943 1805 2040 1872 sortis
2072 1805 2156 1872 mihi

242 1889 373 1954 Novum
405 1897 477 1954 test.
506 1911 659 1972 graecum
683 1888 829 1955 Oolinaei
854 1887 1029 1968 Paptllioui
1051 1908 1130 1952 ven·
1180 1888 1289 1971 accepi
1311 1889 1404 1952 iuxta
1425 1909 1587 1952 summam
1614 1894 1652 1953 10
1666 1895 1713 1978 ἵ]
1734 1900 1767 1953 51
1789 1887 1885 1968 ultra,
1908 1899 1947 1954 51
1968 1911 2009 1953 ex
2031 1891 2072 1954 iis
2095 1891 2154 1957 tibi

156 1972 298 2052 diderat,
332 1974 419 2038 unde
457 1975 628 2058 Repiualdo
667 1976 807 2040 exsoluti
841 1984 918 2039 sunt
960 1979 997 2034 15
1030 1993 1128 2040 asses.
1180 1995 1309 2055 semper
1335 1974 1432 2039 liceat
1460 1973 1547 2056 apud
1575 1995 1629 2038 me
1658 1975 1808 2039 invenire
1830 1983 1864 2038 et
1879 1985 2052 2058 reposcere
2073 1997 2154 2058 quos

155 2059 334 2142 Reliquum
372 2061 470 2142 pretii
507 2061 697 2142 reliquimus
733 2059 838 2141 Papa.
878 2057 989 2126 Biblia
1027 2059 1130 2128 latina
1180 2059 1312 2126 libuerit
1335 2066 1448 2141 (quum
1478 2059 1585 2126 nullos
1606 2061 1787 2142 peculiares
1812 2059 1957 2128 indicare
1987 2061 2153 2140 volucris),

155 2145 238 2210 Rob.
252 2143 366 2226 Steph.
391 2145 589 2230 1159051155
610 2145 810 2224 Murmur)
833 2143 1039 2212 vendendam
1061 2153 1128 2210 tra·
1181 2145 1246 2210 imo
1268 2147 1365 2210 etiam
1388 2167 1428 2212 ex
1451 2147 1542 2218 meis,
1566 2147 1620 2228 qni
1644 2146 1693 2212 tui
1715 2157 1793 2210 sunt
1809 2146 1945 2230 perinde
1962 2155 2060 2230 atque
2077 2148 2152 2214 mei.

156 2229 238 2296 didit
265 2233 320 2313 qui
346 2251 407 2312 pro
436 2233 483 2298 eis
511 2235 529 2296 1
558 2239 604 2322 V
633 2233 755 2298 solares
778 2232 839 2297 tibi
867 2231 1033 2296 soluturus
1069 2241 1127 2296 est
1737 2227 1747 2240 '

1000 2417 1143 2482 Hebraei
1165 2417 1298 2484 codices.

152 2561 263 2628 Biblia
283 2564 458 2628 venetiana
465 2613 896 2632 .........
1052 2565 1126 2628 611.
1178 2565 1368 2632 Ρ55ι51555.
1391 2563 1464 2632 hab.
1487 2573 1522 2630 et
1541 2565 1647 2632 chald.
1670 2565 1764 2632 alb..
1812 2615 1818 2632 .
1865 2617 1871 2632 .
1913 2619 1925 2637 ,.
1987 2569 2061 2634 111.
2086 2563 2159 2658 bs

152 2649 300 2712 Lexictm
320 2649 445 2714 Munst
466 2699 896 2715 .........
1042 2655 1079 2712 15
1098 2645 1134 2737 s

152 2733 267 2802 Gram.
290 2733 387 2802 chald
388 2783 897 2802 ...........
969 2733 1127 2817 111611
2088 2791 2093 2802 .

151 2818 292 2886 Kalend.
316 2819 388 2886 heb.
411 2821 535 2886 115551.
572 2869 895 2888 .......
1060 2820 1127 2902 8ss
1178 2819 1349 2902 Quaedam
1370 2843 1469 2904 opera
1490 2819 1615 2888 talmnd
1618 2871 1922 2890 .......
2085 2821 2158 2913 8s

152 2903 305 2988 Capitulis
327 2906 518 2974 5551151515
519 2954 898 2972 ........
1053 2911 1069 2970 1
1091 2907 1124 2970 fl.

149 2989 374 3142 {reluerbileltt
398 2989 493 3058 Cant
516 3011 591 3058 oum
613 3001 722 3062 annot.
745 2993 896 3058 Manat.
1041 2997 1080 3057 10
1101 2990 1126 3075 ss
1177 2992 1358 3076 Praecepta
1377 2993 1450 3060 heb.
1473 3014 1550 3062 eum
1571 2993 1700 3076 explan.
1723 2993 1765 3060 R.
1789 2991 1923 3062 Samuel
2065 3001 2104 3060 10
2120 2991 2158 3086 s

181 3096 218 3142 aa
230 3077 276 3142 mi
322 3097 340 3142 e
364 3121 897 3144 ...........
1042 3083 1080 3142 10

149 3160 302 3228 Institu⁸⁸
324 3163 389 3228 the.
412 3163 510 3230 usar.
571 3213 896 3230 .......
916 3240 926 3256 ,
1061 3076 1126 3246 31
1176 3163 1369 3230 Difficilium
1390 3161 1464 3234 diat.
1487 3165 1522 3230 iu
1545 3163 1621 3236 Gen
1623 3213 1920 3232 .......
1987 3170 2006 3232 1
2023 3161 2060 3254 s
2075 3171 2094 3230 6
2116 3167 2147 3232 d.

149 3245 330 3330 Oompend.
348 3248 430 3316 Mat
441 3249 604 3332 Aurigalli
625 3268 701 3314 oum
718 3247 806 3316 1111).
829 3249 898 3332 pri·
1401 3255 1406 3264 '
2088 3316 2090 3325 .

236 3333 348 3403 on'bus
370 3333 480 3403 Gazae
520 3383 897 3402 ........
1059 3341 1079 3400 4
1100 3332 1126 3416 ss

149 3666 443 3735 115155505115
444 3717 896 3735 ..........
966 3670 1051 3818 lll.2
1061 3674 1079 3732 6
1076 3664 1131 3839 ἦ
1175 3667 1291 3736 (iram.
1313 3669 1492 3734 Melanoht.
1544 3721 1550 3734 .
1596 3667 1635 3733 .’
1648 3717 1920 3734 ......

149 3751 211 3819 No.
235 3751 323 3818 [lest.
345 3772 420 3818 eum
444 3763 553 3820 annot.
577 3753 707 3822 Erasini
729 3753 896 3820 avolum.
1175 3755 1355 3840 Progyma.
1379 3751 1511 3820 Othom.
1534 3753 1685 3820 Luscinii
1708 3775 1783 3820 cum
1806 3751 1921 3838 (lepor.

146 3837 334 3905 Commeat
355 3837 483 3904 Budasi
516 3889 523 3904 .
568 3890 576 3904 .
622 3891 629 3906 .
779 3891 786 3906 .
834 3892 841 3906 .
886 3891 894 3906 .
1037 3845 1123 3929 IV
1174 3838 1265 3906 Ioan.
1287 3839 1402 3906 Reuel.
1425 3840 1461 3904 in
1484 3841 1502 3902 7
1524 3839 1668 3924 psalmos
1698 3892 1919 3906 .....

149 3919 261 4004 Opera
277 3921 362 3990 hom.
386 3925 512 4008 imperi.
569 3972 894 3992 .......
1035 3929 1076 3990 10
1173 3922 1265 3990 lllias
1287 3912 1414 3993 homeri
1433 3975 1919 3991 ..........
1973 3969 1975 3974 -
2083 3935 2101 3994 1

148 4005 285 4072 Rudim.
305 4009 427 4093 lopadii
465 4059 896 4078 .........
965 4017 976 4074 1
997 4005 1066 4101 sd
1112 4061 1120 4076 .
1174 4009 1253 4078 'lab
1277 4009 1374 4076 Caeb.
1398 4010 1562 4094 graecolat
1564 4061 1922 4076 ........
1986 4015 2004 4076 3
2021 4009 2091 4102 sd
2138 4004 2152 4082 .’

148 4091 304 4160 Haesiod.
329 4095 489 4180 quaedam
513 4115 614 4180 opusc
626 4147 896 4162 ......
1056 4101 1075 4162 1
1093 4093 1129 4185 s
1174 4095 1291 4180 Oapito
1312 4098 1346 4164 in
1368 4095 1446 4162 flab
1447 4147 1921 4162 ..........
1991 4101 2004 4161 1
2025 4095 2057 4188 J
2077 4103 2095 4163 0
2115 4095 2145 4166 d.

962 4284 1076 4350 Latini
1096 4293 1132 4350 et
1152 4284 1340 4368 germanici.

150 4421 260 4492 Oecol.
282 4429 319 4492 in
338 4425 455 4494 Erech.
516 4479 893 4496 ........
1035 4433 1076 4492 10
1092 4423 1139 4524 ΙῚ
1172 4429 1335 4496 Bibliand.
1358 4431 1394 4494 in
1415 4427 1549 4494 Nahum
1594 4481 1919 4496 .......
1982 4437 2000 4498 1
2017 4427 2055 4523 s
2070 4437 2088 4496 6
2111 4430 2142 4498 d.

147 4511 245 4578 Idem
267 4513 303 4578 in
324 4513 383 4580 Iob
386 4563 895 4582 ...........
1038 4509 1129 4604 15]ι
1172 4513 1212 4580 de
1235 4523 1422 4600 contemptu
1444 4513 1535 4600 relig.
1590 4566 1914 4582 .......
1982 4514 2140 4608 3s6d

147 4595 274 4664 1155155.
294 4621 369 4666 eum
390 4621 471 4666 eom.
494 4599 608 4666 Brent.
621 4649 892 4671 ......
1056 4595 1128 4752 91(
1172 4601 1231 4666 No.
1255 4611 1327 4666 test.
1350 4599 1399 4665 lat
1401 4651 1915 4668 ...........
2078 4595 2151 4692 is

146 4683 333 4749 Primasius
355 4685 388 4748 in
412 4706 524 4751 omnes
546 4708 594 4769 ep.
618 4708 683 4770 pan
685 4737 893 4752 .....
1049 4692 1061 4750 1
1172 4686 1258 4752 Ρ551.
1282 4685 1413 4774 Zuingl.
1437 4706 1511 4752 cum
1533 4705 1643 4770 parap.
1666 4707 1769 4772 eamp.
1801 4739 1807 4752 .
1854 4739 1860 4754 .
1907 4740 1913 4754 .
2076 4693 2094 4750 8
2111 4681 2150 4778 s

145 4767 463 4869 Β1151158555115ι).ο
465 4819 894 4839 .........
957 4773 1031 4838 111.
1056 4769 1128 4923 21(

145 4853 260 4921 Bibba
280 4877 382 4939 germ.
404 4855 522 4940 Zurngl
526 4905 891 4924 ........
1046 4861 1064 4921 6
1111 4909 1118 4923 .
1144 4853 1148 4934 l
1172 4856 1329 4923 Oonaord.
1352 4857 1461 4921 minor
1462 4907 1914 4924 ..........
2076 4863 2092 4920 1
2112 4855 2148 4948 s

145 4940 211 5006 No.
234 4949 306 5006 test.
329 4962 470 5024 parvum
492 4962 560 5026 ger.
620 4991 892 5009 ......
1057 4947 1077 5007 8
1090 4938 1127 5032 s
1145 4943 1148 5024 1
1172 4942 1285 5010 Aelius
1307 4943 1459 5012 Donatus
1482 4993 1915 5012 .........
1927 4992 1947 5031 ,
2074 4951 2092 5006 3
2110 4941 2146 5034 s

144 5079 353 5092 *5-

254 5179 282 5224 2·
303 5172 342 5226 15.
366 5171 454 5226 Ferre
472 5175 541 5226 eier's
560 5171 730 5228 omaso.
766 5171 859 5227 Henn.
879 5173 929 5228 111.
947 5172 991 5227 41.
1194 5172 1224 5240 3)
1251 5175 1442 5238 1515151155,
1461 5179 1566 5229 ateana
1589 5175 1659 5230 15555
1677 5178 1905 5243 confunderetur
1926 5173 2003 5226 Alea.
2023 5174 2063 5230 Le
2080 5176 2139 5244 Bel,

146 5245 260 5307 saepius
278 5246 333 5294 iam
352 5249 450 5296 notate.
655 5239 686 5302 4)
708 5241 746 5296 Μ.
765 5241 815 5296 Da
832 5242 903 5296 Boia
919 5241 1057 5312 (Euhius)
1074 5243 1215 5309 5151555515
1237 5243 1407 5294 Gcnceensis.
