4804 6012
19 373 20 382 ι
138 357 191 418 ιιι
953 337 957 344 ’
1011 351 1240 421 consum.
2067 357 2129 420 ιιι

214 540 344 607 Deinde
365 549 403 607 ut
425 543 591 621 autoritas,
619 563 716 624 quam
738 541 801 608 sibi
822 539 1011 619 vendicant,
1033 540 1100 606 illis
1151 548 1261 625 partes
1283 564 1350 607 non
1371 544 1536 610 convenit:
1565 541 1641 608 inde
1670 544 1830 610 transitus
1857 544 1916 608 fiat
1943 543 1986 609 ad
2015 562 2127 609 caero-

136 627 344 693 concedatur:
365 647 462 693 nomo
483 635 595 693 tamon
615 649 728 694 eorum
739 627 822 692 liber
833 639 896 694 est:
920 627 996 711 quia
1012 627 1099 692 iure-
1151 629 1296 694 monias:
1318 636 1482 712 postremo
1504 628 1544 695 de
1564 630 1725 714 regimine
1747 628 1900 695 ecclcsiae
1922 635 2050 714 agatur.

137 713 269 779 iurando
291 713 437 780 adstricti
459 712 598 780 suntad
620 713 810 797 obsequium
838 733 959 797 papae,
987 719 1021 778 et
1048 733 1100 778 ro·
1237 713 1356 797 Capita
1388 713 1569 794 doetrinae,
1610 714 1650 780 de
1683 715 1800 797 quibus
1839 713 1935 779 bodie
1966 714 2125 798 litigatur,

137 820 246 864 manee
268 797 337 864 sedi
359 806 438 864 sunt
459 797 594 878 addicti,
622 799 708 883 quod
730 820 772 865 ex
794 799 951 864 diametro
973 805 1101 882 pugnat
1151 805 1230 864 sunt
1251 797 1292 865 de
1313 799 1404 864 cultu
1425 801 1503 865 Dei:
1528 822 1571 865 an
1593 801 1716 866 seilicet
1737 799 1779 865 ad
1797 801 1927 864 unicam
1945 807 1979 864 ιι
2000 799 2126 882 simpli-

137 905 206 952 cum
228 885 388 950 libertate.
1151 903 1221 949 cem
1243 905 1394 950 normam
1413 886 1594 970 scripturae
1616 886 1669 951 exi
1695 887 1701 900 '
1722 885 1846 964 debeat,
1870 906 1912 950 an
1930 907 2010 950 vcro
2027 885 2128 950 fuerit

19 975 20 978 ’
215 969 432 1036 Commodum
453 968 632 1036 remedium
654 977 755 1050 esset,
783 971 811 1036 si
835 969 1021 1054 deligantur
1041 969 1100 1034 ho·
1151 969 1186 1033 in
1208 969 1380 1035 hominum
1397 979 1559 1054 potestate
1581 978 1613 1036 et
1633 907 1768 1037 arbitrio
1795 971 1884 1055 leges
1911 971 2006 1036 ferro.
2057 971 2127 1036 De-

136 1058 235 1121 mines
258 1076 299 1121 ex
318 1063 465 1140 seperta
482 1056 730 1140 quaeecclcsiae
751 1055 1015 1122 reformationem
1032 1062 1100 1119 tam
1151 1053 1229 1120 inde
1251 1077 1293 1120 an
1322 1077 1436 1121 eorum
1463 1055 1656 1123 traditiones
1683 1058 1810 1122 animas
1838 1055 1984 1140 obligent
2009 1057 2126 1122 mortis

136 1143 167 1206 in
187 1141 335 1208 doctrina
357 1161 455 1225 quam
476 1143 511 1206 in
532 1143 676 1207 moribus
698 1143 788 1226 cupit
809 1151 843 1206 et
863 1141 1003 1226 flagitat:
1028 1141 1099 1224 qui·
1152 1147 1255 1205 reatu.
1300 1139 1371 1207 Sub
1393 1142 1455 1207 hoc
1476 1143 1582 1226 capite
1603 1141 1926 1226 comprehenduntur
1942 1151 2026 1220 vota,
2049 1161 2127 1225 pro-

137 1228 191 1294 bus
212 1229 274 1292 etsi
295 1247 360 1292 non
382 1234 470 1293 esset
490 1249 554 1292 vox
576 1225 754 1308 definitiva,
781 1235 820 1293 ut
840 1227 1031 1310 loquuntur,
1060 1225 1100 1290 li·
1152 1226 1267 1292 bibitio
1289 1227 1441 1310 coniugii,
1464 1228 1622 1294 confessio
1645 1227 1848 1304 auricularis,
1871 1234 1904 1292 et
1921 1247 1974 1293 res
1993 1227 2125 1293 similes.

137 1312 244 1378 berum
267 1321 377 1377 tamon
398 1321 485 1378 esset
505 1311 706 1378 intercedere
727 1313 879 1379 omnibus
907 1310 1045 1378 decretis
1066 1318 1100 1376 et
1153 1311 1282 1377 Deinde
1303 1312 1524 1396 quaerendum
1545 1314 1609 1378 erit
1629 1312 1896 1379 etdefiniendum
1917 1311 1974 1378 ubi
1990 1311 2127 1378 fundata

138 1398 458 1464 determinationibus
480 1397 578 1466 verbo
596 1397 661 1462 Dei
680 1399 789 1464 minus
800 1397 1040 1464 consentaneis:
1063 1406 1101 1462 ut
1153 1397 1197 1462 sit
1214 1397 1329 1463 salutis
1346 1407 1478 1464 nostrae
1496 1399 1630 1465 fiducia:
1648 1400 1809 1464 meritone
1825 1419 1970 1479 opernm,
1990 1420 2034 1463 an
2051 1419 2126 1482 gra-

138 1485 174 1549 iis
198 1485 299 1550 etiam
328 1483 462 1550 daretur
494 1483 660 1549 audientia
685 1493 718 1550 et
745 1483 1000 1548 admitterentur
1025 1503 1100 1565 pro-
1154 1483 1238 1548 tuita
1259 1483 1323 1548 Dei
1345 1484 1567 1551 misericordia
1584 1505 1762 1550 servemur.
1807 1484 1896 1549 Hinc
1913 1482 2033 1566 pendet
2055 1504 2126 1548 ma-

137 1571 329 1635 testationes.
373 1570 444 1652 Ipsi
465 1591 545 1636 vero
571 1568 780 1635 ostenderent
807 1570 911 1635 iustas
939 1569 1001 1634 sibi
1030 1589 1101 1632 esse
1153 1569 1237 1633 teria
1257 1568 1352 1634 liberi
1374 1570 1509 1648 arbitrii,
1533 1570 1803 1649 satisfactionum,
1824 1571 2010 1653 purgatorii
2027 1577 2061 1634 ιι
2082 1569 2127 1634 si-

138 1653 371 1721 contradicendi
408 1657 565 1734 rationes,
610 1677 674 1738 quo
713 1657 822 1721 minus
860 1655 1101 1738 acquiescerent
1154 1654 1284 1720 milium
1312 1675 1432 1720 rerum.
1483 1655 1580 1722 Fidei
1607 1655 1795 1722 eerfitudini
1824 1675 1953 1720 annexa
1983 1664 2034 1720 est
2062 1653 2128 1719 Dei

138 1741 356 1825 episcopcrum
378 1741 517 1823 placitis.
1153 1739 1325 1818 invocatio,
1353 1748 1386 1804 et
1407 1761 1517 1806 secum
1539 1741 1642 1807 trahit
1662 1742 1885 1825 quaestionem
1908 1739 1949 1806 de
1969 1741 2128 1806 interces-

214 1827 363 1892 Maxime
385 1847 461 1892 vero
482 1826 685 1892 intolerabile
696 1835 754 1906 est,
776 1846 896 1909 papam
917 1822 1103 1911 praesidere
1154 1825 1244 1890 sione
1265 1833 1463 1891 sanctorum.

137 1913 267 1978 concilio
277 1919 435 1994 tanquam
452 1921 558 1994 capnt,
578 1913 771 1994 praesertim
788 1913 823 1976 in
842 1912 902 1977 hac
919 1930 1006 1976 nova
1023 1931 1103 1993 que·
1239 1911 1281 1976 Iu
1309 1911 1450 1977 secundo
1483 1911 1602 1996 capite,
1637 1911 1722 1994 quod
1752 1919 1803 1978 est
1836 1911 1876 1978 dc
1905 1911 2126 1990 caeremoniis,

137 1997 240 2076 litate,
264 2005 302 2062 ut
324 1997 365 2062 ab
388 2019 426 2063 co
448 2006 482 2062 et
503 1999 574 2063 eius
596 1998 732 2062 arbitrio
753 1996 959 2080 dependeant
980 1995 1100 2061 omnia.
1155 1993 1389 2079 disputandum
1407 1997 1470 2062 erit
1487 1997 1527 2063 de
1544 1998 1696 2082 congerie
1714 1997 1849 2078 rituum,
1871 2018 1969 2080 quam
1986 1997 2129 2062 mutuati

137 2085 240 2167 dtqtm
262 2090 301 2148 ut
321 2084 464 2166 primum
481 2083 588 2148 locum
605 2084 750 2148 obtineat
766 2083 914 2148 omnium
931 2082 1102 2166 permissu,
1154 2081 1296 2147 suntab
1318 2083 1443 2148 umbris
1465 2081 1639 2168 legalibus:
1673 2083 1770 2148 simul
1793 2081 1834 2148 de
1862 2103 1999 2147 numero
2019 2102 2129 2149 sacra·

137 2178 205 2235 ante
228 2170 340 2235 omnia
366 2179 479 2234 ιιιιιιιι
507 2169 592 2234 ratio
618 2169 775 2252 postulat,
803 2177 841 2233 ut
867 2189 903 2234 se
930 2168 1101 2234 submittat
1154 2174 1341 2234 mentorum
1363 2175 1398 2234 ιι
1418 2187 1532 2234 eorum
1553 2169 1799 2234 accessionibus.

137 2254 265 2320 concilio
286 2275 346 2338 per
366 2256 485 2334 omnia,
509 2255 659 2338 iuratque
680 2275 716 2321 se
737 2254 985 2320 observaturum
1007 2251 1101 2336 quid·
1240 2253 1389 2319 Tertium
1410 2262 1523 2337 caput,
1552 2253 1592 2318 de
1614 2255 1774 2338 regimine
1796 2252 1960 2331 ecclesiae,
1983 2251 2131 2320 eontinet

156 2341 206 2405 nid
227 2341 297 2406 illic
319 2347 481 2406 statutum
502 2340 614 2406 fuerit:
644 2348 742 2424 atque
768 2340 831 2406 hoc
857 2339 954 2405 modo
981 2359 1016 2404 se
1044 2339 1101 2403 ab·
1155 2338 1377 2404 definitionem
1401 2339 1499 2404 officii
1533 2339 1739 2425 episcopalis:
1772 2345 1811 2404 ut
1838 2339 1962 2405 sciatur
1993 2339 2130 2422 quinam

138 2361 217 2493 dicet
244 2426 466 2491 dominatione
499 2447 597 2510 quam
625 2427 686 2492 sibi
715 2425 853 2492 antehac
882 2426 1035 2508 arripuit,
1065 2430 1103 2488 ιιι
1155 2425 1217 2490 sibi
1238 2425 1310 2490 iure
1331 2433 1366 2490 et
1393 2427 1511 2491 monto
1543 2426 1631 2490 huno
1652 2425 1786 2490 titulum
1814 2423 1997 2490 vendicent
2050 2423 2129 2490 Huc

139 2519 262 2576 tantum
283 2512 327 2576 sit
346 2531 435 2576 unus
456 2533 499 2577 ex
520 2511 660 2576 aliorum
682 2532 828 2577 numero.
865 2512 1011 2577 Rursum
1034 2507 1104 2574 adi·
1155 2511 1255 2574 etiam
1276 2511 1444 2594 pertinent
1465 2509 1604 2595 gradus,
1630 2510 1779 2590 ordines,
1806 2511 1983 2594 primatus,
2009 2509 2130 2575 atalia

139 2597 229 2682 gendi
252 2606 363 2664 essent
383 2597 526 2680 episcopi
548 2596 589 2662 ad
608 2599 778 2681 proprium
797 2596 1041 2674 iusiurandum,
1068 2617 1103 2660 se
1155 2595 1284 2662 similia

138 2684 344 2767 obsequentes
365 2683 433 2749 fore
454 2683 519 2749 Dei
540 2682 651 2762 verbo,
673 2705 735 2749 nec
753 2685 913 2750 rationem
934 2681 1103 2749 habituros
1240 2681 1313 2746 Iam
1335 2702 1414 2748 vero
1435 2700 1503 2747 non
1524 2682 1690 2748 sufficeret
1712 2681 1833 2746 habers
1855 2680 2038 2761 concilium,
2065 2680 2130 2747 nisi

138 2769 314 2852 praesentis
336 2776 455 2834 status:
489 2769 578 2834 acsi
606 2789 688 2852 quae
713 2769 869 2835 inventae
890 2769 1012 2834 fuerint
1033 2787 1104 2833 cor·
1155 2767 1341 2834 universale
1368 2768 1483 2833 fuerit:
1520 2765 1681 2850 siquidem
1709 2767 1841 2832 animus
1868 2774 1918 2832 est
1951 2765 2065 2831 sedare
2096 2771 2131 2831 et

139 2855 279 2938 ruptelae
307 2863 374 2920 tam
400 2855 436 2920 in
458 2853 622 2934 doctrina,
649 2875 750 2937 quam
771 2856 806 2919 in
830 2852 1043 2920 caeremoniis
1070 2859 1104 2918 et
1154 2851 1286 2936 placare
1307 2860 1416 2919 motus
1438 2873 1551 2919 omnes
1572 2859 1606 2918 et
1626 2853 1850 2920 contentiones
1876 2852 1995 2935 quibus
2016 2850 2130 2916 turba-

139 2941 286 3019 moribus,
306 2960 420 3005 eamm
430 2961 466 3006 ae
483 2939 618 3005 minime
635 2947 790 3023 patronos
808 2940 877 3006 foro
888 2939 941 3007 vel
951 2941 1102 3004 fautores.
1155 2947 1212 3003 tur
1232 2938 1375 3005 cocleae.
1420 2937 1548 3004 Verum
1566 2937 1700 3088 quidem
1721 2947 1787 3018 est,
1814 2937 1961 3023 singulos
1979 2956 2074 3022 reges
2096 2941 2132 3002 et

216 3025 338 3092 Modus
363 3025 559 3108 procedendi
593 3027 726 3090 omnino
753 3026 981 3091 frustratorius
1009 3031 1103 3103 esset,
1155 3025 1328 3108 principes,
1350 3031 1388 3090 ut
1409 3045 1544 3090 suarum
1589 3023 1727 3090 itionum
1747 3024 1853 3090 turbis
1875 3022 2057 3090 remedium
2078 3022 2131 3087 in-

140 3112 260 3178 simos
287 3111 343 3194 qni
370 3131 477 3194 nuper
509 3110 652 3176 invaluit
678 3112 889 3178 retineretur:
924 3131 1040 3194 nempe
1066 3117 1106 3175 ut
1156 3110 1300 3191 veniant,
1322 3129 1415 3194 posse
1437 3130 1553 3195 cogere
1574 3109 1740 3176 nationale
1759 3109 1949 3189 concilium,
1976 3109 2004 3174 si
2029 3108 2131 3176 vicini

141 3199 318 3281 quicunque
349 3197 612 3263 reformationem
650 3197 831 3281 postulant,
871 3197 926 3264 vel
963 3217 1020 3263 ore
1051 3195 1105 3263 vel
1157 3217 1254 3260 suum
1278 3217 1472 3263 consensum
1494 3203 1529 3262 et
1548 3195 1659 3262 studia
1680 3216 1748 3262 non
1769 3193 1959 3280 adiungant.
2003 3195 2131 3260 Verum

140 3285 254 3368 scripto
270 3291 474 3366 exponerent
490 3301 584 3350 suam
605 3281 795 3363 doctrinam,
818 3282 935 3350 deinde
951 3283 1032 3366 ipsis
1049 3280 1106 3347 ab·
1158 3283 1186 3346 si
1207 3281 1347 3364 partiale
1368 3281 1542 3348 concilium
1559 3289 1713 3367 cogatur,
1743 3280 1829 3365 quod
1854 3301 1975 3348 nomen
1996 3281 2132 3348 nniver-

141 3369 282 3435 aentibus
314 3368 451 3451 praelati
485 3366 572 3452 quod
604 3367 733 3434 libitum
766 3377 851 3435 esset
884 3369 1106 3436 decemereut
1158 3366 1237 3434 salis
1255 3366 1409 3445 obtineat,
1429 3367 1464 3432 id
1485 3367 1570 3432 nibil
1591 3367 1680 3432 uliud
1698 3367 1763 3432 erit
1780 3387 1878 3451 qnam
1896 3368 2006 3452 ignem
2024 3366 2131 3451 magis

140 3453 275 3520 Necesse
296 3454 399 3538 igitur
420 3453 555 3519 omuino
582 3461 634 3520 cst
654 3475 768 3521 omnes
789 3453 918 3534 adesse,
947 3462 986 3519 ut
1011 3451 1105 3537 quid·
1158 3472 1196 3518 ac
1216 3453 1321 3538 magis
1344 3451 1529 3532 accendere,
1550 3473 1671 3538 augere
1687 3473 1826 3538 pugnas,
1848 3459 1882 3519 et
1898 3471 2010 3519 creare
2027 3470 2131 3518 novos

142 3539 214 3624 quid
234 3539 320 3604 male
342 3545 376 3606 et
392 3539 509 3606 inscite
520 3539 700 3606 deliberare
716 3540 841 3607 vellent
861 3540 1012 3624 episcopi,
1034 3558 1106 3605 cor·
1157 3539 1329 3605 tumultus
1374 3537 1487 3620 Quare
1507 3540 1639 3622 penitus
1661 3539 1881 3604 necessarium
1903 3545 1961 3617 est,
1984 3558 2039 3603 eos
2061 3557 2132 3602 om-

141 3627 241 3709 rigere
261 3625 371 3691 liceat:
395 3633 492 3709 atque
513 3626 561 3690 ita
581 3627 747 3710 integrum
764 3626 808 3692 sit
817 3627 944 3693 cunctis
962 3624 1107 3691 erroneis
1157 3645 1217 3690 nes
1239 3623 1295 3708 qui
1316 3624 1579 3690 reformationem
1601 3631 1771 3708 expetunt,
1793 3625 1828 3688 in
1849 3624 2022 3690 concilium
2043 3619 2131 3707 quod

140 3711 342 3794 opinionibus
364 3711 504 3778 obiicere
524 3712 667 3778 ratioms
686 3712 792 3779 claras
813 3719 847 3778 et
868 3710 1002 3780 validas.
1158 3707 1332 3776 habebitur
1353 3711 1545 3790 consentire,
1567 3717 1605 3775 ut
1625 3710 1673 3774 ita
1689 3717 1758 3775 tota
1775 3710 1996 3776 christianitas
2007 3708 2132 3776 coales-

221 3797 351 3881 Operae
371 3798 513 3879 pretinm
535 3797 634 3862 etiam
656 3804 707 3862 est
728 3805 803 3863 ante
821 3799 939 3878 omnia,
962 3803 1106 3863 statuere
1158 3803 1227 3862 cat:
1254 3795 1310 3880 qui
1338 3816 1417 3862 vero
1445 3803 1592 3863 sanctam
1613 3795 1775 3862 unitatem
1796 3803 1830 3862 ιι
1851 3793 2057 3862 concordiam
2077 3813 2132 3860 re

140 3901 234 3964 quem
261 3881 408 3948 ordinem
436 3883 528 3966 sequi
555 3882 745 3949 conveniat:
779 3904 897 3968 nempe
929 3889 968 3949 ut
999 3883 1107 3967 primo
1158 3881 1295 3966 fugient,
1318 3888 1357 3946 ut
1376 3881 1577 3950 schismatici
1595 3888 1802 3966 reputentur.

141 3964 207 4035 loco
228 3967 435 4036 excutiantur
455 3967 585 4036 articuli
605 3967 785 4049 doctrinae,
814 3969 854 4036 de
880 3969 1000 4053 quibus
1019 3969 1107 4033 inter
