4782 6010
1204 722 1229 804 t
1251 717 1292 784 V.
1649 795 1651 799 .

822 853 1106 910 sauuauanusrs.
1142 853 1388 910 alamannam.
1425 854 1673 912 uermerium

407 993 547 1060 Caetera
567 991 741 1058 Helvetiae
763 991 941 1073 mbularia,
967 993 1003 1058 in
1032 992 1149 1077 quibus
1174 993 1382 1077 explorandis
1412 1013 1450 1058 eo
1472 993 1594 1060 maiore
1616 993 1790 1060 sedulitate
1814 994 1863 1062 usi
1883 1013 1997 1060 sumus
2018 1014 2083 1078 quo
2105 993 2241 1060 rariores

254 1107 378 1174 fructus
399 1103 545 1170 laborum
567 1102 644 1168 inde
666 1102 817 1189 colligere
838 1104 932 1170 nobis
952 1104 1107 1188 contigit,
1134 1103 1195 1171 hoc
1216 1103 1288 1172 loco
1309 1106 1431 1189 raptim
1453 1105 1653 1189 percurrisse
1675 1105 1823 1172 sufficiet
1868 1103 1934 1186 Sic,
1956 1127 1998 1172 ne
2019 1113 2142 1171 temere
2164 1103 2244 1170 illud

255 1215 379 1283 dictum
406 1222 553 1298 reputes,
582 1214 632 1280 bis
661 1213 783 1280 fuimus
813 1213 994 1300 Sangallis,
1023 1215 1074 1281 bis
1094 1217 1261 1296 Besileae,
1291 1216 1395 1282 altera
1422 1217 1492 1284 vice
1521 1215 1820 1300 circumspicientes
1849 1215 2008 1300 numquid
2027 1216 2115 1282 inter
2136 1215 2245 1299 priora
2318 1197 2320 1202 ¹

256 1327 365 1394 studia
386 1327 495 1391 minus
518 1326 713 1392 exercitatos
735 1326 865 1410 fugerit.

407 1435 612 1530 Bibliotheca
632 1436 736 1502 civica
757 1435 996 1522 sangallensis,
1025 1438 1188 1521 quondam
1209 1459 1230 1503 a
1251 1437 1326 1504 clar.
1349 1439 1419 1504 viro
1440 1437 1605 1505 Ioachimo
1626 1437 1777 1506 Vediano
1799 1437 1996 1523 reipublicae
2017 1437 2151 1504 consule
2170 1457 2247 1503 oon·

256 1549 333 1629 dita,
355 1549 447 1615 cuius
469 1569 589 1640 nomen
611 1555 645 1613 et
669 1546 783 1614 laudes
804 1550 903 1614 etiam
924 1551 959 1616 in
980 1550 1042 1616 hoc
1063 1557 1173 1616 nostro
1195 1549 1349 1616 thesauro
1370 1549 1553 1616 calviniaco
1575 1570 1642 1616 non
1664 1550 1765 1617 semel
1786 1549 1847 1615 tibi
1867 1555 2047 1630 occurrent,
2073 1550 2163 1615 inter
2184 1549 2247 1614 alia

255 1660 399 1746 possidet
420 1660 498 1726 satis
519 1659 683 1744 insignem
704 1660 926 1727 collectionem
947 1660 1158 1744 epistolarum
1180 1682 1200 1726 a
1221 1660 1303 1727 viris
1325 1659 1426 1726 doctis
1447 1661 1567 1728 saeculi
1588 1661 1683 1726 XVI.
1706 1662 1848 1727 maxime
1869 1660 1911 1727 ad
1932 1661 2039 1744 ipsum
2058 1657 2246 1727 Vadianum

257 1773 418 1838 datarum.
462 1771 668 1837 Distributae
689 1779 766 1837 sunt
787 1792 845 1836 eae
863 1773 899 1836 in
921 1770 1090 1838 duodecim
1111 1772 1278 1838 volumina
1299 1771 1431 1838 maioris
1453 1773 1575 1838 formae
1597 1772 1718 1855 duplici
1744 1772 1839 1838 medo
1866 1781 2047 1853 numerata,
2069 1772 2194 1840 scilicet
2215 1778 2248 1837 et

255 1905 316 1969 per
337 1904 372 1949 se
393 1881 562 1966 speciatim
584 1883 676 1948 'Pom
698 1881 851 1962 1-xl1,
872 1891 905 1948 st
927 1905 1001 1948 cum
1022 1882 1094 1949 aliis
1116 1883 1261 1949 eiusdem
1281 1881 1495 1950 bibliothocae
1516 1885 1745 1968 manuscriptis
1766 1884 1839 1950 Vol.
1864 1889 1999 1950 30-ll.
2033 1885 2086 1950 Ex
2109 1883 2246 1968 singulis

256 1995 325 2060 fere
347 1994 470 2078 aliquot
492 1993 628 2058 schedas
658 1999 788 2059 nostras
810 1993 959 2073 fecimus,
990 1996 1182 2077 praesertim
1212 2017 1289 2060 vero
1319 2016 1362 2060 ex
1383 1996 1473 2060 Tem.
1502 1995 1693 2061 IV—VHI.
1717 2005 1750 2060 et
1771 1994 1844 2060 XII
1869 1995 1990 2080 plures.
2040 1996 2247 2062 Praefectum

257 2239 370 2283 sumus
389 2215 581 2295 adiutorem,
604 2217 698 2298 eique
719 2223 813 2299 grato
834 2235 1004 2282 manemus
1026 2217 1173 2283 obstricti
1195 2219 1311 2282 animo.

410 2327 560 2393 Basileae
587 2327 730 2410 primum
756 2327 792 2392 in
819 2327 975 2394 Archivis
1003 2329 1166 2394 Antistitii
1199 2328 1358 2412 plurimos
1385 2328 1655 2395 documentorum
1684 2329 1867 2397 evolvimus
1894 2328 2076 2408 fasmculos,
2110 2351 2248 2414 quorum

257 2439 399 2506 liberum
419 2459 517 2504 usum
537 2437 715 2504 liberaliter
736 2439 830 2504 nobis
851 2440 1011 2506 concessit
1032 2440 1084 2506 vir
1104 2439 1308 2508 doctissimus
1329 2439 1464 2508 Samuel
1485 2441 1672 2508 Preisvverk
1693 2440 1723 2506 b.
1746 2463 1788 2506 m.
1811 2461 1916 2524 nuper
1943 2439 2097 2507 ecclesiae
2123 2442 2249 2524 patriae

258 2551 404 2616 antistes.
449 2549 517 2616 Sed
538 2570 635 2616 curae
663 2557 695 2614 ct
721 2549 908 2634 diligentiae
933 2552 1162 2634 quaerentium
1189 2551 1325 2618 minime
1353 2551 1522 2635 respondit
1549 2559 1705 2631 eventus,
1736 2559 1770 2618 et
1796 2552 1861 2618 nisi
1888 2551 2009 2617 limites
2037 2549 2131 2626 nobis
2153 2553 2249 2637 paulo

258 2662 456 2729 extenumes
477 2660 760 2727 constituissemus
781 2663 817 2726 in
839 2661 1032 2746 colligendis
1054 2662 1211 2728 historiae
1232 2663 1436 2730 ealmnmnae
1457 2663 1616 2744 fontibus,
1642 2685 1685 2730 ne
1711 2684 1787 2728 rara
1807 2663 1951 2747 quidem,
1979 2684 2095 2730 verum
2115 2664 2249 2730 omuino

258 2773 352 2840 nulla
365 2772 517 2840 tabularii
527 2772 636 2851 huius,
659 2772 803 2856 alioquin
822 2771 959 2840 minime
980 2773 1166 2857 spernendi,
1189 2775 1329 2860 vestigia
1349 2775 1386 2839 in
1408 2774 1561 2842 thesauro
1578 2783 1690 2842 nostro
1709 2775 1880 2860 relegeres.
1914 2775 2076 2842 Pauciora
2096 2773 2249 2860 suppedi-

259 2885 374 2951 tabant
394 2877 543 2950 Arohiva
564 2883 714 2950 civitatis.
1106 2879 1108 2888 '

412 2995 522 3078 Magis
548 3015 704 3078 prospera
731 2995 863 3061 lortuna
889 2997 942 3061 usi
969 3017 1097 3076 sumus,
1126 3019 1193 3062 non
1211 3003 1322 3063 tamen
1343 2997 1528 3081 splendida,
1555 2998 1591 3062 in
1612 2997 1812 3064 bibliotheca
1830 2997 1961 3082 publica
1980 2997 2127 3065 eiusdem
2149 2998 2249 3078 urbis,

259 3129 359 3192 quam
387 3106 531 3190 primum
552 3105 631 3170 olim
660 3106 949 3191 superattendente
975 3107 1066 3173 urio.
1087 3109 1166 3174 Dor.
1192 3107 1338 3176 Gerlach
1364 3109 1405 3174 V.
1430 3110 1471 3174 D.
1497 3109 1808 3194 pervestigavimus,
1834 3110 1997 3176 recentius
2022 3111 2145 3174 iterum
2171 3109 2249 3180 clar.

261 3216 427 3286 Guilelmo
448 3216 609 3283 Vischero
631 3215 712 3284 duce
733 3239 798 3301 quo
818 3239 907 3284 nunc
928 3217 1062 3286 custode
1082 3221 1185 3286 floret.
1230 3219 1296 3301 Qui
1315 3219 1407 3287 nobis
1429 3240 1556 3287 summo
1578 3219 1685 3286 studio
1713 3220 1897 3305 eximiaque
1923 3221 2076 3288 comitata
2104 3222 2250 3308 exceptis

260 3329 303 3396 ad
324 3330 433 3415 copias
454 3349 532 3395 suae
554 3349 652 3395 curae
673 3327 812 3397 creditas
829 3330 919 3398 viam
936 3351 1034 3416 qnam
1050 3333 1157 3416 potuit
1178 3331 1456 3415 expeditissimam
1477 3333 1603 3415 aperire
1625 3331 1791 3412 sollicitus,
1812 3333 1841 3398 si
1861 3353 1928 3398 non
1946 3333 2089 3416 amplam
2109 3354 2250 3400 messem

259 3442 296 3508 in
317 3441 436 3506 horrea
453 3447 567 3506 nostra
586 3440 806 3520 condendam,
837 3447 871 3506 at
892 3443 1107 3508 certissimam
1132 3445 1376 3526 persuasionem
1406 3445 1596 3528 procuravit
1622 3443 1731 3508 nullas
1758 3445 1793 3510 in
1815 3444 1876 3510 hoc
1897 3441 2030 3527 quidem
2056 3463 2136 3528 agro
2158 3444 2251 3510 dore·

259 3553 355 3620 lictas
377 3573 447 3618 csse
469 3553 576 3635 spicas
597 3552 714 3636 quibus
736 3551 880 3618 collectis
901 3553 957 3618 alii
975 3562 1049 3638 post
1070 3576 1129 3621 nos
1150 3554 1377 3639 gloriarentur.
1421 3555 1614 3621 Oalviniana
1641 3555 1772 3639 proprie
1802 3555 1849 3620 sio
1867 3554 1964 3635 dicta,
1993 3555 2097 3639 ipsius
2119 3554 2251 3624 Galvini

187 3709 190 3716 -
262 3664 401 3731 dicimus
422 3662 591 3746 epistolas,
619 3663 751 3730 Basilea
777 3685 844 3730 non
870 3665 1032 3750 possidet,
1062 3665 1149 3750 quod
1178 3685 1257 3732 sane
1285 3667 1433 3734 incuriae
1451 3675 1699 3733 coaetaneorum
1724 3665 1942 3732 tribuendum.
1986 3665 2119 3732 Adsunt
2140 3673 2252 3733 tamen

261 3775 357 3860 plura
379 3775 547 3841 volumina
568 3782 602 3840 et
622 3775 767 3840 fasciculi
788 3777 1066 3861 autographorum
1088 3777 1210 3844 saeculi
1231 3776 1325 3844 XVI.
1349 3778 1528 3862 exquibus
1555 3777 1715 3843 nonnulla
1742 3779 1778 3842 in
1800 3784 1947 3852 nostrum
1969 3799 2068 3845 usum
2089 3779 2253 3862 expiscari

261 3887 398 3971 contigit
419 3887 536 3970 quibus
558 3906 654 3970 aegre
675 3888 903 3968 caruissemus,
925 3890 1068 3954 maxime
1090 3888 1250 3972 quaedam
1272 3888 1478 3956 Oastellionis
1499 3889 1661 3973 reliquiae.

415 3997 566 4081 Denique
595 4019 662 4064 nou
688 4000 928 4083 praetereunda
955 4007 1006 4066 est
1033 3999 1229 4067 bibliotheca
1257 4001 1294 4066 in
1323 3999 1455 4067 aedibus
1483 3999 1659 4067 curialibus
1688 4000 1730 4066 ad
1758 3998 1794 4068 S.
1825 3999 2014 4066 hmnhmdi
2045 4001 2196 4086 deposita
2223 4007 2255 4067 et

262 4110 395 4174 nomina
416 4107 665 4176 duumvirorum
686 4109 789 4195 Frcyi
811 4095 845 4176 'et
866 4111 1025 4195 Grynaei,
1047 4112 1199 4178 Basileae
1220 4111 1382 4196 quondam
1403 4112 1575 4192 luminum,
1598 4112 1781 4195 posteritati
1802 4111 2042 4179 commendans.
2085 4113 2202 4180 Habet
2223 4117 2256 4177 et

262 4219 342 4286 hacc
364 4221 489 4304 aliquot
511 4220 679 4287 volumina
699 4242 801 4288 manu
823 4223 1030 4306 scriptorum.
1066 4221 1173 4304 Quam
1196 4230 1307 4287 maren
1327 4245 1393 4288 non
1414 4244 1472 4306 pro
1495 4223 1584 4289 lucro
1604 4222 1681 4289 inde
1702 4230 1796 4307 parto
1818 4223 1872 4289 hic
1892 4221 2109 4308 producimus,
2133 4225 2257 4309 quippe

263 4329 348 4415 quod
369 4331 502 4396 omnino
523 4332 652 4406 nullum
672 4333 780 4413 fuerit,
803 4331 862 4399 sed
883 4341 920 4399 ut
940 4333 1003 4399 hac
1024 4335 1191 4400 occasione
1212 4333 1337 4400 debitas
1358 4341 1467 4419 grates
1489 4335 1616 4418 publice
1634 4335 1858 4418 persolvamus
1888 4335 1960 4402 viro
1982 4356 2110 4402 summo
2132 4335 2257 4404 veteri-

263 4450 380 4527 quaet
407 4441 543 4525 probato
565 4443 669 4510 amico
690 4444 765 4512 (lar.
788 4444 874 4512 Rud
897 4445 1149 4530 Haganbachic,
1178 4443 1218 4512 de
1239 4445 1374 4510 historia
1395 4446 1612 4512 ecclesiastica
1633 4447 1731 4512 etiam
1751 4446 1841 4512 illius
1862 4447 1984 4512 saeculi
2005 4454 2039 4513 et
2061 4446 2155 4513 docte
2179 4468 2259 4514 oon-

262 4550 433 4622 scribenda
465 4559 498 4618 et
530 4553 584 4630 vel
618 4555 730 4621 minus
764 4555 867 4623 doctis
899 4554 1172 4624 accommodanda
1205 4557 1422 4622 meritissimo.
1472 4555 1539 4639 Qui
1565 4579 1666 4641 quum
1693 4557 1820 4625 videret
1848 4579 1908 4624 nos
1934 4557 2057 4624 frustra
2082 4557 2261 4643 pulverem

263 4667 347 4734 sacri
374 4665 425 4731 sui
452 4663 614 4731 conclavis
640 4666 816 4749 aspirasse,
842 4666 904 4736 hoc
925 4667 1083 4734 damnum
1110 4667 1233 4752 insigni
1262 4666 1346 4734 dono
1373 4670 1574 4752 compensari
1601 4668 1715 4735 voluit
1767 4668 1961 4735 Possidebat
1988 4669 2059 4752 ipse
2079 4667 2262 4736 editionem

263 4779 354 4844 illam
375 4776 599 4842 Institutionis
620 4797 717 4861 quam
739 4777 890 4846 Ribelius
911 4779 1199 4865 Argentoratensis
1222 4779 1328 4846 Gallis
1350 4779 1547 4846 destinatam
1569 4801 1598 4845 a
1623 4784 1704 4846 1539
1734 4781 1795 4846 sub
1824 4779 1956 4846 nomine
1978 4781 2136 4846 ALcVIM
2159 4803 2263 4848 excu-

265 4889 357 4956 derat
386 4886 555 4973 (Prolegg.
578 4887 615 4952 Τ.
637 4887 664 4953 L
687 4909 718 4974 p.
744 4888 798 4975 33)
828 4891 984 4976 cuiusque
1013 4892 1071 4958 vix
1099 4911 1202 4956 unum
1231 4897 1288 4954 aut
1317 4890 1457 4957 alterum
1482 4891 1650 4976 exemplar
1679 4899 1820 4958 aetatem
1848 4891 1962 4958 tulisse
1991 4889 2130 4958 videtur.
2187 4893 2263 4959 Hoc

264 4999 412 5081 sospitem
432 4997 679 5082 incomparabili
705 5000 929 5067 munificentia
956 5002 1050 5070 nobis
1077 5002 1113 5068 in
1140 5001 1193 5068 sui
1216 5003 1407 5069 memoriam
1434 5003 1585 5083 tradidit,
1614 5005 1898 5086 exoptatissimum
1926 5023 2005 5069 sane
2032 5009 2065 5068 et
2092 5003 2148 5070 vel
2173 5005 2263 5071 inter

264 5111 433 5176 rarissim
454 5108 611 5190 emicem,
634 5131 751 5177 verum
773 5131 836 5194 quo
857 5118 896 5176 ut
917 5110 1038 5179 datoris
1059 5111 1304 5180 recordaremur
1326 5135 1430 5198 usque
1451 5113 1703 5182 devinctissimis
1724 5135 1805 5199 opus
1826 5135 1893 5180 non
1914 5121 1994 5180 erat
2042 5104 2047 5114 ’

419 5221 591 5288 Postremo
619 5221 689 5288 loco
717 5221 803 5288 inter
827 5219 1039 5290 bibliothecas
1066 5225 1257 5306 helveticus,
1284 5224 1321 5290 in
1349 5224 1465 5310 quibus
1485 5227 1594 5310 copias
1614 5233 1742 5292 nocuas
1764 5223 1925 5311 adaugere
1947 5225 2126 5310 potuimus,
2159 5229 2263 5295 etiam
