4846 6016
275 353 315 413 ro
436 301 440 311 ’
1094 343 1450 422 oenounsncns.
2229 351 2273 434 eo

275 537 361 616 citis,
389 534 429 600 de
451 533 631 604 Senectute
650 556 692 600 en
715 534 803 602 Grec
831 542 864 600 et
885 556 927 600 on
949 534 1066 600 Latin:
1097 533 1247 600 l’Eneide
1297 540 1366 600 tute
1388 554 1502 618 greece
1523 539 1557 600 et
1576 532 1687 612 latine,
1710 534 1843 620 Virgilii
1864 536 1999 604 Aeueiei
2021 537 2173 620 Caesarie
2196 541 2271 616 [pag.

274 623 315 690 de
336 621 479 706 Vir-gilo:
506 620 555 688 loe
577 620 837 688 Commentaires
864 619 904 686 dc
932 619 1048 686 Cesar:
1079 620 1127 687 les
1148 617 1246 686 Orai·
1302 625 1354 700 17]
1382 620 1628 700 commentaria,
1662 621 1817 688 Isocratis
1845 623 2008 690 emtiones
2035 625 2269 708 paraeneticee,

274 709 597 878 fflffimfiqm
609 705 812 786 d’Isocrates,
830 706 920 773 selon
938 711 1035 790 qu’on
1048 727 1142 772 verre
1159 713 1247 772 estre
1298 720 1394 788 prout
1416 727 1468 772 res
1491 705 1613 770 tulerit.

491 999 553 1065 Les
574 999 639 1064 loia
660 997 698 1064 de
720 999 752 1064 ta
773 998 898 1064 seconde
919 998 1026 1064 elcese.
1581 995 1678 1078 Lepte
1698 996 1847 1062 secundae
1866 996 1990 1064 elassis.

361 1136 470 1217 Qu’on
490 1159 513 1222 y
535 1135 688 1219 enseigne
717 1134 875 1200 l'histoire
897 1157 939 1200 cu
960 1135 1078 1210 Latin,
1107 1141 1249 1217 prenant
1384 1130 1449 1195 Hie
1471 1131 1610 1196 historia
1631 1132 1732 1197 latine
1754 1154 1795 1197 ex
1816 1133 1922 1204 Livio.
1956 1156 2071 1216 graece
2092 1157 2134 1200 ex
2156 1135 2269 1202 Xeno-

276 1225 349 1290 nito
370 1223 456 1288 Livc
483 1243 567 1305 pour
595 1221 750 1286 euthcur:
779 1219 956 1286 L'histoire
978 1241 1019 1286 en
1042 1219 1146 1296 Grec,
1175 1242 1247 1304 pre·
1298 1214 1431 1300 phonto,
1455 1217 1592 1299 Polybio
1615 1219 1666 1282 vel
1689 1218 1876 1285 Herodiano
1899 1219 2038 1286 docetor.
2083 1222 2136 1286 Ex
2158 1223 2268 1304 poetis,

276 1317 358 1376 nant
378 1307 578 1391 Xenophon.
609 1328 649 1371 cu
673 1305 812 1388 Polybo,
841 1327 883 1370 ou
905 1303 1083 1372 Herodian.
1134 1304 1249 1386 Quant
1299 1301 1465 1367 Homerus
1487 1303 1621 1368 alternis
1638 1303 1844 1388 praelegitur.
1877 1303 2074 1372 Dialecticcs
2097 1307 2269 1386 clemente,

276 1417 342 1462 eux
363 1403 490 1479 poetes,
519 1393 614 1476 qu’on
642 1391 701 1457 lise
723 1391 867 1456 Homero
898 1392 938 1456 de
964 1392 1037 1458 iour
1065 1400 1209 1457 aautre.
1224 1393 1247 1474 ¹)
1299 1384 1333 1452 id
1354 1396 1404 1452 est
1422 1391 1678 1471 propositionum
1690 1389 1876 1468 divisiones,
1899 1403 1933 1456 et
1945 1394 2268 1476 argumentationum

276 1479 385 1563 Qu’on
406 1501 525 1562 expose
554 1478 601 1544 les
623 1476 765 1544 clemens
786 1477 1022 1559 Dialectiqucs,
1047 1478 1195 1544 aeeavoir
1216 1476 1249 1542 le
1300 1474 1425 1556 figurae
1455 1476 1529 1557 (nce
1551 1473 1729 1558 quidquem
1751 1475 1909 1558 emplius)¹
1928 1487 2141 1560 exponuntcr.
2186 1480 2269 1544 Pre-

276 1574 394 1632 nature
415 1566 473 1630 des
494 1564 710 1647 propositione
732 1575 764 1626 et
785 1563 964 1646 lesfigurcs
987 1561 1044 1628 des
1063 1583 1246 1646 argurncns,
1299 1559 1476 1642 positiones
1496 1569 1530 1625 et
1551 1571 1747 1645 argumenta
1775 1583 1817 1626 ex
1846 1561 2059 1646 scriptoribus
2087 1563 2143 1648 qui
2166 1563 2268 1647 expli·

276 1673 353 1720 saue
376 1671 487 1734 passer
508 1649 623 1716 cultre.
660 1647 769 1730 Qu’cn
791 1648 863 1712 leur
880 1648 1030 1731 euplique
1051 1649 1083 1713 lo
1104 1649 1177 1731 plus
1200 1648 1248 1714 di·
1299 1645 1474 1724 cubuutur,
1504 1667 1541 1712 ae
1568 1647 1759 1728 pracsertim
1785 1669 1827 1712 ex
1849 1647 2018 1716 Ciceronis
2039 1648 2214 1732 paradoxis
2236 1657 2270 1724 et

276 1738 468 1822 ligemment
488 1735 567 1819 qu’il
588 1755 662 1801 sera
684 1733 823 1816 possible
845 1734 892 1798 les
910 1734 1127 1817 propositione
1149 1743 1182 1798 et
1199 1733 1247 1800 les
1299 1730 1445 1795 eiusdem
1467 1731 1667 1797 cretionibus
1689 1731 1900 1812 brevioribus,
1923 1733 2014 1800 nulle
2036 1735 2169 1800 oratorii
2190 1735 2268 1800 arti·

276 1844 462 1908 argumens,
484 1829 625 1905 prenunt
646 1819 676 1884 le
698 1831 813 1902 patron
837 1817 893 1886 dee
915 1819 1071 1886 autbeure
1099 1821 1154 1902 qui
1176 1819 1248 1886 leur
1300 1817 1365 1882 licii
1385 1817 1496 1884 habita
1518 1817 1654 1896 rationo,
1676 1839 1773 1901 quam
1795 1816 2045 1904 diligentissime
2068 1821 2269 1904 fieripctcrit

277 1919 389 1975 serent
409 1908 487 1973 leus.
539 1905 607 1971 Sur
636 1913 723 1983 tout,
755 1905 802 1970 lcs
824 1905 1011 1972 Paradenee
1040 1904 1079 1970 de
1100 1905 1246 1984 Ciceron,
1297 1901 1462 1968 docentor.

277 2016 320 2060 ou
342 1993 382 2059 de
404 2014 456 2058 ece
474 1991 631 2058 Oraisons
653 1991 700 2055 les
727 1991 800 2074 plus
830 1993 960 2073 petitos:
988 2012 1064 2056 euna
1091 1995 1248 2056 s’enruscr

277 2079 458 2146 nullement
480 2087 500 2143 a
521 2078 668 2143 l’nrtifico
686 2075 725 2140 dc
747 2077 956 2159 Rhetorique.

329 2215 333 2228 .
362 2251 413 2316 Le
434 2247 569 2315 Semedi
591 2247 706 2332 depuis
733 2249 813 2314 trois
843 2249 969 2330 iusqu’a
992 2255 1122 2330 quatre,
1152 2247 1247 2330 qu'on
1385 2243 1511 2310 Diebus
1534 2243 1669 2310 Sabbeti
1692 2269 1711 2312 a
1734 2231 1831 2312 tertii
1853 2246 1895 2312 ad
1916 2255 2066 2330 quartam
2079 2251 2270 2334 evangeliea

277 2335 349 2402 leur
370 2336 430 2401 lise
451 2335 635 2418 l'Evengilc
654 2335 688 2399 S.
711 2334 785 2400 Luc
807 2356 847 2398 cn
871 2333 966 2399 Grec.
1300 2329 1437 2396 historia
1459 2351 1575 2414 graeca
1598 2331 1836 2415 simplicissime
1857 2345 2033 2398 ouarrntcr.

483 2539 545 2606 Les
560 2540 625 2605 leit
645 2540 684 2606 dc
704 2539 737 2604 lo
753 2541 909 2621 premiere
927 2539 1034 2604 classe.
1601 2537 1698 2622 Lepre
1712 2539 1841 2619 primae
1862 2537 1981 2604 daseia

364 2675 473 2758 Qu'on
500 2674 647 2744 adicuste
672 2676 713 2742 ici
741 2697 808 2744 aux
836 2676 1004 2742 rudimeus
1026 2675 1250 2758 Dialectiques
1387 2671 1426 2736 In
1450 2671 1512 2742 hac
1534 2673 1667 2741 demum
1688 2673 1790 2742 classe
1811 2673 1853 2738 ad
1870 2675 2272 2744 Dialectieee·rudimenta

277 2785 315 2832 ce
336 2784 399 2848 que
420 2761 453 2828 le
474 2763 601 2840 seleuce
624 2770 715 2845 porte
737 2761 1039 2844 dceprcdieamens,
1061 2761 1249 2845 categories,
1302 2755 1466 2824 cdduntor
1486 2781 1569 2840 quse
1591 2759 1631 2826 de
1653 2761 1796 2844 quinque
1813 2757 1966 2838 Vocibus,
1990 2761 2071 2827 Cato
2095 2763 2182 2840 eriis,
2206 2764 2270 2830 Lo·

277 2850 440 2933 topiques,
469 2851 551 2928 [pege
576 2854 629 2928 ιο]
657 2857 691 2912 et
717 2847 882 2914 elenchos:
911 2858 944 2912 et
971 2849 1068 2931 qu'cn
1096 2847 1251 2914 ehoieieee
1302 2845 1362 2920 cis,
1392 2843 1547 2916 Illenchis
1574 2845 1837 2931 praecipiuntur,
1864 2845 1922 2912 sed
1949 2867 1991 2912 ex
2013 2783 2140 2914 erudito
2163 2847 2271 2932 aliquo

277 2957 361 3020 pour
378 2956 414 3001 ce
436 2933 517 2999 faire
538 2934 677 3018 quelque
698 2933 837 3018 abbrege
860 2933 934 3000 bion
956 2941 1092 3000 trousst.
1303 2929 1501 3014 compendio.

365 3103 474 3187 Qu’cn
496 3127 519 3190 y
541 3111 686 3170 monstro
713 3105 801 3170 aussi
828 3105 876 3168 loe
900 3125 1180 3171 commcnccmens
1210 3103 1250 3168 de
1388 3101 1555 3167 Accedent
1575 3101 1769 3169 Rhetoriecs
1798 3103 1973 3182 elementa,
2008 3124 2046 3170 ec
2074 3125 2113 3170 ea
2140 3105 2272 3189 quidem

279 3191 499 3273 Rhetorique,
527 3197 560 3256 ct
581 3190 851 3274 principalement
871 3190 966 3256 ceulr
988 3191 1043 3273 qui
1065 3190 1250 3274 appartien·
1302 3188 1336 3252 in
1358 3187 1473 3270 primis
1490 3209 1574 3272 quae
1595 3187 1637 3252 ad
1660 3188 1899 3272 eloquutionem
1920 3197 2078 3274 spectant

281 3285 363 3344 nent
384 3297 404 3341 a
424 3275 499 3342 bien
517 3297 615 3342 orner
637 3285 671 3342 et
692 3295 788 3360 parer
809 3275 840 3341 le
861 3275 1012 3361 langege.

366 3446 439 3530 Quo
463 3447 585 3533 l’usage
615 3447 654 3514 do
686 3456 759 3514 mus
786 3447 834 3514 los
863 3457 1030 3531 preceptqs
1056 3448 1120 3514 soit
1148 3446 1251 3513 conti·
1388 3443 1603 3529 Singulorum
1626 3453 1873 3528 prneceptorum
1900 3467 1977 3511 usus
2005 3445 2135 3512 nseidue
2164 3455 2198 3512 et
2219 3469 2273 3514 ac·

279 3534 483 3602 nuellemeut
503 3543 538 3600 et
558 3535 823 3619 seigneueement
843 3543 989 3600 monstro
1010 3541 1044 3598 et
1060 3541 1194 3616 marque
1217 3553 1251 3598 ee
1302 3549 1414 3598 curate
1435 3529 1615 3610 ostenditur
1632 3531 1666 3596 in
1680 3531 1847 3598 Ciceronis
1869 3529 2071 3598 orationibus
2093 3534 2199 3618 magis
2219 3553 2272 3598 ar·

281 3619 440 3688 Oraiscns
464 3617 505 3686 de
533 3621 670 3686 Cicer-on
698 3621 747 3686 les
775 3619 847 3702 plue
875 3620 1086 3684 artifieiclles:
1114 3620 1194 3684 item
1216 3639 1251 3683 es
1303 3617 1461 3696 tificiosis,
1491 3619 1634 3700 itemque
1657 3615 1888 3682 Demosthenis
1910 3613 2117 3702 Olynthiacis
2139 3629 2172 3684 et
2192 3615 2273 3684 Phi·

281 3704 522 3792 Olynthioqucs
550 3705 590 3770 de
618 3705 855 3779 Demosthene,
884 3717 917 3770 et
944 3727 979 3771 cs
1007 3704 1249 3788 Philippiqucs:
1303 3702 1444 3786 lippicis:
1468 3701 1612 3767 Homero
1634 3703 1714 3767 item
1736 3713 1769 3765 ct
1791 3699 1946 3787 Virgilio:
1973 3703 2020 3766 ita
2041 3714 2079 3768 ut
2100 3701 2274 3789 diligenter

280 3792 510 3878 pareillement
536 3811 578 3856 en
605 3791 750 3856 Homero
779 3803 813 3856 ct
835 3791 970 3875 Virgilo.
1021 3791 1067 3856 Et
1093 3812 1155 3873 que
1183 3789 1252 3854 cele
1304 3797 1462 3854 eruantur
1484 3787 1590 3853 nudae
1613 3789 1859 3871 propositiones,
1882 3809 2021 3870 quarum
2040 3787 2156 3855 deinde
2178 3809 2273 3854 orna·

281 3899 318 3944 se
338 3879 407 3944 face
428 3900 471 3943 en
498 3877 601 3942 tir-ant
628 3897 648 3942 e
674 3889 748 3960 part
776 3876 824 3942 lce
849 3877 1067 3960 propositione
1096 3897 1190 3953 nrres,
1219 3884 1252 3938 et
1303 3885 1415 3940 monta
1436 3873 1647 3957 explicentur,
1670 3882 1789 3939 etcum
1801 3873 1880 3958 ipsis
1891 3875 2169 3958 praeceptionibus
2187 3895 2273 3940 ecm-

281 3963 356 4046 puie
377 3963 542 4046 explicant
569 3962 762 4028 l'crnement
787 3965 841 4046 qui
869 3975 980 4047 pest,
1008 3971 1199 4045 comparent
1219 3961 1251 4026 le
1302 3971 1469 4043 parentur.

281 4055 354 4114 tout
375 4070 454 4114 avec
475 4049 524 4114 les
545 4059 720 4132 preceptee.

369 4217 445 4300 Quo
465 4220 514 4286 les
535 4221 651 4288 enfans
666 4228 820 4286 exercent
834 4219 1060 4308 diligcrnment
1076 4217 1149 4284 leur
1161 4217 1250 4316 stile:
1326 4303 1333 4316 Ι
1389 4215 1533 4316 Stylum·
1555 4213 1729 4315 diligenter
1765 4225 1949 4283 exercente.
2011 4215 2274 4284 Declamationee

282 4315 316 4371 et
380 4327 418 4370 ur
437 4326 473 4370 ce
494 4307 575 4371 faire
597 4306 674 4390 qu'il
695 4329 719 4391 y
740 4307 788 4370 cit
808 4305 947 4389 (comme
961 4325 1043 4372 noue
1056 4325 1158 4369 avons
1170 4303 1251 4383 drot)
1303 4301 1396 4368 bruas
1413 4301 1740 4386 srngulrsmenerbue,
1763 4303 1810 4370 ita
1826 4311 1865 4368 ut
1882 4301 2034 4380 diximus,
2058 4302 2172 4369 diebus
2184 4303 2273 4370 Her·

281 4392 377 4562 ppqes
398 4391 603 4542 tpitsipprdeux
624 4394 684 4459 icis
705 4392 736 4457 lc
758 4393 848 4469 mois,
871 4411 891 4456 a
912 4391 1038 4457 scavoir
1058 4390 1089 4455 le
1107 4387 1252 4456 Mecredi
1304 4388 1387 4455 curii
1408 4387 1558 4453 hebento.

369 4645 563 4714 LeSamedi
584 4647 697 4734 depuis
719 4649 798 4716 trois
819 4647 938 4713 heures
951 4648 1081 4730 iusquce
1096 4653 1252 4729 aquatre,
1390 4643 1515 4710 Diebus
1537 4643 1672 4711 Sabbati
1700 4643 1838 4709 atentia
1867 4643 1909 4708 ud
1934 4653 2099 4727 quartem,
2128 4645 2271 4730 aliquem

282 4739 380 4820 qu’cn
397 4734 469 4800 leur
489 4735 550 4800 lise
569 4735 707 4819 quelque
726 4733 860 4816 Epistre
882 4732 939 4800 des
960 4735 1128 4816 Apostres.
1304 4753 1347 4796 ex
1367 4729 1551 4815 apostolicis
1573 4730 1731 4815 Epistolie
1752 4727 1918 4796 audiunto.

651 4955 702 5010 Du
718 4951 891 5010 RDCTEUR
1492 4942 1564 5015 [ρας.
1587 4939 1638 5015 te]
1661 4950 1711 5006 DE
1730 4949 1897 5008 HECTORE
1915 4951 2087 5008 SCHOLAH.

372 5074 447 5158 Qus
466 5075 498 5143 le
519 5077 663 5142 Recteur
683 5075 747 5141 scit
767 5073 860 5158 prins
881 5081 915 5138 et
933 5072 1036 5140 chciei
1057 5073 1148 5139 de'la
1166 5091 1255 5140 com·
1390 5072 1513 5138 Reetcr
1539 5071 1641 5137 totius
1669 5069 1813 5152 scholae,
1842 5069 1961 5154 pietate
1988 5081 2022 5137 et
2050 5069 2197 5139 doctrina
2225 5075 2275 5138 in·

289 5194 492 5210 ----
1305 5157 1423 5242 signis,
1452 5179 1494 5226 ex
1522 5157 1747 5224 ministrorum
1774 5166 1807 5222 et
1832 5157 2051 5242 professorum
2079 5157 2214 5244 collegio
2241 5160 2276 5225 in

356 5264 385 5324 n
404 5261 486 5318 leel:
504 5267 522 5321 e
538 5262 641 5321 rmus
841 5297 845 5308 .
1306 5243 1423 5310 umore
1451 5265 1489 5312 ae
1516 5251 1657 5310 tremore
1685 5241 1835 5324 Domini,
1870 5243 2097 5310 communibus
2129 5243 2276 5314 eiusdem
