4820 6016
161 341 216 406 lbi
980 344 1062 406 1538
1083 338 1315 406 FEBRUAR.
2082 345 2143 408 154

158 529 262 596 simus.
307 526 483 612 Negotium
505 549 600 596 snum
621 528 784 596 Dominus
804 529 875 614 ipse
895 527 1031 596 curabit.
1068 527 1122 594 Ad
1145 551 1150 628 Ι
1173 547 1240 592 non
1262 523 1398 592 obscure
1419 533 1667 610 perspexerunt.
1712 527 1851 594 Utinam
1869 527 2041 596 veredica
2058 551 2144 597 unns

158 611 411 698 Argentinenses
439 615 556 682 tratres
583 615 695 680 statim
728 615 814 682 soleo
840 615 973 680 mittere
1001 613 1121 692 omnia,
1173 613 1216 678 ad
1243 613 1379 678 liberam
1405 613 1712 678 commentationem
1743 614 1837 680 nobis
1870 614 2012 680 daretur.
2063 613 2146 682 Inde

158 719 252 782 quum
270 697 393 781 aliquid
415 697 539 766 accidit.
571 701 732 766 Dabimus
748 721 880 784 operam
898 721 1020 777 omnes,
1042 721 1122 782 quo-
1174 699 1272 776 enim,
1291 705 1331 762 ut
1347 718 1450 781 spero,
1472 719 1539 764 non
1557 697 1777 766 discederetur
1795 700 1866 766 sine
1882 701 2009 784 ingenti
2026 701 2144 766 fructu.

157 783 248 850 modo
276 781 372 850 rebus
401 785 482 852 duce
509 783 653 852 Domino
687 806 923 854 succurramus.
977 785 1122 852 Multum
1173 785 1290 849 Habeo
1316 795 1403 850 certe
1432 805 1514 865 quae
1541 805 1601 849 nee
1627 785 1732 848 literis
1761 785 1931 868 complecti
1957 807 2046 852 nunc
2071 795 2144 853 tuto

159 869 265 936 auxilii
293 871 434 952 positum
462 870 548 956 apud
576 873 736 938 Bernates
763 881 827 951 est,
860 893 975 938 verum
1001 871 1122 936 videtis
1173 889 1269 952 posse
1290 868 1395 947 video,
1418 890 1479 934 uec
1500 891 1520 933 a
1541 869 1634 936 nobis
1655 871 1720 936 uisi
1741 878 1871 936 mature
1891 870 1978 936 ultro
2000 874 2145 955 citroque

158 955 211 1038 qui
240 955 314 1022 istie
347 977 473 1040 quoque
503 965 613 1022 motus
644 957 768 1022 luerim
796 957 961 1024 hactenus.
1005 957 1121 1041 Spero,
1174 975 1318 1038 expensa
1338 963 1374 1020 et
1395 955 1541 1020 discussa
1563 955 1710 1106 mii}
1743 957 1818 1022 Hoc
1838 963 1949 1022 mmen
1967 957 2071 1024 obiter
2092 959 2146 1022 in-

159 1041 316 1106 Dominus
348 1041 502 1108 Christus
541 1043 651 1108 omnia
688 1041 728 1108 ad
762 1043 934 1108 utilitatem
969 1042 1122 1108 eeclesiae
1175 1040 1297 1119 dicabo,
1321 1039 1403 1104 mihi
1424 1040 1545 1118 videri,
1571 1061 1633 1107 nos
1686 1043 1852 1108 ‘uturnam
1879 1042 2145 1124 eeclesiamnon

158 1147 232 1192 suae
259 1137 436 1194 convertet.
480 1127 523 1194 In
550 1127 643 1194 illum
670 1129 895 1212 respiciamus:
926 1133 1121 1211 potensest,
1174 1127 1358 1204 habituros,
1387 1127 1452 1191 nisi
1480 1126 1635 1192 restituta
1662 1128 1697 1192 in
1724 1127 1892 1211 integrum
1920 1129 2055 1211 antiqua
2075 1128 2143 1208 illa,

158 1231 192 1277 ae
208 1213 304 1292 viam,
334 1212 390 1278 ubi
412 1213 592 1292 videbitur,
621 1222 743 1278 certam
771 1214 934 1292 inveniet,
962 1213 1121 1297 quomodo
1174 1212 1235 1277 hoo
1250 1220 1310 1290 est,
1329 1212 1504 1294 apostolica
1522 1211 1702 1296 disciplina,
1725 1233 1807 1296 quae
1824 1212 1911 1296 apud
1927 1233 1987 1280 nos
2005 1215 2041 1278 in
2058 1213 2143 1278 mul-

158 1305 276 1362 ctatum
296 1297 437 1382 aliquem
464 1299 563 1366 rebus
594 1297 700 1364 addat.
743 1299 877 1364 Interea
898 1299 1012 1366 sedulo
1034 1298 1121 1382 apud
1173 1298 1218 1362 tis
1250 1296 1398 1381 partibus
1429 1296 1640 1362 desideratur.
1685 1297 1839 1364 Nondum
1871 1307 2064 1382 extorquere
2085 1319 2143 1384 po·

156 1384 270 1448 fratres
292 1405 428 1468 agemus
449 1387 568 1452 omnia.
602 1383 718 1450 Valete
735 1386 800 1450 mei
817 1385 934 1451 fratres
952 1383 1121 1451 carissimi.
1173 1384 1304 1462 mimus,
1327 1393 1365 1448 ut
1385 1403 1470 1468 pura
1490 1392 1667 1466 sanctaque
1687 1384 1897 1450 reduceretur
1919 1386 2143 1450 excommuni-

158 1467 316 1534 Dominus
338 1469 490 1536 Christus
513 1473 683 1536 confirmet
709 1492 767 1536 ros
795 1471 830 1536 iu
851 1471 954 1554 ipsius
974 1469 1122 1536 ministe-
1172 1471 1307 1535 cationis
1328 1468 1519 1534 observatio.
1562 1469 1610 1535 Ut
1631 1469 1709 1534 urbs
1731 1491 1814 1553 quae
1835 1478 1886 1535 est
1906 1489 1965 1553 pro
1987 1470 2142 1553 amplitu-

157 1554 203 1618 rio
224 1563 335 1621 sancto
356 1553 398 1620 ad
420 1579 531 1622 veram
553 1557 691 1622 salutem
713 1577 855 1622 suorum.
889 1557 1006 1623 Amen.
1024 1554 1121 1622 Febr.
1174 1555 1260 1620 dinis
1282 1575 1359 1620 suae
1380 1555 1476 1618 modo
1505 1555 1755 1637 populosissima
1782 1555 1816 1619 in
1843 1557 2008 1638 paroecias
2031 1555 2143 1621 diatri-

160 1643 204 1702 13.
227 1659 314 1706 anno
338 1645 387 1707 38.
402 1643 427 1726 ¹)
1173 1641 1337 1708 haeretur.
1399 1639 1682 1720 Quemadmodum
1721 1641 1809 1704 enim
1845 1641 1909 1706 lert
1947 1643 2144 1708 ccnfusanaa

1173 1726 1254 1792 haee
1276 1725 1532 1804 administratio,
1559 1725 1680 1810 vulgus
1709 1725 1881 1792 hominum
1903 1728 2144 1792 concionatores

1173 1833 1233 1877 nos
1254 1811 1359 1896 magis
1381 1813 1528 1894 agnoscit
1547 1831 1644 1894 quam
1666 1821 1820 1894 pastores.
1865 1812 1942 1877 Alia
1968 1821 2047 1878 sunt
2067 1832 2142 1896 per-

1173 1897 1278 1962 multa
1299 1917 1501 1980 quaequam
1527 1897 1701 1994 pmendata
1726 1898 1939 1964 vehementer
1965 1899 2143 1980 cupiamus,

1174 1983 1298 2050 nullam
1331 1983 1415 2048 inire
1447 2001 1620 2065 possumus
1652 1983 1829 2062 rationem,
1863 1984 1926 2049 nisi
1958 1982 1993 2048 id
2025 1992 2144 2070 agatur

1174 2069 1339 2136 communi
1367 2077 1400 2134 et
1421 2069 1485 2132 fide
1507 2077 1541 2132 et
1561 2065 1667 2132 studio
1690 2079 1723 2134 et
1743 2068 1913 2134 industria.
1958 2067 1989 2134 Ο
2011 2069 2040 2134 sl
2061 2091 2144 2152 pura

1175 2155 1366 2236 sinceraque
1382 2154 1517 2219 tandem
1535 2151 1622 2218 inter
1638 2175 1699 2218 nos
1710 2153 1882 2220 concordia
1898 2155 2020 2220 sanciri
2036 2163 2141 2237 queat

612 2219 664 2288 ⁹³·
1175 2239 1264 2321 Quid
1287 2240 1376 2304 enim
1395 2248 1473 2306 tune
1489 2238 1669 2338 impediret.
1692 2241 1865 2340 quominus
1882 2239 2144 2339 publieaualiqua

350 2373 584 2442 covus
609 2375 925 2442 sunmerso·
1174 2323 1318 2476 rests
1335 2323 2145 2493 restituisset’.at‘tatsat

1175 2497 1267 2562 muni
1297 2495 1531 2562 deliberatione
1558 2496 1787 2580 dispiceretur‚
1815 2505 1863 2576 et,
1893 2497 1922 2562 si
1949 2519 2030 2580 opus
2051 2497 2144 2576 foret,

1174 2583 1325 2648 civitates
1347 2602 1384 2646 ao
1405 2582 1569 2664 principes
1590 2583 1689 2647 etiam
1710 2591 1827 2648 mutua
1848 2589 1882 2646 et
1904 2583 2089 2648 hort-atione
2110 2604 2146 2649 se

1174 2666 1367 2734 adiuvarent
1383 2677 1417 2733 et
1434 2667 1608 2732 ostentate
1629 2667 1881 2734 confirmarent?
1916 2667 1984 2734 Sed
2000 2668 2036 2732 in
2053 2675 2146 2734 tanta

152 2801 301 2884 Spaodus
322 2803 453 2886 publiea
471 2803 619 2884 pluriam
640 2803 840 2869 eeclesiarum
861 2805 927 2888 cepi
948 2803 1067 2870 deberet
1087 2805 1122 2868 ia
1173 2754 1390 2838 porplfflimoe
1416 2753 1521 2852 malli?
1549 2749 1715 2835 r⁰g³¹¹d¹¹⁸
1742 2763 1793 2820 ⁰⁸l
1813 2753 1977 2818 D⁰mi¹1¹1⁸
1997 2762 2035 2818 ul
2056 2755 2145 2820 Viam

149 2908 210 2969 qao
230 2891 390 2955 commum
415 2887 631 2954 deliberatione
658 2887 695 2953 de
722 2888 815 2953 redeas
840 2889 982 2954 manibus
1003 2890 1122 2955 utiliter
1173 2838 1334 2923 ‘nimia'
1380 2839 1509 2938 Luc-hm
1536 2837 1779 2937 re⁸p⁰¹¹⁸l⁰nem
1807 2837 1934 2938 “dm
1956 2839 2145 2939 pelve-”iim

1076 2977 1080 2990 .
1173 2925 1347 2992 admodum
1369 2921 1544 3008 benignam
1562 2935 1596 2990 et
1612 2945 1760 3002 amicam,
1785 2923 1964 2991 Pcilreaaas
1983 2925 2077 2991 nobis
2094 2947 2144 2989 rn-

149 2974 352 3041 l'wllim‘lli
365 2973 584 3074 ,displmelu'·
617 2973 748 3074 ΨΜ
766 2973 939 3060 bmiffnam’
962 2997 1041 3058 qm
1060 2977 1122 3057 ier*
1173 3010 1308 3076 dieavit:
1337 3031 1402 3093 qua
1426 3009 1592 3092 araneae
1612 3009 1675 3076 sibi
1695 3009 1833 3075 multam
1856 3031 1947 3093 spem
1969 3011 2040 3076 lieri
2060 3009 2145 3076 obti-

147 3063 205 3140 lus,
225 3081 459 3144 'OSPOWWM
480 3059 614 3125 ”lindum
635 3061 721 3124 mall·
1171 3095 1298 3162 nendae
1330 3095 1421 3179 pacis
1452 3096 1555 3160 altera
1590 3116 1631 3160 ex
1663 3105 1758 3178 parte
1793 3102 1940 3162 testatur.
1999 3094 2068 3162 Sed
2104 3117 2143 3162 aa

148 3229 200 3298 rs:
217 3237 286 3286 auto
335 3229 979 3301 ptoAmttv.t¹urio.1³1utvl.vor.105otim
998 3231 1120 3284 suom.
1173 3181 1279 3265 qualis
1301 3182 1344 3248 sit
1364 3179 1511 3246 nondum
1531 3181 1652 3248 rescire
1673 3181 1849 3263 potuimus.
1894 3180 1986 3262 ΨΜ
2007 3182 2048 3247 ⁰¹)
2069 3203 2145 3264 1³10·

148 3299 168 3351 l.
186 3300 233 3354 lol.
258 3297 321 3352 Ἠ.
363 3300 513 3369 Descripsit
536 3300 634 3352 Simler
657 3299 709 3352 vol.
732 3296 775 3351 44.
815 3299 931 3370 Anglice
955 3300 1054 3368 legitur
1077 3316 1119 3368 ap.
1172 3267 1387 3368 Plnqffilalllm
1419 3265 1554 3332 9001θῦῙῦ
1569 3267 1598 3366 1),
1621 3267 1789 3332 n⁰bl⁸⁰um
1815 3267 1925 3332 munia
1951 3275 2066 3366 P⁰⁸⁸⁰i
2087 3288 2144 3350 ⁰P'

473 3367 546 3424 Β-Ο.
564 3367 640 3422 tom.
659 3367 679 3422 1.
697 3384 723 3436 p.
740 3367 796 3436 tt)
1172 3364 1403 3437 portunrssrme
1437 3371 1691 3431 communicare,
1721 3351 1812 3418 nullo
1842 3373 1987 3436 unquam
2016 3353 2144 3436 apicula

1172 3461 1233 3506 nos
1255 3435 1390 3524 dignata
1411 3445 1469 3504 est.
1514 3437 1574 3517 Dr,
1597 3438 1624 3502 si
1646 3457 1710 3520 qua
1730 3459 1765 3504 se
1782 3439 1898 3504 offeret
1919 3439 2052 3517 occasio,
2075 3459 2144 3504 non

230 3539 277 3606 Η.
290 3541 485 3625 Bullingero
496 3541 673 3624 ligurinae
692 3540 848 3607 ecclesiae
865 3539 1120 3625 vigilantissimo
1171 3525 1360 3610 gravaberis
1377 3543 1540 3590 summam
1555 3523 1672 3588 saltem
1688 3521 1783 3590 nobis
1794 3544 1966 3608 exponere.
1996 3521 2145 3590 Fereilus

145 3627 273 3708 pastori
294 3627 389 3692 fratri
411 3635 444 3693 et
465 3633 667 3712 symmystae
688 3626 770 3691 mihi
792 3625 1005 3693 observando,
1172 3620 1205 3675 te
1227 3610 1362 3708 salutat..
1392 3605 1575 3708 ‘Salutabis
1598 3629 1675 3708 meo
1707 3609 1839 3674 nomine
1868 3631 1936 3674 non
1964 3608 2144 3692 vulgariter
2198 3681 2201 3686 ,

908 3711 1032 3796 Tiguri,
1171 3697 1289 3762 fratres
1319 3695 1402 3760 mrhr
1440 3718 1474 3758 rn
1507 3693 1650 3759 Domrno
1688 3693 1855 3774 colendos,
1888 3705 1961 3760 tuos
1993 3693 2142 3780 collegas,

232 3831 267 3898 G
308 3833 333 3895 fi
899 3831 905 3844 .
974 3830 1054 3896 Oh.
1173 3779 1376 3860 Petitarum,
1398 3779 1538 3859 Leertern,
1560 3779 1834 3860 Bibliandram,²)
1856 3789 2024 3862 praeterea
2048 3779 2144 3846 Piri·

143 3914 220 3983 1..
264 3831 983 3984 cesseritcesserit.
1002 3837 1118 3982 ..st
1307 3866 1471 3964 s...
1725 3865 1761 3930 a
1910 3865 1962 3930 ..

164 4003 170 4014 .
221 3939 265 4002 ΕΘ
1170 3960 1295 4018 bonam
1317 3950 1761 4027 vos³)1ucolumesservet
1807 3949 1978 4030 Genavae,
2006 3955 2056 4016 21.
2076 3951 2141 4016 Fe-

142 4023 250 4068 nmae
273 4012 403 4068 nosmae
424 4002 619 4069 conditionis
644 4004 764 4069 iustam
786 4003 1008 4068 narrationem
1029 4001 1118 4086 apud
1168 4038 1293 4104 brunsii
1315 4041 1395 4104 1538

142 4095 177 4152 te
198 4089 353 4172 persequi
373 4089 555 4167 instituam,
576 4088 674 4173 longa
695 4089 778 4154 mihi
795 4089 938 4154 texenda
954 4089 997 4154 ait
1014 4088 1117 4154 histo·
1397 4087 1405 4102 ‘

143 4175 202 4239 ria.
250 4175 405 4240 Nostram
433 4181 542 4240 autem
570 4175 697 4258 appello
732 4195 816 4258 quae
844 4175 1030 4252 ecelesiam,
1062 4175 1116 4240 eui

141 4280 297 4342 praeesse
318 4281 377 4326 nos
388 4259 552 4325 Dominus
572 4261 688 4338 voluit,
707 4261 774 4326 iam
796 4259 994 4342 aliquamdiu
1016 4281 1116 4326 vexa·

141 4347 193 4410 rit
221 4353 259 4412 et
289 4367 376 4413 nuno
404 4348 503 4410 etiam
531 4367 653 4430 magna
680 4367 722 4410 ex
750 4355 843 4430 parte
871 4346 999 4428 premit.
1048 4344 1116 4412 Sed
1203 4377 1252 4438 qq·
1269 4378 1299 4444 1)
1319 4378 1468 4432 Remum-⁸
1485 4375 1593 4434 ,effi-m·

140 4433 221 4514 quin
242 4452 350 4516 neque
372 4431 413 4496 ad
435 4431 566 4516 singula
587 4431 781 4514 explicanda
801 4433 882 4497 satis
903 4433 939 4496 in
960 4451 1116 4514 praesens
1269 4447 1298 4514 a)
1319 4445 1447 4500 &ulnas
1464 4445 1498 4499 dr
1514 4460 1564 4499 ruo
1578 4459 1744 4512 praecem
1766 4444 1900 4501 Ἠκοᾱοη·
1915 4443 2032 4514 eddidit,
2051 4453 2139 4502 em

140 4518 293 4602 suppetit
313 4517 380 4596 otii,
403 4525 436 4582 et
456 4518 533 4583 boni
552 4517 609 4583 isti
630 4517 695 4582 viri
715 4517 876 4582 nonnulla
897 4538 956 4600 per
976 4539 1012 4583 se
1032 4517 1115 4584 reci·
1163 4515 1239 4570 'lawr
1256 4515 1380 4598 “nolim
1396 4515 1468 4569 lm
1490 4512 1659 4568 ledm
1676 4527 1696 4568 ⁰
1714 4513 1878 4570 somnae
1895 4515 2047 4585 ‘Mmt-

140 4609 213 4669 tara
235 4611 402 4686 poterunt,
424 4603 570 4686 longiore
591 4603 730 4686 epistola
750 4624 818 4668 non
839 4623 894 4668 ero
916 4602 976 4668 tibi
997 4601 1115 4668 moles·
1271 4582 1301 4650 ³)
1321 4585 1378 4638 Μ’

139 4697 205 4753 tus.
253 4689 330 4754 Itai
352 4689 440 4753 enim
461 4689 568 4773 ipsam
588 4688 674 4754 forte
694 4687 773 4753 mali
794 4689 1027 4772 scaturiginem
1048 4709 1115 4754 non

138 4773 464 4854 animadverterunt,
491 4795 551 4841 nee
577 4795 732 4858 quorsum
759 4775 932 4840 tenderent
952 4774 1115 4858 improbo·

139 4881 219 4924 rum
242 4867 388 4940 conatus,
415 4861 487 4944 ipsa
508 4868 618 4926 tamen
639 4881 750 4926 rerum
771 4861 870 4928 facies
891 4859 998 4944 qualis
1019 4866 1115 4940 esset,

549 1761 664 1827 Simon
687 1761 859 1847 Grynaeus
882 1771 991 1828 vester
1011 1760 1121 1826 frater.

237 2545 348 2612 &aas
377 2547 520 2612 eeclesiae
549 2545 737 2611 Gcaeeeasis
768 2547 968 2612 tristissimas
999 2551 1027 2611 et
1057 2549 1123 2627 iere

151 2631 338 2712 deploratas.
382 2632 721 2698 Excommanieatioris
742 2631 913 2712 disciplina
934 2638 962 2698 et
981 2631 1123 2698 urbisin

145 2717 318 2798 parochias
344 2719 521 2782 distributio
549 2739 570 2782 a
596 2722 706 2782 seara
732 2719 899 2798 impetrari
926 2739 986 2782 noa
1006 2720 1120 2799 potuit.

1678 4120 1836 4189 Calvinus
1854 4129 1946 4221 totus
1968 4129 2053 4186 tuus.

174 5114 227 5178 92,
250 5115 280 5182 1)
298 5113 343 5170 De
359 5117 439 5171 rebar
458 5115 659 5172 &metabus
680 5115 731 5171 boe
752 5117 814 5186 ipro
836 5121 952 5186 tenpore
967 5118 1051 5184 pretio
1067 5113 1116 5170 ad·

134 5183 723 5325 taf‘rtttwtda‘tatat
743 5183 839 5255 W
862 5185 895 5240 ⁶⁶
915 5183 1020 5240 Μ’
1034 5201 1062 5254 ²²·
1080 5181 1116 5237 ⁶⁴
