4852 6022
283 313 344 377 811
1053 300 1316 369 EPISTOLAE
1340 305 1508 366 157-158
2222 306 2282 368 312

284 519 305 562 e
327 495 480 577 Sodoma,
502 496 659 579 usquein
682 494 781 560 heras
803 493 977 558 exaudires
998 493 1174 558 elamorem
1192 512 1258 556 non
1308 491 1477 556 affirmant
1493 512 1532 557 ae
1549 491 1814 570 eonferendum,
1836 490 1937 558 biblia
1954 492 1994 558 ab
2012 492 2085 558 aliis
2102 492 2170 577 legi
2187 513 2284 576 quam

283 581 465 648 ferendum.
511 580 578 648 Sed
600 601 688 646 nune
714 579 858 645 maxime
879 599 992 662 eogor,
1019 599 1118 662 quum
1141 597 1259 642 manus
1311 576 1474 661 aperitis,
1498 596 1633 659 esseque
1650 577 1769 666 gallilea
1786 576 1999 662 prohibenda,
2021 577 2285 661 quandoquidem

284 665 423 732 Domini
445 667 611 732 desaeviat
637 686 735 748 quam
756 666 916 731 maxime:
946 670 1078 729 tantum
1106 663 1198 728 abest
1223 670 1260 728 ιιι
1311 670 1345 728 οι
1366 664 1457 745 ipsae
1479 662 1633 728 mulieres
1655 663 1779 728 audent
1800 663 1873 746 ipsa
1894 671 2036 730 traetare
2053 683 2091 728 ao
2112 665 2284 730 eeneiena-

285 753 503 835 eonquieseat,
526 762 563 818 ut
583 751 688 817 multo
706 752 813 835 magis
839 749 1042 816 intendatur.
1087 747 1170 828 Quis
1193 769 1259 814 non
1311 755 1399 814 teres
1421 769 1577 832 arguere,
1604 769 1664 831 pro
1695 748 1858 814 soliditate
1884 749 2011 816 bibliea
2055 748 2233 827 Planotnm
2255 758 2285 815 et

283 837 525 922 illaorymesset
554 859 653 920 super
682 836 824 902 oolluvie
857 836 1021 902 ebriorum
1051 841 1086 899 et
1107 834 1259 918 perditis-
1312 841 1506 917 apparatum
1527 833 1623 899 illum
1641 841 1845 900 mortuorum
1862 835 1898 898 in
1920 835 2034 900 funere
2051 835 2119 900 iam
2141 835 2285 902 restituit

284 923 458 1003 simorum,
486 922 566 988 dum
593 923 717 1005 passim
738 922 946 1005 magistratui
966 921 1162 1005 obganniret
1183 939 1259 986 eon-
1311 920 1347 984 in
1369 926 1471 1002 parte,
1495 940 1532 986 ae
1543 926 1649 1004 urget,
1672 921 1756 986 ferte
1773 941 1910 1003 sperans
1932 941 1991 1003 pre
2002 941 2092 986 mere
2113 929 2284 987 emunctu-

285 1015 410 1092 tempte
431 1007 530 1075 verbo
553 1007 712 1073 Domini?
746 1006 814 1074 Sed
837 1007 979 1074 amanet
1001 1008 1065 1072 luit
1086 1006 1260 1090 magistra·
1311 1026 1387 1070 rum
1408 1026 1444 1070 se
1465 1006 1623 1088 peounies
1649 1011 1854 1071 mortuorum
1877 1007 2009 1072 nomine
2032 1028 2052 1072 a
2072 1006 2282 1074 muliereulis.

285 1095 335 1159 tui
364 1103 475 1159 tantae
507 1095 689 1176 iniquitatis
722 1103 845 1177 partus.
908 1091 999 1174 Quid
1031 1091 1071 1158 de
1104 1092 1261 1158 eieetione
1311 1089 1387 1156 Diei
1409 1111 1477 1156 nen
1494 1099 1684 1174 potestque
1704 1093 1813 1158 furere
1831 1101 1982 1177 agantur,
2003 1099 2043 1156 ut
2063 1100 2204 1158 narrant
2221 1113 2285 1160 nen

283 1179 477 1264 pastorum?
521 1178 630 1245 Aedes
651 1200 833 1262 pauperum
854 1180 907 1244 eui
929 1187 1007 1244 eunt
1035 1176 1190 1255 ereditas,
1222 1199 1260 1243 ae
1311 1177 1390 1241 vani
1417 1178 1551 1255 iratres,
1577 1197 1716 1260 querum
1745 1199 1837 1261 pars,
1871 1178 1959 1242 inter
1990 1199 2070 1260 quos
2100 1177 2284 1259 Zebedoess,

284 1285 346 1349 per
377 1287 458 1349 quos
491 1265 673 1350 reguntur?
733 1263 914 1349 Supererat
940 1264 1123 1330 iuventutis
1151 1263 1260 1345 alique
1312 1262 1392 1327 dum
1412 1271 1573 1344 rogantur
1594 1285 1614 1328 a
1635 1263 1810 1343 nonnullis,
1831 1263 2063 1348 deprecantur:
2098 1261 2198 1328 adid
2218 1265 2284 1330 adi-

285 1369 376 1434 spee:
400 1359 531 1418 atnune
542 1360 610 1416 teta
627 1351 725 1434 periit
741 1349 896 1433 dissipato
914 1351 1096 1435 gymnasio,
1109 1348 1134 1434 ¹)
1156 1347 1260 1432 pulsis
1312 1348 1361 1432 git
1382 1345 1467 1430 quod
1484 1345 1639 1430 expedire
1656 1367 1723 1414 non
1740 1351 1851 1432 possit,
1873 1369 1935 1415 nee
1952 1350 2085 1415 reeitari
2101 1351 2173 1415 sine
2191 1352 2284 1435 gravi

285 1437 436 1502 omnibus
457 1435 687 1502 formatoribus
716 1437 793 1519 piis,
822 1457 901 1519 quos
929 1455 997 1500 non
1023 1443 1153 1501 tantum
1181 1434 1260 1518 pelli
1312 1433 1431 1499 dolere.
1476 1433 1656 1500 Merendae
1682 1455 1742 1517 pro
1768 1435 1918 1502 libertate
1945 1433 2174 1522 eapillorum²)
2197 1437 2285 1502 velut

285 1521 417 1588 volebat
438 1543 506 1587 non
527 1523 635 1587 minus
652 1523 688 1586 in
710 1521 823 1588 literas
845 1521 990 1599 effeetus,
1013 1541 1109 1604 quam
1132 1521 1169 1584 in
1191 1521 1259 1602 pie·
1311 1541 1370 1602 pre
1390 1517 1607 1586 summafidei
1623 1519 1807 1586 contendit:
1825 1520 2039 1603 iniquissime,
2057 1519 2285 1604 perditissime,

285 1613 389 1672 tatem
423 1607 634 1686 Mermertiue,
673 1607 740 1673 imo
778 1628 912 1690 prorsus
951 1606 1095 1689 perditos
1134 1607 1257 1672 oonfiei.
1312 1613 1345 1670 et
1367 1605 1446 1688 quid
1468 1625 1552 1684 nen,
1581 1607 1627 1670 ait
1647 1605 1869 1672 introductum
1892 1613 1930 1671 ut
1950 1607 2115 1687 velentur,
2137 1607 2174 1672 in
2195 1629 2285 1674 ever·

287 1693 408 1759 Aiebat
429 1693 531 1758 onim:
552 1692 750 1776 suspendite,
774 1691 910 1760 oeeidite
927 1713 1069 1776 nequam
1090 1692 1159 1770 hos,
1181 1712 1259 1756 nam
1311 1691 1438 1756 sionem
1458 1689 1629 1757 libertatis.
1673 1692 1806 1758 Interea
1827 1691 1885 1756 ubi
1907 1692 2031 1760 seelera
2051 1701 2198 1776 regnant
2218 1715 2283 1760 em-

286 1777 392 1843 mulie
413 1778 565 1844 meliores
586 1779 794 1845 inveniemus
812 1779 868 1861 qui
882 1779 1087 1844 iuventutem
1106 1779 1257 1842 forment
1311 1777 1382 1855 nia,
1410 1773 1488 1841 dum
1511 1784 1658 1859 poseeret
1679 1777 1754 1859 pius
1775 1786 1813 1842 ut
1834 1778 1965 1844 seeleris
1987 1778 2152 1861 quendam
2174 1778 2282 1844 adme-

287 1863 461 1930 Haetonus
486 1871 596 1928 aetum
624 1864 687 1930 fuit
705 1865 740 1928 in
762 1886 840 1943 nos,
870 1885 907 1930 ae
930 1863 1056 1930 Ohristi
1078 1863 1260 1929 dootrinam
1311 1871 1421 1941 neret,
1449 1861 1631 1946 respondit:
1661 1863 1800 1929 admone
1832 1871 1869 1929 tu
1893 1865 1922 1930 si
1946 1865 2043 1942 velis,
2071 1885 2134 1949 ege
2156 1873 2282 1930 textum

286 1969 347 2032 per
368 1969 428 2014 nos
450 1949 689 2028 adnuneiatam,
718 1950 803 2016 elam
824 1957 858 2015 et
879 1958 976 2015 teete:
1011 1971 1099 2016 nune
1121 1950 1259 2032 apertis·
1310 1969 1422 2014 meum
1442 1969 1627 2031 persequar.
1672 1948 1744 2014 Imo
1766 1959 1799 2014 et
1820 1948 2017 2016 Mereartiue
2038 1970 2113 2015 oum
2135 1971 2186 2028 eo,
2210 1950 2282 2016 dum

286 2035 368 2100 mmo
390 2033 590 2100 damnantur
611 2037 737 2114 omnia,
767 2035 986 2101 ministerium
1014 2043 1164 2100 nostrum
1184 2035 1259 2099 fun·
1310 2033 1539 2099 admoneretur
1573 2055 1671 2117 super
1699 2034 1886 2118 iniquitate,
1919 2035 2089 2118 respondit
2120 2039 2279 2101 monenti:

285 2118 375 2185 ditus
397 2121 565 2198 evertitur,
588 2121 804 2186 eeneuleetur.
849 2119 1017 2186 Confessio
1036 2143 1073 2187 ae
1094 2121 1258 2204 iusiuran-
1310 2120 1467 2202 orepabis,
1491 2121 1540 2184 tui
1561 2141 1689 2203 queque
1711 2129 1830 2196 teeum,
1859 2143 1919 2188 nee
1940 2120 2029 2186 aliud
2050 2123 2117 2187 fiet.
2164 2119 2281 2188 satu

284 2203 363 2270 dum
390 2227 489 2288 super
515 2227 554 2270 ee
579 2207 772 2289 praestitum
799 2227 905 2289 neque
931 2214 1102 2291 praeoepto
1123 2205 1259 2271 Domini
1309 2205 1376 2271 iam
1398 2203 1517 2271 dieitur
1545 2227 1615 2272 esse
1639 2206 1754 2284 missa,
1782 2208 2007 2274 sanctissimus
2035 2216 2068 2272 et
2090 2207 2280 2293 Gregorius,

283 2311 390 2374 neque
422 2291 572 2374 exemplo
610 2292 789 2375 seripturae
827 2299 934 2375 petest
965 2291 1145 2375 approbari.
1201 2291 1259 2357 sie
1310 2291 1366 2373 qui
1394 2298 1463 2355 tam
1490 2299 1601 2356 senate
1629 2301 1663 2356 et
1689 2299 1778 2358 reete
1811 2313 1910 2375 super
1936 2302 2140 2360 saeramsnto
2175 2294 2281 2359 altaris

285 2385 398 2459 aperte
422 2376 616 2443 Merendae:
637 2376 873 2444 addueontibus
896 2379 1077 2461 scripturae
1098 2377 1170 2442 leea
1191 2392 1258 2442 non
1311 2376 1456 2458 soripeit,
1495 2385 1645 2460 essetque
1680 2397 1863 2462 congruum
1896 2379 1999 2444 altere
2031 2379 2116 2462 erigi
2154 2380 2193 2444 in
2223 2401 2281 2462 quo

285 2459 456 2546 respondit
482 2463 546 2527 nisi
579 2485 597 2528 e
626 2470 800 2548 suggestu,
833 2462 889 2528 ubi
915 2485 1026 2530 seeum
1054 2462 1257 2529 deliberavit.
1311 2481 1390 2527 vera
1407 2471 1596 2528 cantaretur
1612 2461 1722 2528 missa.
1768 2461 1857 2529 Sane
1879 2465 1914 2530 in
1935 2464 1996 2530 hoe
2017 2473 2095 2530 sunt
2117 2486 2232 2530 omnes
2247 2472 2281 2530 ut

285 2547 379 2614 Tune
401 2548 554 2614 oenvioiis
575 2548 798 2632 proseindens,
820 2549 923 2628 Affer,
952 2548 1068 2632 inquit,
1091 2549 1149 2614 ubi
1170 2549 1258 2614 iura·
1310 2546 1384 2612 odie
1406 2548 1511 2612 nestri
1535 2547 1691 2632 quidquid
1709 2571 1769 2632 per
1790 2550 2022 2616 nosDominus
2044 2551 2113 2634 egit
2134 2561 2279 2616 evertere

285 2637 359 2696 tum
380 2633 423 2698 sit
448 2633 483 2698 in
512 2633 618 2718 legem
639 2634 776 2700 Domini
804 2635 1051 2718 interpretatam
1078 2635 1173 2700 iuxta
1199 2654 1257 2700 vo-
1310 2632 1510 2699 eentendant
1536 2641 1570 2698 et
1602 2635 1712 2699 emnia
1745 2633 1916 2719 dissipare:
1950 2635 2034 2700 nihil
2055 2647 2187 2714 eurant,
2215 2657 2279 2702 eor·

283 2715 449 2783 luntatem
471 2717 611 2784 duorum
631 2727 688 2785 aut
708 2719 831 2785 trium?
875 2720 1034 2785 Iurarunt
1054 2719 1104 2786 illi
1125 2718 1257 2803 quidem
1309 2728 1409 2784 ruant
1430 2719 1549 2796 omnia,
1579 2718 1788 2786 offendantur
1809 2741 1935 2801 omnes,
1964 2721 2061 2786 modo
2083 2723 2154 2788 suis
2176 2722 2279 2788 indul·

283 2801 354 2868 inl
396 2824 449 2869 em
469 2802 607 2870 Domini
634 2805 766 2872 nudam.
811 2804 850 2872 Si
872 2805 995 2872 dixeris
1021 2827 1091 2884 eos,
1121 2807 1177 2890 qui
1199 2805 1257 2871 do-
1309 2813 1411 2889 geant
1436 2803 1614 2870 effeotibus.
1661 2804 1812 2872 Sertorius
1842 2806 1878 2872 in
1910 2807 1972 2872 hoe
2000 2815 2073 2872 erat
2104 2819 2143 2874 ut
2172 2827 2279 2874 omnes
2353 2823 2358 2838 ·

284 2895 362 2954 eant
407 2910 445 2956 oe
473 2890 526 2956 vel
547 2891 604 2956 illo
635 2890 687 2956 die
709 2890 910 2971 feriandum,
941 2899 974 2958 et
1002 2911 1118 2958 rursus
1145 2891 1202 2974 qui
1223 2891 1258 2956 id
1309 2911 1444 2956 eoenam
1465 2891 1601 2955 Domini
1622 2890 1823 2970 aeeederent,
1852 2891 1938 2976 quod
1959 2914 2061 2976 quum
2081 2894 2228 2960 faeturos
2247 2915 2278 2959 se

283 2995 397 3059 genus,
410 2975 718 3078 ‘pseudoprophetas
740 2985 773 3042 et
789 2977 980 3078 proditores,
1003 2998 1063 3062 ego
1080 2984 1115 3044 te
1132 2997 1170 3044 ae
1187 2998 1256 3077 om·
1308 2983 1468 3075 negarent
1494 2975 1555 3075 pii,
1585 2976 1671 3075 qued
1690 2977 1784 3077 ⁴nihil
1812 2999 1984 3078 eommune
2010 2979 2134 3046 habere
2162 2979 2279 3046 vellent

281 3061 889 3232 ttltttbsltttssltttdt,
904 3063 1257 3216 lffsmtttttt
1307 3081 1445 3213 32de
1466 3063 2278 3234 lttttttttttttttttltfflttt

279 3232 500 3317 magistratui,
529 3253 567 3299 ao
588 3235 793 3317 potissimum
814 3234 871 3301 ubi
891 3233 1102 3301 multitudine
1124 3256 1177 3300 res
1199 3256 1255 3320 ge·
1307 3233 1478 3316 oaprinum
1500 3231 1565 3298 Dei
1593 3253 1791 3312 sermenem,
1818 3257 1839 3300 a
1859 3235 1976 3319 quibus
1997 3237 2068 3302 vita
2089 3243 2125 3302 et
2144 3235 2210 3302 fide
2231 3257 2278 3302 se-

281 3317 375 3397 ritur,
405 3339 439 3384 se
461 3340 629 3403 nunquam
651 3321 813 3386 minorem
835 3329 1049 3404 aequaturum
1071 3341 1254 3400 numeram,
1306 3318 1412 3385 iuneti
1432 3340 1566 3402 prorsus
1588 3339 1660 3385 esse
1681 3320 1805 3399 volunt
1828 3328 1866 3386 ut
1882 3321 1947 3388 alia
1962 3329 2089 3388 taoeam
2106 3343 2176 3388 non
2195 3322 2278 3388 levia

280 3401 339 3470 sed
366 3404 484 3470 maiori
505 3426 741 3472 eonsensumm
770 3427 913 3490 semper;
942 3426 1013 3472 esse
1040 3407 1255 3491 magistratus
1307 3425 1390 3487 quae
1411 3405 1528 3470 merito
1550 3405 1782 3472 eonseientiam
1802 3427 1936 3473 movere
1958 3407 2092 3486 debent,
2122 3409 2276 3473 nimirum

279 3497 429 3574 pastores
461 3491 633 3556 instituere
663 3511 701 3558 ae
729 3491 922 3571 destituere,
956 3498 989 3556 et
1016 3513 1081 3557 non
1104 3491 1252 3557 alterius:
1306 3487 1348 3555 ad
1381 3490 1636 3574 postulationem
1670 3491 1881 3558 eoelesiarum
1912 3493 2001 3559 nolle
2033 3493 2089 3560 vel
2122 3501 2273 3578 pastores,

280 3574 322 3641 ad
344 3575 434 3641 hune
463 3597 567 3640 unum
596 3585 742 3660 speetare
770 3578 894 3656 emnia,
924 3577 1138 3656 eonstituere,
1166 3577 1254 3642 ordi·
1305 3597 1386 3658 quos
1408 3576 1545 3642 eoelesia
1566 3577 1732 3659 approbat,
1762 3577 1889 3658 sudus,
1917 3588 2030 3644 tamen
2049 3579 2207 3646 iratribus
2228 3580 2276 3644 in·

279 3681 370 3738 nare,
394 3659 490 3726 hodie
512 3662 720 3740 cessandum,
750 3684 822 3728 eras
850 3663 1080 3742 laborandum,
1109 3663 1189 3728 adeo
1216 3671 1255 3728 ut
1304 3661 1444 3727 selentia
1461 3663 1746 3746 perseverantibus
1764 3663 2033 3748 deereveratipee
2055 3665 2108 3730 rel
2130 3664 2220 3732 selus
2237 3662 2276 3730 ad

279 3747 365 3812 nihil
387 3746 485 3814 lieeat
507 3768 604 3832 agere
626 3748 690 3812 nisi
712 3769 770 3830 per
791 3749 1022 3834 magistratum
1044 3749 1077 3814 id
1098 3748 1253 3814 eeneeda-
1305 3767 1453 3812 mensam
1474 3748 1620 3830 ipsorum
1643 3747 1796 3816 aeeedere
1823 3771 2021 3834 oeenamque
2043 3769 2118 3816 eum
2139 3750 2205 3816 illis
2226 3772 2275 3818 ee-

279 3841 350 3898 tnr:
380 3833 442 3898 etsi
469 3854 554 3898 uxor
580 3853 617 3899 ae
639 3833 734 3899 liberi
755 3832 841 3899 demi
866 3835 949 3911 sint,
977 3835 1061 3899 mibi
1088 3855 1156 3899 non
1178 3834 1254 3900 lieet
1304 3832 1440 3910 lebrare,
1470 3841 1563 3898 tanta
1584 3835 1777 3917 intemperie
1801 3833 1962 3904 dominieo
1984 3845 2061 3902 ante
2085 3834 2170 3902 diem
2192 3837 2275 3902 nati·

281 3939 475 4002 quaeuuque
493 3919 620 3984 ratione
638 3921 724 4002 ipses
744 3919 836 3985 adire
853 3921 918 3986 nisi
936 3941 995 4003 per
1012 3921 1252 4004 magistratum,
1304 3919 1416 3984 vitatis
1438 3939 1551 3984 omnes
1574 3929 1712 4004 egerent
1734 3942 1772 3986 ae
1794 3929 1861 3986 tam
1882 3922 2003 4006 inique,
2026 3943 2069 3986 ne
2091 3921 2197 3988 dieam
2216 3923 2274 3987 im·

278 4005 370 4070 euius
403 4011 452 4070 est
479 4005 670 4083 admonere,
705 4006 882 4090 oerrigere,
916 4027 954 4072 ao
981 4007 1093 4070 omnia
1118 4005 1252 4070 tandem
1305 4005 1366 4086 pie,
1389 4003 1469 4069 adeo
1490 4013 1528 4068 ut
1549 4006 1780 4089 sanguinarios
1808 4006 1946 4086 dieeres,
1975 4027 2013 4074 ee
2039 4009 2214 4092 sanguinis
2234 4008 2274 4073 si·

280 4109 450 4172 peragere:
484 4091 594 4174 sieque
628 4090 712 4156 velle
745 4093 856 4157 omnia
885 4089 1013 4157 dieebat
1046 4091 1253 4176 magistratui
1305 4089 1535 4170 tientissimos,
1564 4099 1602 4155 ut
1628 4099 1757 4158 eoaetus
1786 4092 1886 4158 lirerit
1913 4093 2111 4159 sententiam
2140 4105 2272 4169 mutare,
2399 4133 2400 4148 ι

278 4175 478 4324 permittere,
496 4185 534 4241 ut
551 4178 578 4242 ei
597 4177 735 4262 triginta
753 4176 807 4244 hie
827 4187 937 4243 essent
954 4183 1158 4254 scortatores,
1181 4177 1252 4242 nol·
1304 4183 1508 4258 testatusque
1529 4176 1627 4240 fuerit
1648 4177 1756 4260 potius
1778 4185 1916 4244 mortem
1933 4201 1968 4244 se
1990 4177 2157 4244 obiturum
2177 4199 2274 4262 quam

293 4265 328 4325 et
348 4259 402 4324 vel
418 4283 520 4326 unum
539 4261 762 4328 admonerent
779 4263 880 4328 vitam
899 4263 1061 4344 immutet,
1084 4283 1199 4328 verum
1217 4261 1253 4326 id
1304 4260 1500 4344 participare
1517 4281 1593 4326 oum
1611 4261 1780 4343 eiusmodi,
1799 4264 1940 4348 quipost
1957 4285 2092 4331 eoenam
2110 4277 2273 4364 peractam
2399 4287 2400 4290 ¹

279 4352 410 4410 tantum
431 4346 590 4412 iudiearet
606 4349 823 4434 magistratui,
847 4349 900 4413 eui
921 4349 1030 4414 omnia
1052 4369 1134 4432 quae
1155 4349 1251 4413 volu·
1303 4346 1361 4412 ubi
1393 4346 1603 4412 damnassent
1636 4369 1749 4416 omnes
1781 4357 1820 4414 ιιι
1846 4350 2090 4416 eoelestissimos
2118 4372 2173 4434 qu1
2200 4371 2273 4416 eum

279 4451 356 4496 mus
380 4431 552 4497 emendata
578 4445 655 4500 sunt
683 4431 866 4500 indieanda.
916 4434 985 4500 Alii
1013 4455 1144 4514 nesus,
1172 4443 1251 4518 puto
1279 4499 1280 4502 ,
1305 4433 1362 4497 tali
1385 4441 1479 4499 eoetu
1506 4455 1572 4497 nen
1602 4433 1769 4518 fregerant
1790 4455 1924 4518 panem,
1952 4437 2103 4502 invitatis
2125 4435 2274 4500 omnibus

280 4515 487 4584 Beroeam
508 4539 594 4598 esse,
622 4522 677 4604 qui
705 4527 816 4602 aperte
845 4519 981 4585 detonat
1001 4521 1037 4586 in
1058 4541 1172 4596 omnes
1194 4541 1251 4584 ex·
1304 4539 1341 4584 ao
1364 4519 1574 4584 subsannatis
1595 4523 1651 4602 qui
1673 4519 1820 4587 dieerent
1843 4542 1878 4587 ee
1901 4542 1967 4588 nen
1989 4543 2060 4588 esse
2081 4529 2213 4606 paretes
2234 4518 2274 4586 ad

281 4613 384 4681 teres,
419 4621 498 4683 ques
527 4625 666 4687 nequam
694 4609 811 4671 asserit
836 4605 997 4690 relegatos
1025 4607 1061 4668 in
1087 4605 1250 4684 exsilium,
1304 4623 1453 4684 ooenam,
1481 4625 1502 4668 a
1529 4625 1595 4687 qua
1621 4605 1675 4670 vel
1703 4608 1738 4670 in
1768 4607 1841 4690 ipse
1862 4607 2089 4674 exhortatione
2110 4609 2273 4674 neminem

280 4711 348 4756 non
365 4697 403 4753 ιιι
424 4687 546 4764 dieunt,
566 4691 606 4754 ob
627 4693 764 4757 verbum
784 4693 930 4770 Domini,
953 4690 1010 4758 sed
1031 4699 1165 4775 propter
1182 4713 1251 4758 see·

281 4775 352 4840 lora
373 4795 441 4851 sua,
465 4772 521 4855 qui
533 4772 653 4839 audent
674 4776 759 4842 filios
777 4777 868 4842 urbis
878 4785 913 4841 et
933 4777 1177 4844 eeneienatores
1199 4799 1251 4842 ar·

282 4881 390 4944 geere.
434 4859 516 4943 Ego,
539 4861 656 4941 inquit,
679 4861 741 4926 boe
762 4861 848 4928 dieo:
872 4863 971 4928 sime
988 4884 1084 4948 roges
1104 4884 1171 4930 nen
1193 4863 1254 4929 tibi
1407 4878 1436 4938 2)
1456 4891 1490 4930 ee
1507 4877 1668 4932 οαιοιιιιοιιο
1686 4879 1837 4948 &sospena
1854 4881 1936 4934 erreis
1951 4879 2054 4948 raedis
2071 4881 2271 4936 οιιιιιίοοιιοι

282 4966 475 5030 responsum
498 4943 590 5025 dabo,
613 4945 669 5008 sed
686 4946 728 5009 ed
745 4950 974 5032 magistratum
990 4949 1130 5015 mittam,
1164 4948 1253 5014 He„-
1305 4944 1341 5010 (n
1360 4957 1402 4999 eso
1419 4945 1543 5000 dedendo
1562 4966 1614 5001 eux
1632 4950 1743 5002 ferenes
1767 4959 1795 5002 ot
1812 4949 1881 5002 filies
1900 4956 1975 5002 toute
1992 4951 2090 5003 ιιοιι-ο
2108 4951 2272 5004 relevamen

282 5031 389 5096 medae
417 5031 481 5095 alie
507 5031 605 5095 etiam
634 5030 689 5094 via
711 5031 779 5116 agit
806 5055 848 5098 ne
877 5043 1049 5118 arguatur:
1079 5035 1254 5120 indignum
1305 5017 1341 5136 {3⁸-
1351 5015 1620 5152 ⁰1¹{t‘33't3{{¹⁰³ffi
1636 5017 1769 5140 ⁰1¹}le
1772 5016 1833 5140 ΚΞ·
1831 5017 1964 5154 QZ?
1968 5017 2095 5141 ffb}
2108 5015 2272 5142 Q}

300 5215 363 5276 les
384 5219 467 5284 ee.
487 5217 656 5272 naeus.
998 5207 1002 5210 ’
1306 5150 1920 5286 m'f'fflddddiwdieiim
1937 5222 2095 5280 meuse
