4846 6016
207 371 295 450 MV
706 365 1022 434 mecummet
1044 361 1454 432 uflaouoelooltuot
1475 363 1727 430 APPENDIX.

207 557 479 640 mittilutffiru
523 551 1926 634 EtmailobotboriedeMoiettuemstrodeloquelleoaeeroeoatroiaotdueer
1953 571 2088 636 repitque
2115 549 2136 614 u
2162 569 2209 616 αα

207 674 363 738 memoret
382 673 451 752 trop
472 669 593 750 etqua.
640 665 815 749 Toteersoia
835 667 866 731 ei
885 665 1020 748 faeldro
1041 665 1069 734 il
1089 686 1127 730 en
1148 666 1240 732 oooir
1259 669 1361 730 vostre
1382 664 1474 730 odvia
1495 684 1533 730 eu
1552 683 1607 730 eae
1628 665 1697 746 quil
1717 685 1797 730 αααε
1820 683 1841 746 ρ
1860 663 1955 744 sallat
1976 663 2127 746 mployer
2144 683 2209 744 por

207 783 284 850 daea
304 789 399 850 oaett
444 781 561 846 Mense
582 777 679 844 Iunio
701 799 754 870 res
774 777 921 844 nondum
948 777 1036 842 ultra
1056 785 1259 861 prooesserat
1276 773 1371 852 (Ood.
1394 775 1447 840 iol.
1471 779 1541 852 59);
1570 774 1621 841 De
1647 775 1797 860 lopoloqie
1822 777 1930 858 ieeope
1955 775 2052 840 reate
2080 775 2113 840 lo
2139 795 2209 842 oot-

208 895 328 962 olusiou
348 894 369 958 ὰ
390 897 488 958 eune
509 909 615 956 oenoe.
659 889 750 956 Mais
771 889 826 954 elle
851 909 886 954 ee
911 889 1103 955 ereatura
1130 907 1168 953 en
1195 888 1275 954 letio
1297 907 1384 968 pour
1405 891 1485 954 estre
1500 891 1606 969 preste
1625 888 1733 968 quoae
1754 907 1830 954 eoas
1850 886 1884 952 lu
1904 887 2058 954 oouidree.
2105 884 2143 950 st
2164 890 2209 952 eet

208 1027 240 1076 oe
261 1001 717 1092 qaeeilenomdeloeille
738 1001 1018 1084 eqeetoitreqat'a
1039 998 1752 1082 qa‘ellesimprimeroitieqmiealeqaepar
1773 998 1853 1078 dele,
1875 997 2210 1080 eeetddireettplae

206 1119 310 1186 meaa
331 1115 520 1182 manderet
547 1134 586 1178 eu
606 1112 752 1180 meilleur
773 1113 891 1194 popter
911 1117 940 1178 et
960 1112 1278 1194 pesundarent.
1329 1109 1491 1193 Regardee
1518 1110 1683 1176 serment
1708 1111 1740 1175 ei
1764 1129 1842 1176 eoae
1867 1110 1987 1176 tutu
2012 1127 2070 1191 que
2091 1108 2119 1174 le
2139 1128 2211 1174 eom

208 1231 247 1300 de
270 1231 304 1296 ta
323 1227 397 1294 vete
413 1227 473 1291 soit
493 1224 643 1305 expresse,
664 1243 721 1290 cor
736 1243 816 1290 aete
836 1225 901 1290 celo
922 1224 951 1288 ie
971 1243 1049 1289 oeus
1069 1243 1199 1288 assuere
1224 1223 1294 1288 bien
1313 1222 1358 1287 du
1376 1226 1463 1287 reste.
1507 1219 1602 1302 Quae
1628 1221 1658 1286 si
1686 1229 1775 1288 reete
1801 1219 2034 1306 intelligimus,
2064 1219 2210 1288 Fallesio

208 1341 346 1428 prelum,
366 1341 562 1406 Genevense
590 1335 822 1401 oommendant
854 1357 934 1418 prae
960 1334 1150 1413 Basiliensi,
1178 1333 1241 1400 hoe
1268 1341 1381 1400 tamen
1407 1334 1603 1417 interposita
1636 1331 1821 1400 eonditione
1845 1341 1884 1398 ut
1911 1351 2032 1400 nomeu
2060 1331 2150 1398 urbis
2176 1339 2211 1398 et

210 1449 408 1540 typographi
430 1449 652 1514 omitteretur:
680 1465 768 1528 uam,
795 1455 835 1512 ut
856 1445 975 1514 alieubi
995 1447 1061 1512 iam
1085 1454 1183 1512 antea
1204 1445 1347 1512 dixerat:
1371 1465 1430 1510 noe
1448 1464 1524 1528 qens
1543 1449 1594 1510 out
1614 1443 1743 1526 quelque
1757 1445 1840 1530 petit
1859 1445 1898 1510 de
1912 1461 2019 1525 ρααια
2041 1494 2048 1508 .
2073 1493 2080 1509 .
2104 1494 2111 1508 .
2133 1463 2211 1510 voue

209 1585 318 1634 soaeee
339 1583 398 1644 que
417 1561 508 1626 eillee
528 1560 566 1625 de
585 1559 750 1640 frotetieree
770 1563 840 1624 sont
859 1559 1006 1625 atowe
1026 1559 1048 1622 ὰ
1068 1559 1215 1626 nabere
1235 1562 1263 1622 et
1283 1577 1362 1622 eoae
1383 1575 1479 1622 evorea
1503 1556 1678 1622 Grotdoelle
1694 1576 1778 1640 ρααν
1797 1556 1906 1622 ooieie.
1946 1555 2104 1622 Proxima
2125 1556 2210 1638 epis·

209 1678 277 1744 tola
288 1676 328 1742 ‘d
354 1680 402 1740 14.
431 1672 509 1738 latii
533 1671 656 1752 seripta
683 1691 752 1736 non
777 1671 843 1748 nisi
871 1669 951 1736 haee
980 1669 1080 1736 habet
1106 1667 1199 1754 (Ood
1222 1667 1367 1751 f01.60):
1396 1666 1433 1734 Ie
1457 1689 1530 1751 croy
1557 1688 1615 1750 qee
1639 1667 1746 1734 Setae
1767 1667 1879 1734 Audet
1906 1687 1981 1733 αααα
2000 1687 2023 1732 α
2043 1667 2157 1734 moedi
2177 1687 2211 1734 ee

210 1794 359 1873 qa'eooue
378 1785 458 1868 folet
478 1784 516 1848 de
538 1781 706 1866 lepoloqia
750 1781 980 1864 L’impression
1001 1801 1064 1846 nen
1084 1799 1158 1848 aera
1173 1799 1240 1862 pue
1259 1779 1399 1846 retardet
1414 1799 1481 1860 por
1500 1779 1602 1861 setlle
1621 1779 1660 1846 de
1681 1780 1716 1846 la
1736 1779 1831 1861 eopie.
1882 1776 1992 1860 Quam
2018 1799 2085 1844 nou
2105 1787 2211 1852 retar-

209 1898 354 1968 dandum
377 1895 470 1974 dioit,
497 1902 535 1960 tu
563 1913 643 1986 eave
670 1899 877 1978 properatum
905 1892 1029 1959 eredas.
1074 1891 1185 1958 Medio
1208 1891 1297 1956 enim
1316 1911 1428 1958 meuse
1450 1893 1602 1975 Augusto
1626 1890 1774 1956 nondum
1794 1861 1886 1973 prelo
1908 1890 2088 1958 subieatam
2109 1891 2211 1958 finisse

211 2010 395 2094 oolligimtu
415 2029 458 2074 ex
485 2005 551 2072 alia
577 2005 729 2087 epistola,
757 2024 841 2088 quae
861 2004 959 2070 simul
981 2011 1093 2088 aperte
1113 2003 1208 2070 doeet
1228 2003 1414 2069 versionem
1435 2002 1573 2068 latinam
1595 2023 1662 2068 nou
1683 2003 1788 2085 ipsius
1810 2001 1945 2068 (ialvini
1965 2001 2024 2068 sed
2040 2002 2212 2072 Franoisoi

210 2121 368 2192 Balduini
390 2139 471 2202 opus
493 2138 574 2196 esse,
597 2115 637 2182 de
659 2135 723 2200 quo
749 2115 871 2200 insigni
888 2115 1121 2188 Iureeonsulto
1142 2124 1214 2181 tum
1235 2115 1393 2198 temporis
1415 2112 1572 2180 Generae
1594 2121 1816 2181 commorante
1842 2121 1877 2180 et
1896 2113 2038 2180 Oalviuo
2055 2114 2212 2184 lumiliari

211 2230 452 2300 eonsuetudine
479 2230 590 2295 iuneto
618 2227 715 2311 plura
742 2221 886 2294 diximus
913 2229 949 2292 in
976 2227 1225 2312 Prolegomenis
1252 2225 1326 2292 Vol.
1348 2227 1411 2292 IX.
1439 2247 1512 2310 pag.
1528 2229 1577 2316 ‚43
1607 2224 1702 2312 (God.
1725 2225 1778 2290 iol.
1802 2226 1874 2310 62):
1908 2225 1996 2292 Poar
2020 2226 2213 2308 ratpoeued

210 2351 276 2412 tout
296 2365 328 2410 oe
350 2363 409 2426 que
430 2361 538 2428 moves
558 2339 681 2419 αιαααὲ,
703 2341 805 2406 meeis
826 2341 933 2422 requie
958 2339 1126 2406 Gallosiee
1146 2341 1184 2406 de
1203 2339 1372 2406 τναααῑαιαν
1392 2338 1543 2422 lopoloqe'e
1563 2337 1585 2402 ὰ
1606 2337 1760 2404 ooadiiiot
1780 2358 1837 2420 qao
1854 2339 1898 2421 t’y
1913 2341 2072 2422 metteroye
2089 2337 2122 2404 lo
2142 2339 2213 2404 der-

210 2459 297 2526 eiete
317 2455 415 2520 mein.
459 2450 551 2518 Maia
571 2443 597 2516 ii
617 2472 638 2534 ρ
658 2452 742 2518 auoit
759 2451 821 2518 este
842 2452 873 2516 ei
894 2449 1046 2542 negligent
1065 2472 1123 2533 que
1144 2449 1280 2516 Μαίαινα
1302 2449 1461 2548 Ftouooie
1477 2448 1625 2516 Boldat'u
1646 2449 1712 2514 vitat
1732 2453 1797 2516 tout
1824 2449 1966 2532 sempe
1988 2469 2073 2536 ραια
2092 2472 2113 2532 ρ
2134 2470 2212 2516 eora-
2241 2469 2246 2477 ·

210 2587 341 2637 meatu.
383 2564 421 2632 Ie
442 2585 519 2629 vota
539 2581 651 2646 eoooye
671 2563 749 2629 dote
771 2563 804 2629 tu
824 2563 1014 2630 tetemet
1031 2563 1069 2628 de
1089 2583 1128 2628 so
1145 2563 1268 2646 suetum
1289 2561 1421 2644 laquelle
1440 2581 1521 2626 noue
1543 2581 1640 2628 avom
1661 2581 1754 2626 reoea
1776 2559 1937 2640 sumto,
1964 2581 2025 2626 ααα
2047 2582 2111 2644 pes
2126 2581 2213 2644 pour

211 2679 350 2763 lopolir
372 2676 443 2744 biert
462 2675 526 2758 sort
547 2674 633 2740 maie
654 2673 916 2757 subnotetur
935 2675 1004 2741 ooir
1025 2674 1104 2740 sile
1128 2691 1200 2738 oeae
1221 2673 1309 2740 estoit
1328 2672 1473 2738 renutet
1493 2672 1649 2752 lueetile.
1699 2671 1863 2738 Euentu
1888 2672 1922 2738 la
1948 2673 2032 2756 copie
2056 2673 2214 2756 (remise

211 2792 250 2860 eie
271 2793 305 2857 la
325 2790 415 2856 moto
435 2787 472 2854 de
496 2786 605 2854 Sainet
624 2785 744 2852 Andri.
795 2785 857 2852 Oui
879 2785 1034 2869 epistolae
1062 2786 1133 2869 ipse
1154 2783 1339 2852 Balduinus
1365 2804 1458 2850 suam
1485 2783 1610 2850 addidit
1637 2784 1791 2852 eomitem
1817 2785 1853 2850 in
1880 2805 1945 2868 qun
1972 2787 2020 2851 sio
2045 2785 2213 2868 praefatur

210 2902 308 2990 (Ood
330 2901 383 2968 tol.
408 2891 492 2984 et):'
516 2897 599 2964 Vota
617 2917 753 2980 poteret
774 2917 862 2962 arses
879 2898 1024 2988 mandre
1044 2901 1112 2964 teet
1126 2918 1193 2980 por
1213 2895 1241 2963 le
1262 2896 1316 2962 stit
1337 2915 1395 2978 que
1414 2896 1447 2962 la
1473 2897 1592 2962 minate
1614 2895 1651 2962 de
1671 2873 1771 2962 vostre
1791 2896 1932 2980 apologie
1953 2916 2012 2978 que
2031 2896 2089 2964 elle
2109 2917 2131 2964 α
2152 2901 2214 2964 este

211 3013 376 3084 mlum
398 3017 426 3078 et
446 3011 575 3092 eapte
594 3009 658 3092 foti
679 3031 703 3074 α
720 3009 755 3074 lo
774 3007 870 3084 baete.
903 3007 999 3092 Maps
1019 3029 1143 3076 mores
1162 3029 1227 3092 ααρ
1246 3008 1341 3074 αοαῐα
1361 3007 1467 3090 seillir
1487 3025 1509 3072 α
1528 3026 1605 3072 voees
1627 3006 1821 3074 ledeeleirer
1841 3007 2027 3088 rmedemtd,
2047 3009 2215 3076 mendant

212 3120 1003 3212 ςαάααααααααααααααα,
1031 3113 1699 3202 aquampendentem
1726 3095 2213 3204 Μαοαααααααα,

212 3231 771 3320 mpromisdemudeooleueqer,
797 3236 827 3296 et
851 3252 912 3314 que
938 3230 1108 3298 mebeten
1135 3229 2215 3316 &memmevoiresteparluyreoeaeellevoaaetteuooyee

212 3355 309 3418 mtt
353 3345 467 3415 stau
489 3365 603 3410 mense
625 3340 820 3426 Septembre
841 3343 929 3408 iuter
949 3341 1127 3410 Oalvinum
1149 3350 1183 3408 et
1203 3343 1384 3408 Fallesium
1406 3340 1446 3408 de
1467 3329 1563 3406 titulo
1590 3339 1693 3408 libelli
1720 3340 1865 3408 nondum
1891 3342 2044 3425 impressi
2066 3343 2215 3426 quaestio

212 3461 331 3548 sgittrr,
353 3459 435 3524 item
454 3455 496 3522 de
515 3452 756 3538 praemittenda
775 3453 888 3538 aliqua
907 3453 1118 3532 dedicatione,
1140 3475 1206 3537 qua
1226 3453 1279 3522 vel
1296 3453 1408 3538 Belgii
1427 3453 1648 3536 optimatibus,
1670 3453 1724 3518 vol
1735 3451 1885 3520 Statibos
1896 3453 2097 3520 Germaniae
2117 3455 2215 3522 otior·

214 3576 319 3651 tetur,
341 3567 429 3654 quod
450 3549 607 3634 neutrum
627 3565 748 3668 iioetro
769 3565 934 3649 probatur.
973 3566 1111 3633 hiensis
1138 3563 1337 3654 Novembris
1362 3565 1416 3630 die
1445 3569 1484 3629 19
1513 3565 1671 3648 seriptum
1697 3563 1838 3650 legimus
1864 3563 1960 3648 (Ood.
1982 3565 2038 3632 iol.
2062 3570 2135 3643 70):
2167 3565 2216 3632 Le

214 3683 292 3749 liure
312 3685 380 3748 nest
395 3699 460 3762 poe
481 3697 586 3745 encore
605 3676 770 3745 commonet
790 3678 974 3759 dimprimer
995 3697 1112 3761 pouree
1132 3677 1199 3760 quii
1218 3677 1322 3760 felloe't
1340 3677 1427 3759 faire
1448 3677 1591 3759 refendre
1611 3675 1756 3760 quelques
1775 3675 1879 3742 uetes
1899 3677 1944 3744 du
1964 3676 2137 3746 aarum
2158 3677 2217 3760 qut

214 3789 1000 3877 wteellwdontouiuqorimolaeupplieation,
1027 3789 1577 3859 bimlieibleetdebellemonatre.
1626 3787 2216 3871 aneommeuoereeeetesepmoitte

215 3923 260 3974 ott
276 3905 397 3988 plaisir
417 3901 560 3968 deDieu.
592 3898 683 3966 Mau
703 3919 744 3966 αα
759 3920 803 3966 ue
822 3900 968 3968 moltero
984 3900 1073 3982 point
1095 3922 1139 3966 αα
1159 3901 1239 3966 latin
1260 3901 1372 3983 iueqtee
1393 3901 1414 3966 ὰ
1435 3921 1468 3966 ee
1488 3920 1548 3982 que
1564 3919 1643 3966 eoae
1664 3919 1761 3984 oporte
1778 3900 1816 3966 de
1832 3919 1887 3966 ooo
1903 3900 2065 3967 matellas.
2101 3899 2217 3982 Quum

215 4019 271 4088 bio
297 4013 560 4102 typographum,
587 4011 681 4078 ouius
707 4011 839 4078 oifloina
863 4013 900 4078 iu
926 4011 1055 4078 edenda
1075 4011 1237 4096 Apologia
1262 4011 1313 4078 uti
1339 4013 1570 4090 eonstitnerat,
1598 4011 1740 4080 eundem
1767 4011 1871 4078 brisso
1895 4013 2073 4097 signifieat,
2102 4012 2162 4096 qui
2181 4019 2218 4078 et

216 4127 409 4214 Supplieem
430 4123 693 4190 exhortationem
715 4124 757 4189 ad
779 4121 956 4190 Gaesarem
975 4124 1090 4208 paneis
1112 4130 1190 4190 anto
1212 4125 1308 4190 annis
1330 4123 1523 4203 exauderat,
1551 4123 1751 4202 memineris,
1773 4143 1979 4208 quaesumus,
2001 4123 2074 4192 oiw
2095 4144 2218 4190 nomen

215 4262 286 4308 non
306 4237 435 4306 nisiex
455 4236 640 4303 oouieotura
660 4233 754 4302 uobis
775 4236 942 4320 oognitnm
963 4255 1049 4302 esse:
1078 4235 1156 4302 vide
1177 4235 1330 4320 Prolegg.
1353 4236 1429 4303 Veh
1448 4235 1508 4300 VI.
1530 4255 1562 4318 p.
1586 4237 1636 4301 tt.
1681 4235 1817 4315 Verum,
1845 4234 1933 4319 quod
1953 4236 2092 4314 mitada
2113 4249 2217 4322 quum

215 4348 469 4435 tmdovigasima
489 4347 685 4424 Novembris
712 4345 855 4414 Fallesio
887 4347 1072 4432 seripsiaset
1097 4365 1179 4430 opus
1206 4346 1353 4414 nondum
1379 4347 1572 4414 inohoatum
1593 4363 1679 4428 etse,
1705 4347 1772 4414 iam
1800 4347 2084 4432 vigesimatertia
2109 4347 2216 4414 eidem

217 4485 279 4552 per
299 4460 459 4530 nuntium
480 4459 623 4544 aliquem
642 4457 683 4524 ad
704 4457 740 4524 id
760 4453 1102 4542 ipsum'oommissum
1123 4458 1365 4544 quadringenta
1386 4457 1589 4542 exemplaria
1615 4457 1718 4526 libelli
1738 4457 1905 4526 Basileon
1932 4458 2051 4539 mittit,
2079 4457 2218 4526 totidem

216 4595 279 4661 pro
303 4581 451 4663 tempore
479 4569 535 4662 vel
562 4569 721 4638 Ganorae
748 4570 913 4666 sepositis,
942 4570 995 4638 vel
1023 4570 1297 4655 Argentoratensi
1325 4569 1519 4654 bibliopolae
1539 4571 1738 4640 Wendeliao
1759 4559 1891 4636 Rihelie
1916 4571 2094 4638 marratio
2120 4567 2218 4655 (Ood.

217 4688 273 4760 fol
297 4685 363 4768 il).
407 4683 542 4750 Interea
562 4681 703 4748 latinum
725 4681 893 4766 exemplar
914 4681 1059 4748 ist-bona
1079 4703 1158 4766 paee
1179 4682 1359 4765 qnieaoere:
1388 4683 1433 4750 da
1454 4683 1549 4763 latin,
1576 4683 1603 4750 il
1628 4679 1771 4752 debtmre
1796 4701 1834 4748 ert
1860 4699 1976 4767 reqaoy
2002 4683 2114 4766 αἀαραα
2141 4682 2163 4747 it
2186 4699 2220 4750 oe

218 4817 278 4884 gae
292 4813 374 4864 ‘eoae
395 4815 433 4862 ert
452 4795 523 4860 aies
542 4792 726 4886 ααῖανααραί
745 4792 865 4860 odoioe'.
909 4793 975 4862 Hie
996 4793 1138 4878 aliquem
1160 4813 1304 4860 errorem
1325 4793 1443 4872 latare,
1470 4797 1638 4862 neminem
1665 4793 1777 4888 fugiet
1821 4793 1909 4860 Nam
1930 4793 1983 4862 vel
2003 4789 2217 4878 diligentisei·

218 4931 295 4980 mm
316 4905 544 4993 typographus
565 4905 654 4970 intra
681 4902 829 4970 triduum
854 4903 935 4970 tatia
960 4911 1129 4989 praestare
1155 4917 1222 4972 non
1248 4911 1392 4990 poterat,
1424 4907 1569 4974 maxime
1596 4905 1626 4974 si
1650 4907 1826 4974 eorreotori
1844 4895 1975 4991 quoq'uo
1995 4925 2093 4974 auum
2113 4905 2220 4974 otium

219 5019 411 5108 permittere
431 5015 584 5096 voluerit,
603 5035 710 5099 neque
726 5015 847 5082 nuueio
863 5018 1094 5099 quaterniones
1110 5015 1257 5084 nondum
1275 5016 1452 5088 desiooatos
1473 5017 1612 5086 tradero.
1645 5017 1736 5100 Quid
1757 5018 1844 5104 quod
1864 5017 1931 5084 alia
1950 5023 2061 5084 exstat
2080 5017 2221 5103 epistola

219 5130 419 5203 Novembris
438 5128 632 5212 vigesimam
652 5133 801 5194 oetatem
822 5126 966 5194 natalem
988 5147 1168 5214 agnosoens
1194 5129 1231 5196 iu
1252 5149 1317 5212 qua
1336 5128 1451 5198 eadam
1471 5130 1540 5198 tere
1560 5135 1753 5198 morantem
1779 5151 1863 5214 quae
1888 5148 1990 5214 supra
2009 5128 2040 5196 d
2061 5129 2092 5196 d
2114 5127 2219 5196 unde-

221 5237 676 5327 vtooemaebgmusfflod
699 5237 849 5322 tetam:
882 5239 1100 5322 bime-saion
1126 5239 2221 5327 meommpweeumreertamtetate
