4820 6016
287 347 347 408 159
1072 335 1335 404 ΕΡῙΒΤΟΙιΑΕ
1358 341 1484 404 tlt-ae
2211 343 2259 406 lto

283 529 334 608 iis,
355 528 473 612 quibus
494 551 554 614 par
575 537 626 598 est
654 549 724 595 esse
746 526 911 593 antistites
931 547 1096 592 sacrorum
1119 523 1254 604 Christi,
1277 531 1282 584 l
1306 525 1478 612 intelliges.
1512 526 1612 592 Certe
1633 527 1680 593 sio
1701 535 1752 594 est
1769 527 1940 612 negligens
1961 527 2142 594 officiorum
2164 525 2259 594 huius-

283 614 454 700 paululum
481 637 534 681 me
561 614 700 680 audiatis
731 612 857 678 fratres.
908 611 1014 678 Video
1041 613 1129 676 enim
1157 609 1254 676 Sata·
1306 611 1403 690 modi,
1426 620 1463 676 ut
1481 633 1587 694 nuper
1603 623 1713 680 tecum
1731 613 1825 679 nobis
1842 612 2067 696 praesentibus
2088 633 2196 696 agens,
2215 613 2261 696 qui

283 721 361 766 nam
383 701 509 766 saevire
530 699 755 784 potentissime
782 710 815 762 et
840 697 951 762 conari
976 697 1082 762 modis
1102 697 1255 761 omnibus
1307 696 1450 780 alioquin
1473 697 1586 764 scribit
1606 719 1667 764 nec
1687 699 1797 782 inepte
1822 719 1882 764 nec
1902 697 2048 778 barbare,
2071 697 2260 764 soloecismos

283 807 343 851 nos
366 783 530 852 divellere.
575 785 735 866 Querelae
763 789 891 848 vestrae
903 783 929 868 ¹)
956 792 1034 848 sunt
1055 781 1254 848 Bernatibus
1307 803 1344 847 ao
1374 781 1590 850 barbarismos
1618 783 1737 850 multos
1764 785 1799 848 in
1828 785 1973 849 oratione
1998 783 2175 849 admiserit.
2216 786 2261 849 An

283 871 477 956 plusquam
506 892 633 956 graves.
678 869 786 934 Valde
810 889 927 933 vereor
957 889 998 934 ne
1021 867 1124 934 Satan
1152 889 1253 950 prave
1306 889 1366 952 ego
1387 869 1522 934 fratrem
1550 869 1718 934 cordatum
1745 889 1818 936 eam
1846 869 1886 934 ob
1908 890 1992 948 rom,
2022 877 2261 953 propterquam

284 956 378 1022 vobis
398 957 527 1022 illorum
555 958 641 1022 facto
669 956 778 1021 omnia
802 956 1044 1038 interpretetur.
1097 953 1253 1036 Alioquin
1306 953 1450 1019 odootis
1471 957 1541 1020 istis
1562 975 1696 1039 prorsus
1714 955 1918 1038 explodatur,
1940 956 2158 1038 contemptius
2177 953 2263 1019 habo-
2381 971 2382 986 ³

284 1042 444 1127 quomodo
465 1044 536 1108 fieri
558 1049 674 1126 potest,
696 1049 735 1106 ut
756 1040 995 1122 suspicionibus
1016 1049 1085 1105 tarn
1103 1040 1254 1103 immani·
1306 1059 1385 1117 rem,
1408 1053 1441 1104 et
1461 1041 1595 1105 fuerunt
1615 1045 1633 1079 ·
1651 1041 1751 1106 etiam
1768 1061 1876 1105 moras
1893 1045 1911 1079 ·
1931 1041 2049 1122 quibus
2066 1053 2137 1105 tum
2159 1039 2262 1122 agebat

284 1129 345 1195 bus
366 1128 515 1194 laborent
535 1129 622 1212 apud
645 1149 711 1194 vos.
756 1127 829 1210 Ego
850 1135 953 1204 certe,
980 1133 1019 1191 ut
1042 1125 1147 1190 dicam
1169 1122 1255 1208 quod
1306 1144 1373 1188 non
1396 1125 1499 1190 multo
1519 1126 1600 1192 culti
1621 1127 1735 1210 magis.
1781 1125 1870 1207 Quid
1892 1127 1994 1210 igitur
2021 1147 2081 1210 ego
2103 1127 2137 1190 in
2159 1125 2263 1191 faeiem

283 1237 337 1280 me
356 1215 476 1280 caritas
493 1215 591 1288 iubet,
610 1210 805 1298 persuadere
820 1211 902 1276 mihi
920 1210 959 1276 de
978 1219 1094 1276 neutro
1110 1230 1254 1294 possum,
1330 1225 1478 1276 raesente
1496 1223 1528 1276 te
1551 1211 1600 1276 illi
1623 1211 1716 1276 dixi?
1740 1211 1892 1276 fustuarii
1910 1213 2046 1296 dignum
2064 1233 2143 1278 esse.
2179 1207 2262 1291 Quod

283 1299 368 1384 quod
399 1311 436 1364 tu
457 1301 532 1379 tibi,
563 1299 705 1378 Οαιυιιι,
735 1296 775 1362 de
803 1305 940 1379 utroque
969 1318 1035 1362 non
1062 1315 1255 1378 persuasum
1306 1231 1387 1362 haee
1408 1297 1457 1361 illi
1480 1307 1546 1361 tam
1567 1297 1662 1362 facile
1684 1301 1727 1363 sit
1748 1307 1891 1374 mutare,
1919 1319 2016 1380 quam
2038 1297 2169 1362 esttibi
2192 1297 2261 1361 diffi-

284 1385 399 1463 solum,
422 1384 480 1450 sed
498 1407 639 1468 prorsus,
663 1393 700 1450 ut
720 1383 824 1461 video,
853 1384 992 1447 infixum
1015 1382 1124 1446 animo
1145 1379 1253 1446 habes.
1307 1381 1368 1447 cilo
1390 1383 1485 1458 ferre,
1506 1393 1566 1446 aut
1583 1403 1680 1466 quam
1702 1383 1797 1448 facile
1814 1385 1941 1449 cautus
1959 1383 2218 1448 animadvertere
2232 1403 2262 1448 ac

283 1471 363 1556 Ipsi,
386 1492 486 1554 quum
508 1471 548 1536 de
569 1469 662 1538 vobis
684 1469 724 1535 od
746 1491 806 1534 nos
828 1467 984 1546 scribunt,
1009 1465 1161 1533 videntur
1181 1489 1255 1531 sen·
1307 1467 1558 1550 reprehendere,
1600 1467 1719 1553 dignus
1757 1467 1922 1535 acerbiore
1959 1467 2187 1534 criminatione
2220 1467 2261 1546 sit,

284 1559 348 1622 tire
370 1556 410 1622 de
432 1557 524 1624 vobis
546 1557 676 1639 optime.
720 1555 767 1619 Et
792 1553 907 1618 moniti
934 1573 954 1618 a
981 1553 1074 1618 nobis
1101 1573 1196 1635 saepe
1218 1559 1256 1616 ut
1307 1573 1405 1634 quam
1428 1563 1479 1618 est
1500 1563 1566 1632 tua,
1589 1555 1617 1618 si
1640 1574 1704 1618 non
1727 1563 1879 1619 mutaret.
1913 1554 2039 1619 Verum
2060 1551 2139 1638 quid
2161 1555 2207 1620 sic
2221 1553 2263 1618 in·

285 1643 412 1709 alerent
433 1641 537 1708 modis
558 1642 707 1708 ommibus
729 1640 912 1705 institutam
934 1637 1147 1716 concordiam,
1169 1639 1254 1702 inte·
1307 1659 1425 1722 genno,
1448 1641 1494 1705 sic
1516 1640 1660 1705 moribus
1688 1647 1809 1705 natura
1835 1641 2011 1724 composito
2032 1639 2157 1706 facias?
2200 1639 2262 1724 Ipse

286 1749 380 1814 gram
402 1749 473 1794 esse
495 1727 650 1805 scribunt,
673 1727 737 1792 nisi
758 1723 845 1824 quod
862 1723 1020 1807 quaedem
1040 1721 1254 1808 leviusculal)
1307 1744 1403 1874 saqpe
1427 1725 1489 1791 hae
1517 1725 1660 1790 ruditate
1688 1723 1909 1791 commendari
1937 1725 2024 1808 opud
2052 1747 2128 1791 suos
2150 1725 2262 1790 volunt

286 1814 455 1897 obrepant,
478 1833 561 1896 quae
583 1821 661 1877 nata
683 1833 724 1876 ex
745 1811 982 1894 suspicionibus
1000 1831 1065 1874 non
1088 1817 1164 1874 ante
1186 1830 1256 1892 pos-
1307 1807 1352 1874 Se

286 1901 355 1966 sint
376 1900 475 1982 recipi
496 1921 594 1982 quam
615 1898 738 1964 fuerint
759 1919 779 1962 a
804 1895 897 1962 nobis
918 1895 1031 1961 edocta
1052 1917 1090 1960 ac
1112 1895 1256 1978 probata.
1307 1897 1420 1978 placet.
1465 1895 1662 1980 Quanquam
1685 1898 1747 1962 scis
1772 1903 1825 1975 tu,
1854 1897 1898 1961 mi
1924 1895 2064 1976 Calvino,
2091 1897 2157 1962 ista
2178 1915 2264 1980 quam

285 1987 368 2052 Esse
389 1995 534 2068 paratos,
560 1981 1104 2058 nobisdeomnibussatisfacere,
1127 1978 1257 2064 siquid
1306 1980 1408 2046 fallax
1431 1981 1600 2046 homimum
1621 1981 1809 2048 humanitas
1831 1983 1882 2048 sit
1927 1983 2000 2066 Ego
2021 1983 2055 2046 in
2078 2003 2125 2059 eo,
2148 1981 2203 2065 qui
2222 1987 2264 2046 eat

286 2071 428 2136 accusati
450 2070 536 2152 apud
557 2091 617 2134 nos
638 2069 768 2134 fuerint.
802 2067 895 2133 Haec
915 2067 979 2150 ipsi
1002 2066 1042 2132 de
1065 2067 1157 2132 vobis
1175 2066 1255 2131 seri·
1306 2067 1341 2130 in
1362 2065 1495 2132 Christo
1516 2067 1763 2151 philosophatus
1785 2077 1852 2132 tam
1874 2067 2024 2146 feliciter,
2053 2067 2264 2133 sublimiorem

284 2156 375 2222 bunt.
411 2155 508 2222 Unde
525 2155 685 2238 liquidum
707 2163 765 2230 est,
788 2155 835 2219 sic
856 2173 928 2218 osse
949 2171 1028 2236 erga
1050 2173 1106 2217 vos
1129 2153 1255 2216 anima·
1307 2159 1395 2216 certe
1417 2154 1563 2218 animum
1584 2153 1722 2237 requiro,
1749 2161 1787 2218 ut
1806 2153 1956 2219 omnibus
1978 2155 2088 2219 omnia
2109 2153 2182 2219 lieri
2201 2173 2264 2236 pos·

284 2253 338 2309 tos
348 2249 386 2306 ut
397 2243 452 2326 qui
463 2243 531 2306 sint
548 2240 744 2306 amicissime
754 2241 906 2323 primum,
924 2243 942 2277 ·
962 2245 1074 2304 eontra
1087 2238 1254 2320 scriptum,
1308 2239 1359 2302 sit.
1403 2237 1552 2304 Profecto
1575 2260 1628 2304 ars
1649 2238 1730 2304 haee
1753 2247 1816 2315 est,
1844 2259 1928 2322 quae
1954 2241 2019 2305 nisi
2046 2239 2108 2304 hoc
2130 2247 2264 2322 tempore

291 2327 418 2394 Οαιιιιι
452 2327 633 2404 carissime,
666 2325 763 2408 longe
796 2331 848 2390 est
878 2323 1144 2390 infensissimum.
1199 2323 1255 2388 Ah
1307 2345 1328 2388 a
1349 2323 1441 2388 nobis
1463 2333 1648 2408 usurpatur,
1670 2325 1717 2390 mi
1742 2323 1877 2404 Caluina,
1905 2333 2031 2390 evertet
2051 2345 2112 2389 nos
2133 2345 2264 2410 prorsus

285 2415 362 2480 Iesu
384 2413 526 2490 Christe,
548 2412 621 2495 quis
642 2409 732 2476 dabit
753 2411 845 2475 nobis
867 2430 1000 2475 sensum
1021 2409 1109 2475 hunc
1131 2419 1167 2472 ut
1189 2409 1255 2472 fra-
1308 2407 1457 2474 Ferellae
1484 2418 1594 2475 noster
1621 2409 1753 2476 habitus
1782 2419 1833 2476 est
1866 2410 1922 2476 diu
1951 2409 2128 2490 ferocnlus,
2164 2409 2219 2474 sed
2241 2411 2265 2472 is

285 2502 331 2566 tri
352 2500 393 2565 ob
415 2519 620 2564 communem
638 2491 790 2562 ecelesiae
812 2495 988 2574 utilitatem
1009 2495 1109 2560 etiam
1132 2493 1255 2577 aliquid
1306 2495 1420 2578 incipit
1446 2515 1525 2578 prae
1551 2503 1585 2560 te
1612 2497 1789 2562 mitescere.
1841 2495 1946 2580 Spero
1975 2498 2010 2560 in
2033 2494 2167 2562 Christo
2188 2496 2266 2572 Iesu,

286 2586 327 2651 de
359 2583 453 2650 nobis
485 2590 661 2665 nostroque
693 2583 765 2646 iure
794 2581 971 2646 concedere
1003 2582 1109 2663 parati
1141 2581 1253 2644 simus.
1306 2581 1404 2644 etiam
1438 2589 1471 2646 ιι
1502 2582 1616 2647 mitius
1655 2603 1730 2648 cum
1761 2582 1915 2647 fratribus
1952 2589 2111 2647 acturum
2167 2581 2267 2646 Deum

286 2671 456 2753 Nusquam
478 2669 641 2753 gentium,
670 2667 831 2741 locorum
858 2676 1055 2749 temporum,
1082 2675 1149 2730 tam
1172 2667 1254 2731 bene
1307 2675 1466 2747 sanctum,
1488 2687 1572 2749 quae
1593 2667 1702 2733 virtus
1723 2675 1782 2748 est,
1804 2689 1887 2752 quae
1908 2668 2110 2751 praestantia
2132 2667 2267 2733 caritatis

287 2757 463 2839 composita
495 2775 640 2837 unquam
667 2753 774 2836 capita
807 2752 871 2816 duo
898 2752 1046 2830 fuerunt,
1079 2771 1163 2835 quae
1190 2751 1255 2816 nisi
1307 2751 1447 2817 divinae.
1492 2754 1565 2836 Age
1586 2754 1683 2828 enim,
1707 2753 1752 2816 mi
1766 2751 1900 2832 Οαιιιιιι,
1924 2753 2077 2818 existima
2099 2753 2151 2818 vel
2172 2771 2267 2816 unum

286 2852 402 2926 parata
428 2841 567 2906 fuissent
592 2840 632 2904 cb
654 2838 780 2904 (lhristi
807 2838 883 2904 Iesu
909 2837 1254 2903 reverentiam-etiam
1306 2845 1438 2902 tantum
1470 2847 1673 2903 momentum
1703 2837 1789 2920 apud
1822 2847 1869 2914 ιι,
1902 2840 2036 2904 fratrem
2070 2859 2142 2904 esse
2179 2845 2267 2903 tuum

287 2928 396 2994 stultis
419 2939 451 2991 et
469 2925 699 3008 insipientibus
720 2945 779 3007 per
800 2924 911 2988 omnia
936 2945 971 2989 se
998 2922 1169 3001 subiicere,
1198 2920 1255 2986 ad-
1310 2921 1510 2991 Coclecnam:
1538 2925 1609 2989 iuro
1635 2924 1695 2989 tibi
1721 2945 1779 3007 per
1806 2923 2001 3002 Dominum,
2034 2931 2068 2988 te
2094 2923 2206 2990 multis
2232 2921 2268 2986 de

286 3013 440 3080 versariis
462 3011 659 3076 etinimicis
680 3009 884 3086 benefacere,
911 3009 993 3093 quin
1020 3029 1116 3074 omne
1143 3007 1255 3074 foedus
1306 3009 1414 3074 causis
1442 3009 1553 3074 fratris
1583 3009 1682 3075 huius
1714 3031 1781 3074 non
1808 3011 1914 3075 solum
1941 3031 2009 3074 non
2035 3009 2185 3094 pudebit,
2217 3005 2267 3073 sed

286 3101 323 3165 in
345 3098 477 3165 Ohristc
499 3097 577 3162 Iesu
598 3116 726 3179 semper
746 3095 869 3160 fuerint
889 3094 1027 3177 rupturi.
1060 3095 1123 3159 Est
1144 3095 1255 3176 utique
1307 3096 1408 3159 etiam
1429 3115 1512 3178 quae
1538 3095 1598 3160 tibi
1620 3117 1708 3160 nune
1735 3095 1816 3160 vitia
1842 3095 2011 3174 videntur,
2041 3117 2080 3160 ea
2101 3113 2268 3162 conversus

287 3183 371 3250 illud
380 3205 447 3248 mon
458 3182 628 3248 christiani
637 3182 771 3264 spiritus
782 3188 815 3244 et
825 3180 936 3259 animi,
948 3179 1028 3245 adeo
1039 3179 1121 3244 nihil
1134 3181 1218 3244 ferre
1236 3199 1256 3244 a
1307 3180 1408 3245 animi
1428 3180 1551 3245 iurabis
1572 3202 1644 3246 esse
1666 3182 1804 3248 virtutes
1832 3181 2140 3264 praestantissimas.
2183 3179 2268 3263 Bigi-

286 3271 389 3337 fratre
409 3269 502 3334 velle.
534 3267 611 3333 Iesu
633 3267 773 3345 Christe,
794 3267 890 3332 citius
911 3265 1001 3330 mille
1022 3265 1174 3331 ecelesias
1192 3265 1256 3330 dis-
1306 3265 1441 3330 ditatam
1474 3265 1561 3331 dices
1598 3287 1669 3332 esse
1706 3267 1937 3344 constantiam,
1976 3265 2161 3332 barbariem
2189 3265 2269 3330 dices

288 3356 468 3439 sipabimus
489 3373 585 3436 quam
608 3374 708 3418 unam
729 3352 935 3437 colligamus,
964 3351 1029 3415 nisi
1050 3352 1161 3416 omnia
1189 3351 1254 3415 fra·
1307 3371 1377 3417 esse
1400 3351 1653 3434 simplicitatem,
1675 3353 1775 3418 istum
1797 3352 1979 3418 officiorum
2007 3363 2198 3420 cunctorum
2218 3369 2268 3415 ne·

287 3451 377 3508 ιιιιιιι
398 3441 481 3506 vitia
507 3437 711 3504 dissimulare
742 3439 850 3522 parati
882 3457 1003 3502 snmus.
1048 3436 1140 3501 Vitia
1172 3435 1254 3516 dice,
1307 3437 1450 3521 glectum
1471 3437 1535 3502 alio
1563 3435 1703 3520 quodam
1732 3437 1959 3504 honestissimo
1980 3439 2111 3504 nomine
2133 3459 2268 3518 πατροφο-

290 3528 400 3612 qualia
421 3533 500 3592 sunt
520 3545 602 3607 quae
624 3543 683 3589 vos
710 3523 823 3606 utiquo
844 3523 1031 3606 seiungunt.
1076 3520 1142 3603 Qui
1161 3530 1255 3587 torve
1306 3529 1372 3586 uns
1400 3521 1495 3589 diosa
1547 3525 1597 3588 Ac
1623 3531 1701 3588 utut
1728 3523 1872 3590 mammo
1904 3523 2038 3590 laudare
2066 3545 2135 3589 non
2162 3521 2266 3606 possis.

285 3612 468 3697 respondit,
497 3609 620 3675 tumide
648 3619 682 3674 et
710 3611 822 3674 inflate
847 3609 916 3692 agit
936 3606 1113 3674 nobiseum.
1156 3606 1254 3689 Quid,
1306 3618 1365 3674 aut
1385 3609 1484 3674 etiarn
1506 3605 1759 3691 reprehendenti
1781 3627 1849 3674 non
1870 3609 2057 3687 reclamare,
2080 3619 2189 3674 tamen
2209 3607 2268 3672 mi·

285 3701 333 3765 mi
357 3698 502 3776 Goloiae,
531 3697 559 3762 si
581 3716 641 3761 nos
662 3693 703 3760 de
725 3695 819 3759 nobis
840 3701 909 3758 tam
931 3693 1072 3758 multum
1094 3693 1255 3759 sentimus
1305 3694 1433 3760 tissime
1454 3695 1536 3759 vitia
1556 3695 1688 3759 omnino
1716 3695 1751 3760 in
1779 3695 1880 3760 fratre
1904 3704 1960 3760 tuc
1986 3715 2145 3780 germano
2171 3694 2267 3758 inter·

285 3795 325 3850 ut
345 3785 408 3850 nisi
430 3783 513 3848 alius
535 3780 658 3846 tribuat
684 3789 843 3863 quantum
869 3778 1072 3862 postulamus
1101 3799 1160 3844 nos
1183 3779 1255 3844 dari
1306 3780 1436 3864 pretori
1482 3780 1651 3862 Denique,
1679 3788 1717 3844 ut
1737 3799 1868 3845 accuses
1897 3782 1994 3846 etiam
2016 3800 2055 3844 ao
2075 3800 2137 3864 pro
2158 3777 2268 3844 merito

286 3871 391 3946 nobis,
404 3889 472 3947 nos,
484 3867 613 3933 'fuisse
623 3866 782 3948 superbus
794 3866 864 3948 ipse
882 3874 916 3930 et
926 3865 1065 3930 iniurius
1082 3863 1253 3930 videatur?
1306 3865 1415 3948 palam
1436 3865 1671 3948 apprehendas,
1694 3873 1781 3932 certe
1798 3866 1869 3931 sine
1886 3865 2075 3944 hostilitate,
2098 3865 2168 3932 siue
2183 3861 2268 3930 omni

374 3955 476 4031 Mihi,
504 3965 543 4017 ιιι
570 3951 675 4018 dicam
704 3951 792 4035 quod
817 3951 939 4028 sentio,
968 3971 1074 4016 mores
1098 3949 1256 4016 Οοιιιιιιι
1306 3949 1428 4016 mentis
1449 3959 1525 4016 tuae
1547 3951 1742 4016 alienatione
1763 3951 1875 4017 facies:
1898 3972 2001 4034 quum
2018 3953 2107 4016 enim
2123 3947 2268 4036 possibile

287 4041 523 4124 improbantur.
532 4038 561 4121 ⁸)
604 4037 693 4104 Sunt
714 4039 803 4102 enim
824 4057 982 4120 perquam
1003 4036 1168 4101 rusticani.
1209 4037 1257 4100 At
1307 4034 1389 4102 illud
1411 4037 1455 4102 sit
1476 4036 1516 4102 ob
1538 4036 1640 4102 ullam
1661 4056 1793 4104 causam
1815 4044 1847 4101 te
1868 4058 1945 4103 vero
1967 4057 1987 4100 a
2008 4037 2110 4102 fratre
2130 4033 2267 4110 alienari,

287 4147 388 4210 quum
420 4122 517 4190 video
548 4125 650 4189 animi
681 4123 884 4206 propositum
921 4130 955 4186 ιι
986 4121 1084 4186 fidem
1115 4120 1256 4186 hominis
1307 4121 1497 4206 quantisper
1533 4121 1592 4187 illa
1623 4121 1699 4188 talis
1733 4143 1806 4192 oum
1840 4121 1895 4186 illo
1929 4131 1980 4188 est
2010 4121 2203 4206 conspiratio
2235 4119 2267 4182 in

288 4211 497 4296 quantumvis
518 4209 635 4275 inculti
656 4217 691 4272 et
716 4229 849 4273 rursum
870 4206 1079 4273 eeclesiarum
1100 4207 1256 4272 sedulita·
1309 4207 1442 4274 Ohristo
1463 4207 1541 4274 Iesu
1561 4215 1715 4291 patreque
1736 4207 1809 4274 Deo
1832 4208 2005 4286 communi,
2028 4227 2067 4273 ac
2087 4207 2270 4292 quantisper

289 4307 365 4370 tem,
389 4317 455 4360 non
475 4315 608 4379 possum
636 4303 723 4360 certe
744 4295 879 4359 fratrem
906 4293 1053 4358 abiicere.
1098 4291 1169 4357 Οιιι·
1191 4313 1257 4357 non
1309 4294 1443 4376 sanguis
1464 4292 1562 4371 idem,
1582 4291 1694 4358 eadem
1717 4293 1830 4376 patria
1875 4292 2003 4360 OIesu
2025 4291 2163 4372 domine,
2188 4309 2269 4374 quac

288 4382 480 4466 inspicimus
501 4389 655 4446 naturam
677 4379 832 4459 hominis,
856 4399 915 4444 cur
935 4399 1001 4443 non
1023 4377 1256 4456 educationem,
1310 4378 1441 4445 vincula
1462 4388 1539 4444 sunt
1561 4386 1634 4456 tua,
1664 4379 1782 4462 quibus
1805 4385 1840 4444 tu
1867 4379 1986 4446 fratres
2014 4377 2109 4446 nobis
2135 4375 2268 4461 copulas,

289 4489 349 4536 our
371 4487 438 4532 non
460 4473 599 4550 gentem,
622 4487 681 4533 cur
701 4463 810 4532 locum
831 4463 919 4529 unde
940 4473 1037 4530 natus
1059 4471 1117 4542 est,
1139 4463 1175 4528 in
1197 4463 1257 4528 Al·
1310 4464 1445 4547 spiritus
1466 4471 1544 4529 tuus
1567 4471 1707 4544 sanctus,
1731 4473 1788 4529 tua
1809 4483 1891 4542 ossa,
1917 4473 1974 4528 tua
1995 4485 2080 4543 caro,
2102 4472 2175 4530 tuus
2194 4481 2269 4526 san-

288 4553 386 4638 pibus
407 4551 582 4633 mediist⁴)
626 4551 725 4616 Oerte
745 4571 848 4634 quum
869 4550 969 4614 talem
991 4557 1098 4615 tecum
1121 4549 1156 4612 in
1176 4548 1257 4614 Gal-
1310 4551 1391 4634 guis.
1436 4548 1760 4630 Oconiunotionem,
1782 4571 1802 4615 c
1823 4549 2104 4616 uecessitudinem.
2137 4550 2178 4615 Et
2193 4565 2269 4612 rerc

290 4641 335 4705 lia
356 4635 464 4704 media
484 4637 570 4702 inter
592 4636 827 4702 eruditissimos
851 4637 1010 4701 atencris
1027 4633 1163 4700 educato
1180 4653 1257 4699 con·
1310 4656 1406 4719 quem
1429 4635 1551 4700 nonin
1571 4657 1668 4701 usum
1695 4635 1825 4719 copulas
1852 4657 1911 4701 nos
1939 4635 2055 4700 intime
2081 4635 2191 4720 spiritu
2214 4639 2270 4695 tuo

290 4726 365 4804 fers,
391 4745 451 4791 cur
470 4722 507 4786 in
528 4722 596 4806 lpse
618 4723 730 4787 statim
756 4741 933 4806 congressu
955 4720 1135 4799 offendare,
1164 4719 1258 4786 facilc
1309 4721 1346 4786 in
1367 4719 1517 4788 cordibus
1538 4722 1660 4786 nostris
1677 4719 1763 4787 idem
1781 4721 1917 4800 dicente,
1939 4721 2088 4800 faciente,
2111 4718 2268 4792 laudante,

1310 4805 1620 4890 comprehendente,
1658 4827 1761 4872 unum
1791 4807 1972 4872 Dominum
1999 4806 2200 4890 praedicante
2232 4821 2269 4866 ac

1310 4891 1542 4970 sanctificante,
1565 4893 1601 4956 in
1622 4891 1841 4958 collectionem
1863 4892 1976 4976 populi
1997 4893 2055 4970 tui,
2079 4889 2120 4958 ad
2137 4889 2269 4957 salutem

325 4978 372 5040 at.
390 4979 423 5116 123
443 4977 512 5102 gendo
492 4975 730 5116 mgentem&
746 4975 967 5102 {afim-m
958 4977 1099 5101 1Ὑῶαὴ
1135 5043 1258 5100 “GM
1310 4977 1456 5078 dissipati
1467 4977 1578 5129 gregtip¹
1587 4979 1645 5054 tui,
1668 4977 1704 5044 in
1721 4985 1879 5128 ttteirroreqn
1900 4979 2095 5128 immaniqm
2115 4977 2270 5130 lusqohrrtitsqt⁴3

503 5117 529 5129 ..
1104 5085 1112 5112 ι
1330 5085 1366 5128 ιιι
1487 5083 1521 5126 m
1578 5085 1635 5130 um
1679 5083 1736 5128 ara
1783 5085 1844 5130 sun
1886 5083 2018 5142 vorare,
2064 5083 2122 5129 ιιιι

290 5115 649 5266 Μιιιειιῖἒὲωόιιῐιιιιιι
666 5181 684 5238 l.
699 5181 714 5236 l.
736 5181 877 5238 Ηιιιιιιιιι.
891 5199 920 5252 p.
939 5179 981 5236 to.
999 5181 1042 5236 99.
1343 5083 1486 5216 ‘'magog‘'
1588 5235 1595 5248 ‚
1632 5085 1678 5248 ,p
1878 5234 1885 5248 ‚

394 5251 425 5319 4)
443 5268 474 5306 as
489 5253 558 5308 reue
576 5249 749 5307 Soumetia
767 5249 900 5316 (Messoa
918 5249 1002 5305 Bere.
1020 5249 1075 5306 IV.
1094 5249 1164 5319 ιιι).
1395 5233 1466 5300 Ηοι
1482 5242 1569 5302 certe
1586 5243 1683 5302 rsune
1701 5235 1858 5302 abeuntes
1876 5256 1912 5300 m
1930 5240 2076 5302 extremo
2093 5230 2272 5318 complexu,

1398 1809 1488 1875 vobis
1516 1833 1582 1876 non
1611 1811 1763 1889 torvitas,
1792 1811 1849 1876 aed
1877 1811 2048 1877 urbanitas
2075 1831 2114 1876 ac
2142 1811 2263 1876 comitas
2382 1823 2383 1864 ἲ
