4804 6012
278 349 334 412 ιιι
751 369 754 376 ·
1156 339 1387 409 eorsum
2210 344 2266 408 ιιι
2387 425 2388 430 Ν

272 533 405 635 papales
426 532 644 600 eaeremonias
672 530 777 596 latum
805 528 995 631 disorimem
1033 530 1121 595 Nam
1142 550 1243 612 quum
1295 537 1379 631 rent.
1408 529 1684 630 'Vitiosaquidem
1700 537 1734 596 et
1749 528 2001 614 reprehensione
2018 528 2119 629 digna
2134 528 2268 629 suitilla

272 619 321 686 rlli
342 621 383 685 ab
405 618 532 703 origine
554 639 613 683 sua
634 617 708 700 puri
727 623 897 699 sanetrquo
914 617 1051 695 luerint,
1080 616 1142 682 has
1166 636 1243 681 eon·
1295 616 1486 696 rnfirnntas,
1521 615 1579 682 sad
1605 637 1704 700 quam
1731 615 1772 680 ad
1794 625 1922 698 tempus
1942 614 2148 680 tolerabilem
2169 615 2267 682 fursee

273 713 340 772 Μ
361 703 504 854 Sillii
517 703 662 855 dil-ll
681 701 953 854 ‘illidilffii
968 701 1243 852 ”tttlffi
1295 700 1687 852 Pifflhddhlllll
1715 706 1860 853 iliad
1889 700 2267 852 blithilde?

272 789 553 973 moopdildeipip
569 837 704 940 vitiosas
726 893 806 938 esse.
837 808 954 972 Itagdue
973 809 1005 938 b
1030 809 1244 973 isubbrogatid
1295 808 1502 938 dedpdurum
1528 880 1599 938 erat
1626 881 1659 938 et
1686 838 1854 956 bsperum,
1881 807 2032 956 {retibus
2058 871 2268 938 diseederea

273 961 389 1027 dextre
410 960 549 1044 intelligi
575 957 684 1024 debet:
713 960 790 1042 quia
816 959 1014 1025 fidelibusC
1041 967 1113 1023 rrsh
1140 959 1244 1024 servis
1296 959 1534 1025 eonsuetudine
1555 957 1612 1023 diu
1633 966 1772 1042 reoapta
1822 958 1896 1024 Iam
1921 979 2023 1042 quum
2045 957 2086 1024 de
2107 979 2268 1024 eaeremo-

273 1046 442 1130 tomplum,
460 1053 493 1110 et
510 1045 594 1110 ritus
611 1065 670 1128 per
687 1065 722 1109 se
742 1043 865 1110 medios
884 1052 918 1110 et
934 1045 1159 1110 indifferentes
1178 1065 1245 1109 non
1296 1044 1361 1108 niis
1383 1043 1542 1128 legalibus
1560 1044 1678 1128 agitur,
1701 1043 1879 1127 prudenter
1896 1043 2118 1108 adhibendum
2136 1055 2187 1110 est
2203 1042 2267 1110 dis-
2388 1045 2389 1050 ’

272 1141 349 1197 ante
371 1131 521 1197 deserere
542 1149 673 1196 neeesse
695 1131 770 1210 luit,
802 1150 901 1213 quam
928 1130 1076 1214 partibus
1098 1131 1166 1196 suis
1188 1129 1244 1194 de·
1297 1131 1421 1195 orimen
1441 1130 1529 1195 inter
1550 1130 1709 1196 saorifieia
1735 1152 1777 1195 ex
1804 1129 1922 1213 quibus
1949 1129 2090 1213 petenda
2119 1137 2191 1194 erat
2211 1151 2266 1195 ex-

272 1217 376 1283 funoti
407 1227 517 1282 essent
547 1216 583 1280 in
615 1215 853 1300 promulgando
885 1217 1063 1301 evangelio.
1112 1215 1245 1285 Interea
1296 1216 1411 1299 piatio,
1440 1215 1558 1281 atalia
1579 1216 1751 1296 exereitia,
1780 1235 1919 1297 quorum
1941 1214 2072 1281 liberior
2092 1215 2154 1280 fuit
2174 1237 2264 1282 usus:

270 1311 399 1368 eertum
420 1311 478 1381 est,
504 1302 629 1385 quoties
650 1302 686 1365 in
707 1301 867 1384 templum
889 1309 1076 1378 venerunt,
1097 1301 1245 1367 habitam
1297 1301 1393 1368 siouti
1414 1300 1511 1366 hodie
1533 1323 1552 1366 a
1573 1301 1699 1367 frivolis
1721 1299 1915 1384 quibusdam
1937 1309 1970 1366 et
1990 1300 2140 1367 leviculis
2161 1321 2266 1368 enere-

273 1387 314 1454 ab
335 1389 401 1454 illis
422 1388 523 1454 fuisse
544 1387 703 1452 rationem
724 1388 874 1452 infirmae
895 1387 1012 1469 plebis:
1047 1387 1144 1452 eiouti
1165 1407 1245 1470 quo·
1296 1386 1415 1452 moniis
1436 1387 1534 1472 longe
1556 1387 1681 1452 dietam
1702 1387 1795 1466 aliae,
1816 1387 1852 1451 in
1874 1387 1990 1470 quibus
2008 1395 2143 1470 apparet
2163 1388 2267 1452 mani·
2389 1459 2390 1462 Ἴ

271 1493 400 1556 ounque
422 1473 601 1546 venissent,
624 1472 757 1538 solenne
774 1473 836 1537 fuit
852 1471 943 1538 adire
960 1491 1153 1557 synagogas,
1176 1493 1245 1537 non
1296 1474 1380 1538 festa
1401 1479 1434 1538 et
1454 1493 1565 1539 erasse
1586 1473 1746 1555 impietas.
1795 1471 1880 1538 Nam
1903 1473 1939 1537 in
1960 1473 2104 1557 paoifiois
2125 1479 2159 1538 et
2178 1473 2267 1538 simi·

272 1559 387 1626 orandi
409 1579 523 1637 eausa,
551 1558 626 1624 lieet
647 1559 857 1641 interpositae
877 1579 1004 1642 qnoque
1025 1559 1149 1623 luerint
1169 1579 1244 1641 pre-
1295 1559 1382 1624 libus
1403 1559 1526 1641 primae
1556 1558 1635 1623 olim
1662 1558 1769 1623 tenuit
1795 1557 1977 1642 gratiarum
2004 1559 2095 1624 aetio.
2145 1558 2192 1624 Ut
2213 1557 2267 1624 de-
2388 1547 2390 1586 ³

272 1665 341 1725 oes;
373 1644 431 1710 sed
453 1645 531 1728 quia
557 1643 624 1709 illie
645 1645 750 1709 maior
771 1652 842 1709 erat
861 1643 1243 1727 frequentia³hominum
1296 1665 1380 1723 mus,
1403 1643 1536 1710 Christo
1556 1643 1663 1710 adhue
1683 1644 1860 1728 incognito,
1883 1643 2010 1709 lioitum
2026 1645 2151 1728 figurae
2173 1665 2267 1710 usum

273 1738 308 1797 et
337 1730 439 1796 animi
466 1729 507 1794 ad
536 1729 725 1796 diseendum
753 1729 871 1794 melius
898 1730 1096 1813 praeparati,
1125 1739 1163 1794 ut
1188 1727 1245 1794 do·
1296 1730 1406 1808 fuisse,
1429 1729 1483 1795 vel
1504 1732 1667 1795 nonsatis
1727 1730 1854 1812 rspieue
1871 1731 2012 1814 eognito,
2036 1727 2264 1795 exousabilem:

273 1815 376 1882 oendo
397 1815 597 1900 prodessent
649 1813 746 1896 Quod
765 1814 930 1880 obiieitur:
963 1815 1036 1881 Nisi
1057 1817 1093 1880 in
1114 1817 1245 1881 nomine
1297 1837 1364 1880 non
1385 1813 1458 1880 ideo
1478 1815 1629 1882 fidelibus
1710 1815 1881 1881 Christum
1898 1815 2066 1882 eonversis
2086 1816 2136 1880 fas
2154 1815 2266 1882 fuisset
2389 1815 2390 1850 ³

274 1901 416 1968 Moesiae
437 1911 578 1978 orarent,
601 1919 773 1983 perversas
794 1901 894 1967 fuisse
912 1923 1025 1966 eorum
1046 1921 1168 1986 praees,
1194 1923 1245 1968 re-
1297 1899 1405 1966 oblato
1433 1901 1591 1967 saorifioio
1623 1922 1658 1966 se
1689 1902 1836 1984 expiare,
1866 1907 1922 1966 aut
1952 1909 2030 1966 vote
2057 1901 2266 1967 eueharietioe

274 1987 432 2070 spondeo,
462 1995 500 2051 ut
527 1994 622 2051 erant
653 2007 673 2051 a
701 1985 848 2070 patribus
869 1987 1028 2066 instituti,
1057 1989 1093 2052 in
1114 1988 1245 2053 nomino
1299 1989 1372 2069 (nee
1389 2007 1426 2052 eo
1444 1987 1635 2070 simplieiter
1652 1987 1693 2052 ad
1713 1986 1897 2053 testandam
1914 1987 2079 2070 pietatem,
2102 1985 2160 2052 sed
2177 2005 2266 2070 prae·

274 2072 416 2138 Messiae
432 2072 510 2139 lieet
530 2072 689 2157 inoogniti
710 2091 830 2138 orasse.
863 2073 909 2138 Et
928 2081 1017 2140 oerte
1038 2073 1156 2140 effeetu
1173 2073 1245 2156 ipso
1297 2072 1392 2155 oipue
1417 2073 1562 2138 earitatis
1594 2081 1760 2158 respeetu‚
1797 2079 1832 2138 et
1864 2072 2056 2156 purgandae
2088 2072 2266 2138 ealumnias

273 2159 389 2242 patuit,
422 2177 525 2241 quum
546 2166 614 2223 tam
636 2157 729 2224 faoile
750 2165 784 2223 et
804 2158 905 2225 alaori
927 2159 1028 2223 animi
1050 2160 1245 2242 promptitu·
1296 2157 1591 2240 perniciosissimae
1608 2164 1720 2234 eausa)
1739 2157 1883 2242 defungi,
1904 2157 2058 2224 utPaulo
2076 2157 2193 2224 aeoidit
2209 2178 2264 2222 au-

274 2242 351 2309 dine
373 2241 415 2308 ad
436 2243 606 2309 Christum
628 2243 822 2309 transierint
838 2244 1001 2327 permulti,
1024 2244 1189 2311 oeoultum
1210 2246 1245 2309 in
1297 2251 1368 2309 tora
1389 2243 1506 2310 Iaeobo
1527 2244 1746 2330 lerosolymis.
1796 2243 1930 2310 Interea
1957 2263 2086 2328 semper
2112 2241 2196 2308 illud
2222 2251 2266 2308 te-

273 2329 341 2394 illie
361 2329 462 2394 luisse
484 2329 614 2412 pietatis
635 2351 757 2396 semen.
800 2331 848 2394 Et
868 2329 1033 2413 probabile
1054 2337 1117 2408 est,
1146 2328 1246 2396 fidem
1296 2329 1443 2395 nendum
1464 2337 1523 2409 est,
1550 2349 1617 2394 non
1638 2329 1752 2395 eodem
1772 2350 1843 2395 esse
1864 2329 1969 2416 gradu
1991 2330 2091 2408 ritus,
2119 2329 2175 2412 qni
2196 2329 2266 2414 puri
2389 2327 2390 2372 l

272 2435 292 2480 a
317 2414 423 2480 Paulo
449 2414 494 2500 (2.
514 2415 597 2480 uim.
621 2419 647 2494 l,
667 2417 702 2496 b)
730 2413 858 2480 landari
884 2416 921 2480 in
948 2423 1054 2481 matre
1082 2415 1246 2481 Timothei
1297 2415 1337 2482 ab
1358 2416 1468 2494 initio,
1496 2423 1609 2500 postea
1635 2415 1782 2482 veritatis
1803 2415 1871 2481 sole
1891 2415 2086 2482 adveniente
2107 2413 2266 2481 obseurati

272 2500 435 2578 Eunieha,
457 2509 492 2565 et
513 2501 587 2566 avia
607 2498 722 2578 Loide,
746 2507 921 2584 antequam
942 2501 1116 2586 evangelio
1139 2501 1246 2567 imbn·
1297 2507 1331 2566 et
1361 2501 1459 2584 plane
1490 2500 1602 2566 aboliti
1636 2509 1730 2580 sunt,
1770 2501 1818 2566 uti
1855 2501 2118 2568 ohristianismus
2148 2501 2196 2565 ita
2219 2501 2267 2564 iu·

272 2593 326 2650 tae
347 2594 467 2665 essent,
493 2593 530 2650 ut
551 2585 655 2652 bonae
676 2586 766 2653 illius
787 2585 906 2652 radiois
928 2587 1054 2653 fruetus
1082 2587 1183 2652 fuerit
1204 2586 1246 2652 ad
1297 2585 1421 2652 daismo
1450 2587 1620 2664 sueoessit,
1646 2586 1700 2652 vel
1726 2587 1783 2670 qui
1809 2586 1851 2652 ab
1878 2609 1942 2652 usu
1971 2584 2214 2671 degenerarunt
2234 2585 2269 2650 in
2389 2605 2390 2634 ι

273 2669 444 2737 Christum
464 2672 642 2738 eonversio.
692 2672 835 2738 Umbrae
858 2671 940 2758 legis
962 2693 1030 2738 non
1053 2673 1246 2756 simplieiter
1296 2673 1425 2750 vitium,
1447 2679 1487 2738 ut
1502 2671 1590 2738 idem
1606 2670 1788 2738 iudaismus
1807 2673 2031 2756 superstitiose
2049 2679 2083 2736 et
2098 2671 2269 2736 literaliter
2389 2669 2390 2738 l

272 2757 414 2824 oonoedo
435 2757 566 2823 veritati
577 2757 683 2858 .le
701 2759 891 2838 eontrarias‚
911 2759 979 2857 nisi
995 2765 1155 2858 qnatenus
1172 2779 1245 2842 per-
1297 2779 1317 2822 a
1343 2756 1474 2824 Iudaeis
1501 2757 1721 2858 usurpabatur
1750 2757 1817 2823 iam
1844 2757 1941 2860 olim,
1961 2765 1998 2858 et
2025 2757 2270 2857 superstitiones

271 2843 1246 3014 3,thtilttltttlttltf‘tblabetes&
1297 2851 1667 2996 tttaltttulst
1689 2842 1816 2995 dlilll
1829 2841 2269 3014 aldqlllllsslmadilld

271 3015 336 3079 trio
368 2950 596 3113 saorifioabant
628 3013 743 3081 Iudaei
773 3021 850 3080 ante
882 3023 1050 3100 aeoeptam
1082 3016 1246 3100 evangelii
1297 3036 1374 3083 oum
1391 3015 1520 3080 lustrali
1537 3017 1740 3099 papistarnm
1757 3035 1841 3098 aqua
1858 3021 2032 3098 eomparet,
2055 3034 2191 3100 gravem
2200 3014 2269 3080 Deo

271 3098 396 3177 luoem,
431 3100 510 3166 soori
542 3101 672 3199 piorum
704 3101 852 3166 omnium
878 3101 1011 3167 fuerunt
1037 3103 1073 3166 in
1098 3101 1246 3186 legitimo
1297 3102 1394 3168 faeiat
1415 3101 1578 3180 iniuriam,
1606 3101 1661 3184 qui
1683 3109 1829 3168 veterem
1850 3101 2010 3186 populum
2030 3099 2156 3166 utiliter
2177 3099 2267 3183 signo

272 3182 338 3249 Dei
359 3184 465 3251 oultu:
499 3206 576 3270 ana
595 3187 699 3251 fixum
720 3185 803 3252 illud
823 3207 957 3253 manere
984 3186 1094 3267 debet,
1123 3189 1246 3272 figuras
1297 3187 1353 3252 illo
1377 3187 1538 3266 exerouit,
1569 3208 1671 3270 quum
1700 3187 1762 3252 bae
1788 3186 1911 3253 foetida
1938 3185 2120 3265 ablutione,
2149 3183 2266 3268 baptis·

272 3269 304 3336 le
347 3269 395 3336 las
417 3271 520 3338 veteri
541 3271 661 3356 populo
683 3271 776 3338 datas
797 3293 885 3351 esse,
916 3272 1020 3340 donee
1044 3273 1247 3340 illuoesoeret
1297 3293 1389 3338 mum
1405 3271 1564 3351 iterando,
1587 3271 1826 3356 quodammodo
1848 3270 2010 3339 deleverit
2029 3271 2191 3338 mendatii
2212 3289 2266 3353 pa·

273 3291 441 3422 Chia-istus:
459 3356 545 3456 quod
557 3357 716 3457 paulatim
727 3359 849 3458 laetum
862 3365 921 3458 est
943 3357 1246 3443 Addequodpleri-
1297 3366 1358 3424 ter.
1402 3358 1486 3424 Vale
1508 3359 1631 3443 optime
1652 3366 1686 3424 et
1706 3359 1873 3425 norissima
1894 3359 2004 3458 irater.
2047 3357 2135 3458 Num
2152 3357 2266 3456 episto·

272 3462 336 3526 que
363 3449 503 3526 gustatis
538 3443 702 3528 evangehr
735 3443 946 3523 rudimentis,
985 3451 1151 3527 uteunque
1179 3466 1246 3510 non
1297 3444 1364 3510 lam
1391 3444 1477 3511 hano
1505 3445 1699 3527 abrumpere
1725 3465 1779 3509 me
1805 3455 1929 3529 eogunt
1956 3444 2040 3510 abae
2068 3451 2265 3527 seriptrones.

273 3526 405 3592 aliunde
421 3527 581 3593 iustitiam
597 3536 746 3614 peterent
763 3549 861 3613 quam
878 3528 1049 3611 aChristo,
1072 3530 1158 3596 etin
1175 3533 1245 3597 eius
1297 3530 1462 3596 Dominus
1483 3549 1541 3597 vos
1562 3551 1675 3596 omnes
1697 3537 1847 3614 protegat
1867 3529 1985 3595 umbra
2006 3550 2083 3609 sua,
2112 3529 2265 3614 gubernet
2388 3569 2389 3594 ι

272 3612 430 3680 smrifieio
448 3613 595 3679 looarent
610 3635 704 3698 spem
720 3615 851 3681 salutis:
876 3636 944 3680 non
960 3623 1072 3682 tomen
1089 3635 1127 3682 oo
1143 3637 1245 3700 usque
1297 3617 1417 3700 spiritu
1435 3635 1504 3694 suo,
1528 3615 1650 3682 virtute
1671 3615 1793 3683 fuloiat
1817 3619 1867 3681 21.
1891 3615 1943 3682 die
1964 3615 2053 3682 Iunii
2079 3617 2170 3680 1558.

273 3699 387 3764 statim
396 3719 587 3784 progressos
598 3698 709 3784 liquet,
719 3708 756 3766 ut
766 3699 857 3768 omni
868 3698 1112 3768 dubitationese
1122 3703 1245 3768 eximo-
