4804 6012
209 1734 245 1800 Si
266 1735 348 1798 mihi
366 1737 454 1817 optio
474 1736 616 1812 daretur,
641 1735 770 1813 Caesar,
790 1737 921 1801 mallem
939 1737 1099 1819 equidem,
1152 1736 1277 1800 tissime
1300 1735 1333 1798 id
1356 1735 1489 1802 faciunt.
1534 1735 1590 1801 De
1610 1737 1750 1800 ethnicis
1769 1757 1834 1800 non
1852 1737 1974 1821 loquor,
1998 1741 2053 1822 qui
2075 1762 2130 1824 pa-

129 1831 159 1883 et
179 1842 230 1884 mc
258 1829 292 1884 ot
320 1841 426 1885 meam
454 1843 586 1904 operam
615 1821 802 1906 impendero
830 1823 885 1900 iis,
913 1844 996 1905 quae
1024 1833 1100 1888 tuae
1153 1822 1218 1885 lam
1246 1819 1462 1886 adversantur
1495 1821 1647 1888 ecclesiae
1681 1831 1713 1886 et
1747 1822 1895 1906 religioni
1924 1824 2130 1892 christianae.

128 1907 286 1972 maiestati
308 1915 402 1988 grata
424 1928 496 1973 esse
518 1917 648 1990 queant,
673 1909 844 1991 obsequiis,
868 1930 966 1992 quam
989 1918 1020 1974 te
1042 1930 1100 1974 au·
1154 1907 1206 1972 De
1228 1908 1268 1972 iis
1291 1907 1414 1990 loquor,
1439 1907 1494 1990 qui
1517 1929 1587 1972 sese
1611 1929 1685 1974 curn
1708 1929 1747 1973 ea
1769 1910 1952 1974 consentire
1976 1913 2130 1993 profiten-

130 1991 252 2058 diendis
282 1993 371 2057 hisce
405 1994 486 2058 meis
516 1995 780 2060 excusationibus
813 2017 985 2078 occupare:
1019 2017 1101 2077 quas
1154 2003 1216 2058 tur.
1246 1991 1466 2076 ¹Quanquam
1500 2014 1559 2058 nec
1591 1993 1673 2057 illud
1705 2016 1826 2059 novum
1858 1997 1908 2060 sit.
1964 1997 2011 2062 Ut
2044 2001 2131 2063 enim

131 2098 213 2142 nunc
240 2099 400 2162 propono,
429 2091 466 2143 ut
488 2101 540 2144 me
570 2081 610 2145 ab
638 2102 675 2144 eo
702 2080 787 2162 quod
817 2081 898 2146 falso
921 2097 972 2145 est
994 2081 1100 2146 obiec—
1153 2079 1231 2143 olim
1265 2079 1443 2161 prophetae
1472 2087 1504 2142 et
1536 2079 1672 2160 apostoli
1701 2080 1809 2144 nullas
1842 2083 1969 2162 experti
2002 2083 2130 2167 linguas

132 2171 209 2242 tum,
238 2164 375 2229 erimine
404 2164 548 2230 liberem.
608 2165 803 2249 Quanquam
833 2188 898 2232 nou
928 2189 1031 2232 unum
1059 2167 1102 2232 sit
1154 2165 1259 2249 magis
1283 2165 1465 2230 virulentas
1487 2186 1583 2247 quam
1607 2165 1854 2248 hypocritarum
1876 2188 1954 2230 suae
1978 2170 2129 2248 nationis,

130 2249 256 2332 aliquod
280 2251 379 2316 huius
400 2253 530 2334 generis
552 2252 684 2317 crimen.
736 2253 844 2316 Audio
871 2253 958 2316 enim
985 2252 1101 2317 adrer-
1154 2252 1210 2334 qui
1232 2273 1334 2333 quum
1357 2251 1576 2334 gloriarentur
1603 2251 1715 2333 populi
1736 2251 1800 2316 Dei
1828 2255 1973 2330 nomine,
2004 2259 2077 2334 [pag.
2099 2261 2129 2333 5}

129 2336 228 2400 sarios
248 2357 401 2401 onerasse
422 2358 475 2402 me
495 2339 646 2403 omnibus
673 2338 713 2403 iis
742 2359 822 2420 quas
845 2345 879 2402 et
900 2339 1101 2404 comminisci
1154 2337 1239 2402 ferre
1273 2345 1383 2402 tamen
1411 2357 1478 2401 non
1512 2345 1664 2420 poterant
1694 2335 1874 2402 doctrinam
1902 2360 2030 2418 reram,
2066 2362 2131 2424 qua

129 2429 159 2484 et
185 2423 310 2504 fingere
337 2429 514 2504 potuerunt
543 2423 723 2489 calumniis.
780 2423 876 2504 Quod
904 2425 930 2488 si
959 2425 1023 2488 illis
1052 2433 1102 2489 est
1153 2424 1276 2504 peccati
1298 2433 1332 2487 et
1354 2423 1472 2486 erroris
1493 2430 1721 2506 arguerentur:
1746 2425 1793 2488 sic
1814 2443 1942 2506 quoque
1964 2447 2053 2492 nunc
2075 2427 2130 2510 qui

128 2505 263 2572 liberum
285 2508 332 2572 ita
354 2529 406 2572 me
428 2509 633 2574 calumniari:
659 2518 745 2574 certe
764 2517 907 2592 potestas
925 2511 1005 2574 mihi
1029 2509 1101 2575 dari
1154 2507 1313 2574 adversus
1336 2507 1542 2574 Christianos
1563 2508 1757 2592 gravissimo
1780 2509 1861 2588 odio,
1886 2511 1938 2574 vel
1961 2512 2049 2580 rabie
2071 2533 2129 2596 po-

129 2589 222 2656 debet
244 2594 500 2677 propugnandae
523 2595 639 2672 saltem
662 2617 754 2660 meae
777 2597 992 2662 innocentiae.
1038 2597 1101 2662 Est
1153 2595 1219 2658 tius
1249 2593 1379 2670 ardent,
1409 2596 1431 2658 ii
1460 2603 1552 2672 sunt,
1586 2595 1641 2676 qui
1671 2616 1770 2676 quum
1806 2595 1960 2660 simulent
1988 2597 2129 2680 aliquem

128 2677 206 2742 illud
228 2679 360 2761 quidem
390 2680 482 2746 bonis
510 2689 543 2745 et
566 2681 661 2746 malis
684 2702 874 2760 commune,
903 2691 942 2747 ut
968 2703 1100 2748 accusa·
1153 2702 1228 2745 cum
1251 2679 1388 2746 ecclesia
1409 2701 1620 2756 consensum,
1652 2681 1842 2746 manifestos
1870 2689 1980 2746 tamen
2009 2684 2129 2750 abusus

129 2765 267 2829 tionibus
291 2766 423 2830 obnoxii
442 2767 517 2830 sint.
563 2767 695 2849 Itaque,
724 2769 905 2832 secuudum
937 2789 991 2832 aas
1014 2769 1099 2834 lerre
1153 2774 1187 2830 et
1209 2767 1308 2832 verbo
1320 2766 1381 2830 Dei
1401 2766 1498 2848 plane
1520 2775 1752 2848 repugnantes
1775 2766 1891 2830 volunt
1910 2767 2008 2832 tueri:
2032 2791 2129 2852 prop-

127 2849 331 2930 sententiam,
352 2873 419 2916 non
437 2851 548 2916 audito
568 2875 631 2930 reo,
654 2875 818 2935 carrasque
835 2875 902 2918 non
919 2861 1100 2938 perspecte,
1125 2860 1128 2887 ¹
1153 2860 1305 2934 ter-eaque
1327 2853 1412 2916 forro
1435 2859 1609 2933 nequeunt,
1631 2861 1668 2916 nt
1689 2851 1758 2916 ulla
1775 2853 2014 2918 reformationis
2037 2877 2128 2920 men-

127 2957 190 3000 non
220 2949 330 3018 possct
361 2959 425 3002 non
451 2937 600 3020 iniquum
635 2960 706 3004 esse
733 2939 905 3005 iudicium:
940 2939 1101 3022 simulque
1154 2939 1198 3002 tio
1221 2939 1285 3002 fiat.
1330 2938 1459 3020 Itaque,
1489 2938 1609 3020 siquis
1638 2957 1677 3002 ca
1698 2939 1818 3020 pietate
1840 2949 1873 3003 et
1895 2939 1964 3004 zelo
1987 2960 2057 3005 csse
2080 2943 2128 3006 vi-

127 3031 238 3104 aperta
260 3023 359 3087 fuerit
381 3024 442 3098 via,
465 3045 530 3106 qua
553 3024 605 3090 rel
627 3025 741 3107 optimi
758 3026 887 3109 quique,
910 3025 1022 3092 statim
1044 3047 1101 3108 op·
1153 3023 1285 3101 deatur,
1314 3035 1352 3088 ut
1379 3024 1413 3088 in
1441 3023 1609 3088 meliorem
1636 3031 1759 3088 statum
1787 3026 1914 3090 restitui
1943 3025 2022 3091 velit
2043 3025 2129 3108 quod

127 3109 221 3189 primi
244 3117 384 3190 possent.
431 3107 515 3190 Quis
537 3111 625 3176 cuim
648 3122 715 3175 tam
737 3112 909 3190 innocens,
937 3111 990 3178 cui
1017 3111 1102 3177 desit
1154 3110 1304 3174 vitiatum
1332 3116 1395 3176 est:
1430 3131 1508 3174 mox
1535 3107 1576 3174 ab
1603 3109 1644 3174 iis
1672 3117 1800 3174 tantum
1828 3131 1895 3174 non
1924 3110 2128 3195 discerpitur,

127 3193 314 3259 aecusator?
376 3193 550 3260 Caeterum
585 3195 758 3278 prudentia
791 3205 823 3262 et
854 3198 1001 3280 aequitas
1034 3206 1099 3272 tua,
1153 3195 1257 3260 multo
1278 3203 1366 3262 certe
1388 3195 1545 3274 atrocius,
1574 3215 1673 3278 quam
1702 3197 1730 3260 si
1753 3195 1931 3262 multorum
1954 3199 2129 3264 criminum

127 3277 260 3358 Caesar,
289 3281 427 3359 faciunt,
456 3289 493 3346 ut
518 3291 605 3348 cerlo
634 3303 762 3366 sperem
790 3305 855 3348 non
882 3284 1038 3348 reiectum
1059 3285 1101 3348 iri
1153 3281 1342 3366 capitalium
1365 3304 1440 3348 reus
1463 3289 1557 3347 esset.
1602 3281 1716 3363 Neque
1739 3303 1831 3360 vero,
1860 3289 1897 3346 ut
1926 3283 2022 3364 paulo
2052 3295 2128 3350 ante

126 3365 244 3430 iustam
267 3365 352 3430 hanc
370 3389 475 3432 meam
495 3376 527 3432 et
548 3369 727 3452 supplicem
744 3370 949 3452 petitionem:
973 3391 1101 3452 nempe,
1153 3366 1236 3442 dixi,
1263 3367 1323 3432 hos
1346 3369 1494 3432 homines
1516 3365 1630 3450 pudet,
1657 3367 1711 3431 rel
1732 3366 1972 3450 improbissime
1999 3369 2128 3452 quidvis

127 3459 204 3514 uta
235 3458 293 3516 tua
319 3452 488 3518 maiestate
516 3456 614 3520 venia
642 3455 722 3518 mihi
750 3455 859 3533 detur,
890 3456 918 3520 si
942 3477 997 3532 ¹me
1029 3476 1100 3519 mo·
1153 3455 1286 3538 fingere,
1316 3453 1401 3536 quod
1423 3474 1465 3518 ne
1486 3453 1553 3518 ullo
1576 3452 1707 3536 quidem
1729 3453 1836 3518 colore
1859 3463 1969 3538 tegere
1989 3456 2127 3537 possint,

125 3535 242 3602 lestum
266 3559 337 3604 esse
359 3537 418 3602 tibi
438 3547 557 3624 cogant
577 3539 763 3618 adversarii,
787 3551 820 3605 et
841 3539 1007 3606 audientia
1024 3563 1100 3606 cau·
1153 3538 1248 3604 modo
1271 3561 1333 3622 quo
1356 3540 1436 3617 iure,
1460 3561 1525 3622 qua
1546 3539 1678 3616 iniuria,
1701 3539 1906 3604 innocentem
1929 3541 2127 3624 opprimant.

125 3643 178 3686 sae
209 3631 342 3688 nostrae
375 3645 440 3689 non
476 3635 622 3710 negetur.
672 3631 747 3706 [pag.
768 3632 799 3705 4]
833 3626 995 3709 Equidem
1024 3629 1098 3706 scio,
1152 3625 1287 3692 Possem
1311 3625 1408 3690 huius
1430 3626 1560 3708 generis
1582 3624 1731 3707 plurima,
1755 3645 1837 3706 quac
1856 3625 1929 3708 plus
1951 3626 2031 3692 satis
2052 3629 2127 3692 vul-

126 3707 170 3772 nil
193 3729 283 3773 nune
305 3709 357 3774 m'e
379 3712 456 3792 pati,
485 3711 569 3793 quod
592 3733 657 3776 non
679 3713 719 3778 ab
741 3713 835 3776 initio
857 3714 1003 3800 perpessi
1024 3714 1098 3793 sint,
1152 3719 1228 3794 gata
1249 3721 1335 3788 sunt,
1358 3711 1509 3793 exempla
1530 3730 1793 3776 commemorare.
1838 3709 1906 3776 Sed
1928 3713 1955 3776 si
1978 3723 2035 3778 tua
2057 3734 2126 3778 me·

125 3803 283 3877 quotquot
312 3796 420 3860 Deum
454 3798 566 3878 purius
600 3797 704 3863 colere
739 3799 921 3862 voluerunt.
976 3801 1025 3863 Ac
1057 3821 1099 3864 nc
1151 3798 1258 3876 iactae,
1278 3795 1408 3875 Cacsar,
1431 3796 1614 3880 intelligere
1637 3796 1777 3860 voluerit
1798 3805 1832 3860 ct
1853 3796 2019 3880 dispicere,
2047 3797 2126 3882 quid

124 3878 255 3964 longius
277 3882 427 3964 exempla
449 3891 615 3965 petantur:
640 3905 682 3948 ex
700 3906 762 3967 quo
781 3883 989 3968 evangelium
1008 3893 1098 3966 pate·
1150 3883 1185 3948 in
1207 3883 1268 3948 hae
1296 3904 1370 3947 mea
1396 3904 1494 3948 causa
1522 3902 1637 3947 verum
1664 3882 1721 3945 sit:
1756 3903 1857 3963 quum
1878 3903 1919 3947 ex
1942 3905 2007 3948 uno
2030 3884 2125 3950 facile

123 3965 246 4032 lactum
269 3975 327 4045 est,
350 3967 412 4032 luit
434 3991 472 4032 ea
494 3979 650 4052 perpetua
667 3971 760 4052 quasi
779 3971 925 4036 omnium
938 3969 1098 4036 Christia—
1150 3989 1263 4034 omnes
1286 3967 1409 4034 discere
1432 3968 1561 4050 poterit,
1584 3978 1655 4030 tum
1678 3967 1873 4048 exemplum,
1895 3969 1980 4052 quod
2003 3971 2124 4036 multo-

124 4073 241 4116 norum
274 4052 431 4130 conditio,
470 4065 507 4118 ut
541 4055 686 4120 omnium
717 4056 890 4122 calumniis
921 4057 1096 4138 patuerint.
1149 4076 1223 4118 rum
1245 4055 1315 4120 loco
1337 4054 1389 4131 sit,
1411 4055 1446 4120 in
1468 4075 1506 4118 ca
1527 4051 1777 4136 deprehendere.

125 4136 167 4202 Ut
188 4139 257 4203 iam
280 4137 380 4224 (quod
402 4140 473 4205 sine
495 4141 608 4205 multis
628 4143 738 4208 verbis
765 4143 1011 4208 commemorari
1032 4165 1098 4207 non
1234 4138 1395 4223 Equidem
1414 4139 1499 4223 quod
1517 4139 1558 4204 ad
1577 4160 1628 4202 me
1646 4138 1771 4215 attinet,
1791 4159 1893 4220 aequo
1912 4140 2021 4204 animo
2039 4143 2123 4208 ferre

123 4233 244 4304 posset,
276 4235 309 4288 et
331 4223 450 4308 alioqui
478 4247 520 4290 ex
543 4228 687 4294 historiis
711 4228 833 4294 nemini
856 4249 922 4292 non
945 4249 1094 4310 perspec·
1149 4225 1264 4304 debeo,
1297 4227 1326 4292 si
1352 4225 1386 4290 id
1414 4247 1502 4292 nuno
1532 4226 1651 4306 patiar,
1688 4223 1773 4305 quod
1804 4244 1918 4290 omnes
1946 4225 2023 4290 olim
2052 4237 2122 4292 tum

123 4317 192 4372 tum
214 4331 288 4374 esse
309 4313 428 4393 potest)
456 4311 504 4376 nil
525 4313 632 4379 dicam
655 4312 694 4378 de
716 4314 879 4380 atrocibus
900 4313 966 4379 illis
987 4315 1096 4380 crimi·
1148 4313 1327 4396 prophetae
1349 4321 1419 4376 tum
1443 4310 1581 4394 apostoli
1604 4310 1748 4392 perpessi
1766 4317 1852 4374 sunt.
1897 4309 2011 4393 Neque
2034 4313 2121 4378 enim

122 4394 234 4474 nibus,
265 4395 381 4479 quibus
408 4397 543 4482 indigue
571 4399 705 4464 luerunt
730 4401 873 4484 gravati:
909 4406 946 4464 ut
968 4421 1095 4466 summo
1147 4420 1208 4482 par
1237 4405 1300 4475 est,
1337 4397 1464 4462 meliori
1494 4406 1532 4460 ut
1557 4395 1619 4460 sim
1649 4394 1841 4458 conditione.
1893 4400 1965 4474 [pag.
1992 4403 2024 4477 a]
2055 4397 2121 4464 Sed

122 4481 205 4562 apud
236 4501 351 4546 omnes
379 4485 542 4567 principos
571 4484 765 4568 ordinesque
790 4485 879 4567 odio,
905 4507 1095 4568 summaque
1119 4518 1122 4617 p
1146 4484 1227 4549 illud
1258 4493 1370 4549 tamen
1398 4505 1451 4547 me
1478 4481 1651 4564 praecipue
1679 4481 1880 4558 consolatur,
1910 4481 1995 4564 quod
2018 4483 2121 4550 filium

121 4565 257 4632 iufamia
278 4567 466 4652 flagrarent.
499 4571 586 4636 Illud
608 4571 718 4653 palam
740 4581 798 4650 est,
821 4570 978 4638 satanam
1002 4593 1094 4636 men·
1120 4624 1122 4639 .
1146 4569 1220 4648 Dei,
1243 4570 1422 4636 Dominum
1441 4576 1473 4632 et
1494 4567 1733 4650 redemptorem
1753 4575 1914 4645 nostrum,
1945 4570 2038 4649 quasi
2061 4569 2118 4634 du-

121 4649 219 4718 daciis
242 4659 277 4716 et
294 4656 464 4722 calumniis
483 4679 548 4722 non
571 4659 680 4722 miuus
704 4659 889 4723 conoueisse
904 4659 926 4740 ¹)
945 4657 1095 4744 christia·
1147 4677 1217 4721 cem
1245 4664 1457 4739 praeeuntem
1487 4653 1540 4716 hic
1564 4673 1690 4735 quoque
1721 4673 1847 4734 sequar.
1897 4653 2003 4718 Nimis
2030 4656 2119 4720 enim

121 4759 196 4804 nam
220 4738 426 4822 religionem,
455 4765 555 4826 quam
577 4745 610 4809 ri
635 4751 668 4808 ct
696 4743 896 4809 crudelitate.
947 4741 1095 4824 Quodsi
1146 4751 1239 4808 tener
1259 4743 1350 4806 fuero
1373 4742 1399 4818 si
1422 4741 1457 4804 in
1474 4739 1573 4804 huius
1592 4739 1748 4804 comitatu
1766 4759 1836 4802 esse
1854 4759 1940 4814 unus
1961 4759 2117 4806 recusem.

120 4823 251 4905 quando
281 4825 361 4894 alias
381 4829 558 4912 impiorum
579 4830 748 4894 hominum
767 4827 903 4895 audacia
920 4851 958 4894 eo
981 4831 1094 4910 evasit,
1145 4831 1231 4894 Nam
1254 4835 1288 4892 et
1308 4835 1496 4892 monentem
1525 4825 1707 4908 apostolum
1735 4823 1847 4900 audio,
1874 4823 1909 4886 in
1936 4823 1998 4889 hac
2025 4826 2118 4892 nobis

120 4925 156 4976 ut
176 4913 316 4980 minimo
334 4913 487 5001 puduerit
509 4916 627 4982 falsum
649 4915 755 4982 dicere
777 4914 934 4980 adversus
955 4915 1095 4982 cultores
1145 4919 1215 4980 rita
1236 4910 1510 4998 progrediendum
1532 4933 1619 4990 esse,
1648 4907 1743 4974 modo
1766 4931 1824 4992 per
1846 4930 1963 4974 nomen
1986 4909 2116 4990 bouum,

119 4995 258 5064 domini:
285 5023 372 5068 nunc
399 5011 485 5067 certe
513 5013 547 5068 et
568 5001 851 5086 impudentissime
874 5009 907 5065 et
929 5001 1093 5066 confiden·
1144 5000 1240 5065 modo
1280 5021 1338 5082 per
1376 4998 1555 5062 infamiam.
1617 4994 1770 5061 Occurrit
1808 5001 1976 5077 praeterea
2014 4987 2117 5064 Mosis

1143 5085 1340 5169 exemplum,
1362 5093 1400 5148 ut
1422 5103 1489 5148 non
1508 5081 1704 5148 exhorream
1724 5078 1897 5162 opprobria
1917 5081 2029 5163 populi
2043 5083 2117 5150 Dei.

1144 5172 1302 5254 Inprimis
1323 5169 1583 5234 exhortationem
1605 5167 1696 5231 illam
1716 5165 1821 5243 audio,
1844 5173 1881 5228 ut
1903 5163 2018 5234 ducem
2039 5191 2114 5236 nos·

146 5143 154 5146 .
177 5143 205 5148 ..-
212 5141 325 5148 -u---u—-n

186 5205 216 5270 1)
239 5203 285 5259 Sic
302 5209 375 5276 typis
392 5221 556 5275 caprearum.
596 5207 662 5260 Vide
684 5223 722 5261 aa
746 5205 885 5275 legendum
911 5207 1116 5264 clareamus.
1306 5257 1311 5269 ,
1520 5253 1526 5268 .
1634 5253 1640 5266 .
1670 5253 1675 5266 .
1955 5253 1961 5266 .

117 5279 191 5330 sim
1145 5269 1235 5324 trum
1256 5264 1434 5334 imitemur,
1455 5254 1497 5320 ad
1518 5273 1733 5338 ignommram
1753 5271 1855 5334 usquc
1875 5271 1990 5318 urticis.
2032 5253 2114 5323 Pos-

225 5362 337 5418 Galor'm'
351 5378 442 5432 opera.
482 5361 540 5418 Vol.
557 5359 593 5414 X.
1879 5351 1912 5404 18
