4820 6016
150 373 209 438 141
1004 378 1085 441 leae
1104 373 1294 442 IANUAR.
2088 377 2149 440 142

148 560 419 644 superstitionum
439 563 566 628 semina
586 563 724 642 foveret,
757 561 844 646 quod
865 565 1045 648 aegerrime
1067 561 1124 628 ad·
1176 581 1243 626 non
1270 569 1398 626 tantum
1426 559 1644 628 ecclesiastiea
1669 561 1838 628 structione
1863 559 2040 628 sedetiam
2062 582 2150 628 com·

148 645 310 724 mittebat,
342 648 440 713 inane
473 669 545 714 esse
575 659 813 734 nugameutum
835 651 1063 716 scholasticum
1077 647 1123 736 ²¹)
1176 647 1345 726 munione,
1374 647 1447 712 illos
1464 648 1500 711 in
1522 647 1598 712 sinu
1620 648 1716 713 levet
1762 645 1829 728 Qui
1851 647 2066 730 anabaptismi
2088 668 2149 712 no-

149 731 270 816 dcgma
293 731 333 799 de
354 741 479 816 septem
501 735 722 813 sacramentis,
744 755 783 800 ao
800 736 940 819 pessime
958 737 1123 814 urebatur,
1175 735 1236 797 tati
1258 739 1346 811 sunt,
1368 733 1424 815 qui
1446 731 1640 816 deprehensi
1662 733 1697 798 in
1719 733 1815 810 furto,
1838 733 1911 798 illos
1932 731 2078 798 obtrudit
2098 734 2149 798 in·

148 817 399 882 matrimonium
428 829 461 884 et
489 818 723 885 absolutionem
745 841 766 886 a
786 821 880 886 nobis
908 823 995 886 inter
1016 843 1124 887 saera·
1175 819 1253 884 vitis
1275 819 1439 884 fratribus.
1483 817 1622 882 Interim
1644 818 1699 901 qui
1721 825 1771 884 est
1792 819 1939 884 omnium
1961 829 1995 884 et
2014 819 2149 902 pientis-

148 911 262 968 monta
283 924 350 968 nen
371 906 542 970 recenseri.
592 907 703 988 Atque
724 915 763 970 ut
784 905 826 972 ad
847 907 928 974 haee
949 908 1123 975 connives·
1176 905 1279 969 simus
1301 913 1334 968 ct
1356 903 1563 970 doctissimus
1586 913 1620 968 ct
1640 903 1915 988 prudentissimus
1936 905 1970 968 in
1991 904 2052 971 hac
2074 905 2149 971 vici-

147 1009 241 1066 mus,
264 989 496 1074 gubernandae
517 999 629 1056 temen
651 989 804 1057 ecclesiae
825 1013 1029 1077 nequaqnam
1052 1013 1124 1057 esse
1176 991 1233 1054 nia
1254 1011 1274 1054 a
1295 989 1466 1088 praefectis
1495 987 1620 1054 duobus
1648 990 1825 1056 arcessitur
1853 991 1985 1074 capitis,
1998 991 2043 1072 ²⁸)
2075 989 2149 1073 plus

146 1095 274 1158 parem,
286 1077 479 1158 praesertim
490 1086 556 1140 tam
576 1075 699 1142 difficili
712 1089 866 1160 tempore,
879 1099 991 1144 omnes
1004 1075 1123 1143 vident.
1176 1095 1273 1158 quam
1294 1074 1518 1140 1nhumeniter
1540 1085 1693 1152 vexatur,
1715 1075 1955 1142 violentissime
1979 1084 2148 1156 tractatur,

148 1159 215 1224 Est
243 1161 330 1224 enim
358 1161 438 1226 adeo
467 1162 566 1226 etiam
594 1182 654 1246 pro
684 1171 840 1246 suggestu
868 1163 1058 1242 obliviosus,
1086 1171 1125 1227 ut
1177 1162 1247 1226 istis
1276 1159 1408 1226 Gentem
1435 1162 1602 1226 emissitiis
1631 1171 1762 1226 strenue
1787 1162 1821 1226 iu
1852 1161 1922 1226 eius
1944 1161 2075 1226 ruinam
2097 1162 2149 1226 in-

147 1245 249 1310 tertio
260 1267 386 1330 quoque
397 1245 496 1312 verbo
508 1247 569 1312 sibi
584 1247 776 1332 plerumque
788 1247 929 1316 excidat:
954 1250 982 1315 si
994 1248 1124 1333 quando
1176 1245 1411 1312 eumbentibus.
1462 1245 1552 1327 Quid
1587 1247 1830 1330 praesagiemns
1866 1269 1908 1312 ex
1942 1245 2061 1311 talibus
2091 1269 2149 1312 ex·

146 1329 315 1410 irritatur,
344 1331 449 1398 multa
475 1334 604 1416 rapitur
624 1335 834 1418 intemperie,
857 1343 894 1400 ut
915 1357 958 1401 ne
980 1336 1031 1402 eui
1052 1335 1124 1418 qui·
1175 1331 1296 1398 ordiis?
1341 1331 1490 1416 Flagella
1517 1330 1596 1396 dum
1624 1353 1659 1397 se
1681 1333 1826 1398 excitare
1847 1330 1940 1397 nobis
1962 1340 2070 1416 putat,
2093 1355 2149 1399 ve-

146 1413 226 1480 dem
249 1425 430 1502 compotem
451 1439 522 1484 esse
544 1427 707 1504 appareat.
758 1418 796 1486 Si
819 1421 890 1504 quis
910 1421 957 1486 illi
981 1429 1124 1488 assente-
1175 1439 1248 1483 reor
1276 1418 1474 1482 nerninem
1501 1418 1563 1483 sibi
1591 1417 1806 1484 machinetur.
1856 1419 1900 1482 Et
1930 1439 2009 1484 sane
2042 1418 2070 1483 si
2102 1418 2151 1484 ita

147 1509 215 1581 tur,
238 1503 344 1567 instar
365 1505 458 1586 puori
478 1525 541 1587 quo
562 1505 695 1569 libuerit
711 1503 806 1569 illum
824 1503 970 1572 deducet.
1014 1506 1122 1584 Dices,
1175 1513 1224 1568 est
1251 1503 1387 1569 Domini
1415 1504 1582 1580 voluntas,
1611 1503 1728 1586 laqueo
1756 1504 1863 1588 potius
1891 1525 1989 1586 quem
2010 1503 2151 1568 tetendit

147 1609 205 1652 me
223 1587 369 1672 epistolis
386 1589 490 1654 solere
501 1589 685 1670 fulminare,
697 1592 867 1656 mitescere
875 1591 920 1678 ²²)
932 1613 1010 1658 vero
1021 1613 1124 1675 quum
1175 1590 1358 1668 irretiatur,
1387 1591 1421 1654 in
1448 1589 1574 1654 sovcam
1604 1609 1702 1672 quam
1726 1590 1857 1672 paravit
1882 1610 2037 1672 praeceps
2064 1597 2149 1668 ruat,

146 1681 288 1738 ventum
314 1682 366 1740 ost
392 1675 429 1738 in
456 1696 526 1740 rem
552 1677 765 1760 praesentem.
811 1677 928 1742 Rixari
950 1685 1036 1744 certe
1059 1699 1125 1742 non
1176 1696 1271 1757 quam
1295 1675 1448 1742 ecclcsiae
1466 1674 1592 1740 Christi
1614 1685 1743 1740 tantum
1764 1674 1987 1740 molestiarum
2010 1675 2151 1766 facessat

146 1772 202 1824 est
223 1761 288 1824 mei
309 1761 420 1824 moris.
466 1758 534 1826 Sed
559 1761 641 1826 mihi
670 1771 853 1846 temperare
881 1785 1020 1846 nequeo,
1044 1763 1123 1847 quin
1176 1759 1306 1825 diutius.
1358 1758 1398 1824 Id
1425 1761 1555 1825 Bernae
1587 1759 1700 1826 multis
1733 1757 1872 1826 cordatis
1905 1762 1985 1826 viris
2017 1781 2150 1826 oausam

146 1845 353 1929 simplicibus
387 1845 497 1912 verbis
524 1855 557 1912 et
583 1867 692 1913 coram
724 1858 757 1914 et
788 1869 847 1931 per
878 1849 990 1914 literas
1022 1849 1124 1912 animi
1175 1855 1318 1912 vestram
1337 1845 1432 1911 valde
1454 1867 1585 1910 exosam
1608 1845 1723 1924 reddit,
1747 1845 1833 1928 quod
1852 1843 2002 1930 ablegato
2019 1855 2150 1930 pastore

144 1932 215 1996 moi
246 1952 378 1996 sensum
406 1933 595 2015 exprimam.
639 1933 703 2012 Tu,
732 1940 771 1998 ut
792 1934 898 2012 voles,
921 1935 1122 2000 aestimabis:
1176 1941 1301 1996 trucem
1319 1931 1456 1998 bestiam
1475 1931 1537 1996 sibi
1555 1931 1702 1998 relictam
1720 1953 1792 1996 esse
1809 1931 1930 2010 vident
1971 1931 2148 2012 Quorsum,

144 2015 207 2082 sed
235 2017 291 2082 ubi
319 2015 494 2102 diligenter
520 2017 662 2102 expendi
692 2027 812 2102 quanto
835 2029 977 2104 praestet
999 2019 1124 2087 callidi·
1174 2017 1315 2100 inquies,
1347 2019 1430 2082 istae
1458 2015 1700 2100 querimoniae?
1744 2017 1869 2100 Nempe
1900 2029 1952 2096 ut,
1985 2019 2012 2082 si
2045 2027 2149 2100 potes,

144 2103 210 2166 tati
237 2102 420 2182 sinceritas,
455 2103 522 2167 vim
553 2125 625 2168 meo
657 2105 789 2188 ingenio
821 2105 1025 2170 inferendam
1058 2127 1123 2170 non
1176 2103 1356 2168 remedium
1385 2105 1548 2187 excogites
1575 2102 1713 2186 aliquod.
1758 2101 1821 2168 Sin
1842 2101 1972 2168 nullum
1990 2103 2049 2169 tibi
2072 2123 2149 2186 sup·

143 2187 307 2267 arbitror,
330 2189 503 2271 quominus
524 2187 627 2254 libere
648 2190 708 2254 tibi
730 2193 874 2274 aperiam
897 2191 982 2274 quod
1007 2213 1123 2257 verum
1176 2189 1269 2273 petit,
1290 2188 1458 2254 uobiscum
1481 2199 1591 2254 tamen
1609 2190 1752 2270 preceris
1769 2187 1961 2266 Dominum,
1984 2211 2026 2253 ne
2043 2187 2149 2272 abripi

143 2294 221 2338 esse
251 2271 355 2338 video.
401 2273 477 2340 Scio
499 2275 586 2339 enim
607 2275 693 2358 apud
715 2297 809 2359 quem
832 2275 999 2360 deponam.
1046 2275 1124 2343 Coc-
1176 2295 1236 2340 nos
1269 2281 1363 2338 extra
1396 2275 1500 2352 vium,
1537 2295 1597 2358 per
1633 2275 1713 2340 istas
1752 2275 2012 2356 tentationes²⁹)
2051 2274 2149 2353 sinat,

142 2379 249 2424 renus
276 2369 385 2423 antem
414 2360 520 2443 qualis
549 2361 605 2438 sit,
639 2363 696 2426 vix
725 2361 828 2426 audeo
858 2363 958 2428 effari.
1003 2363 1124 2428 Vestra
1176 2381 1309 2444 gregem
1332 2381 1409 2424 vero
1431 2381 1528 2424 suum
1549 2381 1567 2424 e
1589 2361 1732 2424 ferarum
1755 2360 1902 2444 ingluvie
1924 2359 2104 2438 liberet.³⁰)

143 2443 282 2528 quidem
302 2443 460 2510 modestia
475 2455 508 2511 et
523 2445 656 2511 lenitate
674 2445 846 2512 videbatur
864 2448 957 2515 nobis
977 2447 1123 2532 aliquan·
1261 2445 1333 2509 Iam
1360 2445 1431 2528 ipse
1458 2467 1585 2528 quoque
1612 2444 1698 2531 (meo
1720 2455 1754 2509 et
1772 2445 1971 2529 collegarum
1999 2465 2148 2510 meorum

142 2530 257 2594 tulum
280 2531 458 2610 cicuratus,
481 2539 515 2596 et
536 2553 641 2616 nuper
664 2531 782 2596 miram
805 2533 838 2597 in
859 2533 991 2618 negotio
1013 2543 1122 2600 nostro
1176 2531 1307 2596 nomine
1331 2552 1421 2597 nune
1448 2529 1576 2614 loquor)
1610 2530 1816 2596 adiuvandus
1830 2533 1875 2617 ⁸¹)
1896 2531 1991 2596 nobis
2014 2530 2147 2610 videris,

143 2613 356 2680 sedulitatem
374 2637 451 2700 prae
470 2637 505 2682 se
521 2619 654 2684 ferebat
699 2617 904 2684 Momentum
915 2641 1018 2684 unum
1029 2641 1122 2704 prae·
1176 2625 1274 2700 atque
1294 2614 1329 2680 id
1351 2617 1501 2682 licentiae
1522 2637 1651 2680 sumere
1673 2615 1767 2682 nobis
1784 2617 1818 2680 in
1837 2625 1870 2681 te
1889 2615 2057 2694 audemus,
2080 2617 2147 2682 sin·

142 2701 257 2766 teriit:
286 2721 321 2766 se
341 2701 411 2786 ipso
432 2701 537 2768 factus
560 2711 609 2768 est
631 2701 780 2768 deterior.
826 2705 974 2771 Forcllcs
1001 2712 1123 2786 narrat,
1176 2703 1281 2788 gulari
1314 2713 1372 2768 tua
1403 2703 1624 2766 moderatione
1662 2702 1752 2767 freti:
1790 2699 1877 2784 quod
1909 2703 1943 2766 in
1975 2701 2147 2768 tractando

143 2807 365 2870 seuunquam
379 2786 499 2854 vidisse
510 2787 652 2854 belluam
670 2789 890 2870 rabiosiorem,
914 2812 1011 2875 quam
1030 2791 1123 2856 illum
1176 2787 1275 2852 verbo
1297 2786 1447 2866 Domini,
1473 2797 1571 2870 atque
1592 2788 1789 2870 praesertim
1810 2789 1848 2852 in
1868 2788 2029 2870 capitibus
2051 2787 2147 2852 hodie

143 2873 329 2938 novissime
343 2875 386 2952 ²³)
416 2885 571 2958 expertus
598 2883 655 2940 est.
700 2875 838 2954 Vultus,
861 2887 989 2960 gestus,
1012 2876 1122 2954 verba,
1176 2875 1407 2952 controversis,
1441 2875 1487 2938 ita
1519 2873 1699 2938 orationem
1731 2887 1916 2956 temperare
1949 2873 2076 2951 studes,
2110 2883 2148 2938 ut

143 2959 238 3024 color
260 2957 343 3042 ipse,
371 2959 488 3037 furias,
517 2967 553 3025 ut
573 2959 696 3044 inquit,
723 2961 899 3044 spirabant
943 2963 1048 3046 Ergo,
1072 2973 1123 3028 ut·
1176 2981 1272 3041 quam
1305 2960 1516 3042 paucissimos
1548 2959 1703 3024 offendas.
1748 2957 1788 3023 Id
1822 2971 1854 3024 te
1886 2961 2008 3042 optimo
2039 2959 2147 3024 auimo

142 3063 278 3127 cunque
295 3043 375 3108 mihi
394 3045 530 3128 posthae
544 3055 727 3126 excusetur,
747 3047 848 3113 donee
866 3047 965 3112 aliurn
984 3069 1123 3128 sensero,
1175 3045 1281 3110 iacere
1300 3046 1443 3127 persuasi
1461 3065 1583 3110 sumus.
1603 3041 1671 3110 Sed
1689 3045 1912 3124 concilium⁸²l
1931 3045 1992 3110 hoe
2009 3065 2147 3128 magno·

141 3149 279 3196 veneno
307 3139 440 3214 turgere
467 3129 631 3214 opinabor.
678 3131 753 3214 Qua
775 3133 878 3211 enim,
900 3134 1048 3214 obsecro,
1070 3155 1124 3198 ra-
1176 3151 1254 3214 pere
1274 3131 1366 3196 nobis
1388 3131 1588 3213 reprobatur.
1632 3129 1673 3194 Id
1694 3152 1794 3214 quum
1817 3131 1987 3213 aliquoties
2009 3129 2148 3197 antehae

141 3217 240 3282 tione
269 3236 330 3281 nos
359 3215 407 3280 ita
434 3216 618 3300 capitaliter
646 3217 727 3297 odit,
751 3229 789 3283 ιιι
810 3229 956 3284 extrema
977 3241 1124 3302 quaeque
1176 3217 1311 3282 anobis
1332 3216 1550 3292 intellexeris,
1572 3237 1662 3282 nunc
1684 3214 1724 3280 de
1745 3218 1875 3300 integro
1897 3215 2033 3282 eandem
2055 3237 2147 3298 repe·

142 3299 280 3368 assidue
312 3301 475 3368 intentet?
520 3300 558 3367 Si
587 3303 645 3369 tibi
676 3325 743 3370 non
775 3305 1002 3386 persuadetur,
1035 3303 1125 3370 videt
1176 3311 1244 3367 tere
1262 3303 1460 3368 cantilenam
1479 3301 1642 3385 cogimur,
1670 3301 1755 3385 quod
1777 3301 2067 3367 animadvertimus
2089 3323 2147 3366 no·

141 3387 330 3463 Dominus,
360 3389 414 3470 qui
441 3390 477 3452 in
506 3397 651 3472 tempore
685 3387 847 3455 vindicem
880 3411 916 3456 se
948 3390 1121 3457 exhibebit.
1175 3386 1353 3454 contionem
1381 3388 1486 3453 indies
1515 3389 1612 3452 istam
1634 3387 1839 3470 temperandi
1858 3389 2042 3453 cautionem
2064 3387 2144 3452 lieri.

142 3473 254 3539 Cuius
275 3471 394 3538 iudicio
416 3475 560 3538 conteuti
581 3474 751 3540 hominum
768 3475 934 3540 theatrum
959 3497 1025 3542 non
1043 3475 1123 3542 adeo
1175 3473 1265 3556 Quid
1286 3481 1478 3557 praetexere
1500 3473 1614 3550 soleas,
1638 3475 1728 3538 novi:
1752 3494 1821 3538 non
1842 3494 1915 3540 esse
1936 3473 2146 3538 contentiosis

142 3559 249 3625 anxie
280 3558 451 3624 reiieimus.
467 3558 512 3660 ²⁴)
556 3557 752 3644 Quanquam
785 3561 831 3625 ita
862 3561 1040 3628 studemus·
1063 3585 1122 3628 nos
1174 3557 1450 3644 disputationibus
1477 3557 1666 3624 alienandos
1688 3581 1708 3624 a
1729 3558 1887 3642 religione
1913 3558 2146 3641 simpliciorum

141 3663 282 3730 gerere,
314 3663 357 3708 ne
390 3645 462 3726 quis
493 3667 565 3710 rure
598 3644 753 3712 damnare
784 3667 845 3711 nos
876 3648 985 3731 possit.
1032 3645 1122 3728 Quin
1174 3646 1315 3722 animos,
1345 3665 1426 3726 quos
1448 3644 1578 3709 allicere
1599 3665 1726 3726 quoquo
1748 3644 1843 3710 modo
1864 3643 1975 3722 liceat,
1999 3644 2028 3709 si
2049 3643 2146 3710 modo

141 3729 310 3812 etiamn)
333 3749 411 3813 erga
430 3729 524 3796 illum
547 3731 630 3796 tales
651 3753 780 3812 sumus,
803 3737 842 3796 ut
862 3731 1037 3816 intelligat,
1062 3754 1122 3800 nos
1174 3729 1339 3814 quidpiam
1367 3729 1591 3812 indulgeatur,
1621 3730 1707 3813 quod
1735 3730 1818 3795 citra
1847 3731 2047 3812 impietatem
2071 3750 2148 3795 eon-

140 3817 211 3883 sibi
235 3835 303 3879 non
325 3834 395 3879 esse
416 3815 580 3894 inimicos,
603 3819 780 3900 quamlibet
802 3817 895 3883 nobis
916 3817 961 3883 sit
981 3821 1051 3902 ipse
1072 3821 1122 3884 in·
1174 3813 1243 3880 cedi
1260 3823 1373 3898 potest.
1414 3817 1486 3898 Ego
1505 3837 1582 3879 vcro
1600 3837 1658 3898 pro
1676 3836 1748 3880 meo
1768 3836 1856 3880 more
1877 3815 1937 3880 tibi
1955 3813 2146 3896 respondeo,

139 3903 276 3968 feneus:
311 3909 402 3965 tanta
434 3903 657 3968 moderatione
688 3903 783 3968 illum
816 3903 1053 3984 demuleemus,
1086 3913 1123 3969 ut
1174 3900 1203 3966 si
1221 3902 1271 3966 vis
1293 3901 1444 3968 omnibus
1467 3901 1570 3966 iacere
1582 3899 1751 3966 Christum
1769 3899 1984 3983 plausibilem,
2005 3901 2063 3965 tibi
2081 3921 2148 3966 non

139 3987 212 4053 nisi
241 3993 354 4070 aperte
382 3987 576 4054 insaniendo
603 3988 794 4054 debacchari
822 3990 857 4053 in
884 4010 944 4053 nos
973 4001 1120 4072 nequeat.
1173 4007 1244 4053 esse
1266 3985 1490 4052 fabricandum
1511 3986 1729 4069 evangelium,
1752 3997 1786 4050 et
1803 3997 1890 4052 certe
1908 3985 2020 4052 videro
2038 3986 2146 4068 palam

139 4072 275 4138 Iudicio
304 4070 435 4154 quidem
458 4093 518 4140 nos
540 4075 581 4140 ab
603 4095 640 4138 eo
662 4074 872 4140 vehementer
896 4074 1052 4140 dissidere
1074 4077 1121 4139 ia·
1174 4081 1225 4137 est
1246 4094 1309 4156 quo
1330 4072 1461 4139 recidat.
1506 4071 1573 4138 Ubi
1591 4070 1710 4136 audisti
1728 4070 1897 4136 hominum
1915 4072 2146 4154 superstitione

139 4169 235 4224 teor:
259 4177 336 4222 nam
358 4179 438 4240 quos
460 4159 501 4224 ad
523 4160 614 4225 verbi
636 4160 855 4225 ministerium
878 4161 982 4244 erigit,
1006 4161 1121 4244 dignos
1174 4171 1361 4224 sanctorum
1395 4158 1635 4224 invocationem
1667 4159 1883 4240 excogitatam
1912 4157 2019 4240 magis
2047 4179 2146 4239 quam

140 4264 221 4310 esse
244 4241 425 4309 iudicamus
451 4247 508 4328 qui
536 4247 571 4309 iu
596 4245 778 4328 patibulum
800 4245 966 4310 tollantur.
1012 4247 1121 4330 Atque
1173 4245 1238 4308 Dei
1257 4245 1358 4309 verbo
1381 4243 1557 4318 fundatam,
1581 4241 1673 4307 addis
1694 4255 1805 4306 tamen
1825 4263 1919 4306 mox:
1941 4242 1975 4306 id
1998 4241 2146 4308 deferen-

141 4341 185 4396 ut
208 4330 348 4409 seiat²⁰l
382 4350 479 4413 quam
502 4339 722 4414 praepostere:
755 4329 857 4396 bonos
884 4331 988 4410 viros,
1021 4333 1076 4415 qui
1102 4355 1122 4398 a
1174 4327 1251 4395 dum
1270 4337 1456 4396 sanctorum
1476 4337 1604 4410 patrum
1623 4329 1799 4405 autoritati,
1820 4350 1861 4392 ne
1879 4329 1913 4391 in
1931 4333 2035 4392 totum
2054 4327 2144 4392 dam·

140 4415 244 4482 nobis
265 4415 394 4497 probati
415 4427 507 4491 sunt,
530 4437 596 4480 non
618 4415 715 4480 audet
737 4427 901 4500 cooptare,
925 4417 991 4481 uisi
1013 4437 1033 4482 a
1054 4425 1122 4483 tota
1173 4425 1271 4480 netur
1303 4416 1373 4480 eius
1405 4413 1492 4479 modi
1525 4413 1687 4478 invocatio
1727 4433 1808 4496 quae
1847 4412 1978 4478 illorum
2015 4415 2145 4496 seriptis

140 4503 220 4568 eius
249 4500 393 4584 regionis
419 4501 473 4566 cui
501 4501 707 4566 destinantur
734 4501 837 4568 classe
864 4503 931 4566 sint
952 4501 1120 4585 explorati,
1172 4499 1427 4567 commendatur.
1458 4501 1511 4566 Ita
1528 4508 1684 4582 perpetuo
1702 4499 1786 4564 soles
1804 4519 1914 4564 eorum
1934 4499 2143 4564 autoritatem

140 4587 205 4672 qni
228 4606 308 4650 vero
329 4606 350 4650 a
372 4595 440 4651 tota
465 4586 569 4653 classe
597 4585 725 4672 indigni
747 4599 826 4652 sunt
847 4589 1061 4670 pronunciati,
1075 4591 1121 4668 ²⁷)

253 4737 298 4802 il)
316 4739 535 4794 scholasticorum
556 4739 584 4794 8.
602 4739 640 4794 H.
658 4739 833 4810 sophisticum
851 4739 949 4796 Bueer.
1274 4735 1322 4804 28)
1342 4737 1368 4792 8.
1392 4753 1425 4792 ee
1448 4738 1603 4792 coniectore
1626 4738 1733 4806 capitur
1756 4737 1927 4793 madum
1951 4737 2054 4792 censuit

253 4807 300 4869 22]
319 4809 447 4861 vilescere
469 4809 503 4862 H.
1172 4808 1272 4876 recepit
1289 4809 1325 4860 H.
1367 4807 1464 4860 Verum
1486 4807 1557 4860 arbit
1578 4805 1744 4861 amedera
1770 4835 1801 4846 -
1825 4807 1893 4876 Ape
1914 4807 1947 4861 de
1966 4805 2093 4862 Ooaiero
2110 4803 2145 4860 tie

198 4901 200 4908 >
254 4875 298 4936 28)
318 4875 357 4929 Ν.
373 4875 409 4930 88
425 4882 450 4929 et
467 4874 502 4928 84
517 4883 572 4932 not.
1172 4892 1224 4948 qao
1242 4893 1266 4930 e.
1284 4891 1298 4930 e
1318 4876 1423 4930 tetolom
1440 4881 1596 4945 sequentem.

253 4945 303 5006 24)
323 4943 371 4998 Sic
387 4945 577 5013 oatoprcpltoc
594 4951 620 4998 et
638 4943 665 4998 8.
705 4941 761 5014 Qui
776 4951 866 4999 mea
883 4949 1020 5000 mett:
1037 4949 1121 5016 respi-
1313 4949 1322 5007 )
1340 4944 1526 4998 territatioues
1544 4943 1581 4996 H.

142 5019 243 5071 οἱιιιιιι
278 5013 403 5068 Bucam
420 5014 495 5082 leget:
513 5031 542 5066 re
563 5014 684 5078 uirimus,
702 5019 728 5068 et
744 5015 785 5068 eie
801 5014 838 5066 Η.
1275 5011 1322 5077 80)
1341 5011 1397 5068 Hic
1414 5013 1564 5066 morotum
1582 5011 1684 5066 Bueeri
1700 5017 1834 5080 excerpto.

252 5080 301 5146 25)
320 5081 366 5137 Sic
382 5085 441 5152 ipre
461 5081 488 5138 O.
506 5087 531 5136 et
578 5097 680 5136 aemes.
718 5081 837 5137 coeteri.-
856 5081 1044 5146 Quamobrem.
1274 5081 1322 5148 81)
1340 5081 1377 5134 H.
1396 5097 1456 5136 eum
1474 5081 1558 5135 altero
1571 5078 1679 5134 &mimi
1694 5080 1853 5148 apoqroplo
1871 5079 1979 5133 errabit:
1997 5078 2142 5134 mmoneu·

252 5149 301 5216 26)
320 5147 443 5206 Bucerue
466 5156 492 5205 et
508 5149 546 5204 Η.
570 5151 752 5219 contremet:
774 5150 857 5216 emes,
881 5149 954 5220 quod
970 5157 995 5206 et
1013 5151 1041 5205 8.
1054 5168 1121 5221 pro·
1171 5151 1230 5204 dus.
1272 5150 1339 5205 Vide
1356 5165 1395 5204 en
1411 5150 1487 5204 lertio
1504 5149 1605 5203 codicis
1622 5149 1722 5203 calami
1737 5148 1830 5216 lopeai
1846 5143 1997 5202 debeatur?

139 5222 224 5278 bavit
1273 5217 1321 5282 32)
1339 5220 1385 5273 eie.
1404 5247 1436 5258 -
1456 5217 1604 5271 Ourneilr'um
1621 5217 1664 5272 leto
1681 5216 1748 5272 dicit
1764 5223 1921 5272 emereamur
1939 5215 2048 5270 Bernae
2065 5215 2141 5272 imbi-

225 5261 232 5272 ⁵
253 5285 301 5352 2'l)
319 5287 438 5354 iudicati,
458 5285 486 5342 8.
503 5293 529 5342 et
546 5285 582 5340 H.
1171 5295 1227 5341 tues
1246 5303 1333 5341 mense
1352 5286 1423 5356 Sept
1441 5283 1516 5340 1887.
1553 5286 1754 5356 Hundeebopen
1768 5300 1798 5354 p.
1817 5283 1859 5338 eo.
