4820 6016
132 352 193 416 205
1037 359 1118 420 15³8
1138 351 1229 422 IUN·
2070 363 2137 426 206

132 537 336 606 (lentioribus
357 543 563 625 argumentis
585 563 683 626 quam
703 553 741 610 ut
763 543 848 610 elabi
869 551 998 627 posset:
1020 545 1108 622 novi,
1161 537 1330 606 ciendum:
1356 561 1452 624 quem
1476 541 1505 606 si
1530 540 1765 620 obtinuissent,
1790 563 1852 610 nos
1878 545 2073 612 inducerent
2098 549 2134 616 in

132 624 248 706 iuquit,
271 625 440 692 levitatem
460 637 493 692 et
519 628 773 694 inconstantiam
794 640 940 695 vestram
962 629 1035 711 plns
1057 649 1109 695 sa·
1161 625 1291 704 urbem,
1331 646 1368 693 ac
1401 625 1620 694 restituendos
1649 629 1684 694 in
1717 629 1937 696 ministerium
1970 643 2133 698 curarent

132 712 190 776 tis:
219 731 297 776 nam
324 713 361 778 in
388 724 553 780 conventu
582 714 776 780 asserebatis
805 735 864 780 vos
891 715 992 781 fuisse
1019 715 1109 780 Lau·
1161 709 1249 792 Quia
1266 711 1359 776 nobis
1380 712 1515 778 minime
1538 715 1732 782 satisfiebat.
1761 736 1894 782 rursum
1922 717 2017 784 nobis
2039 739 2134 785 seua·

133 798 295 881 mnnaessi
312 807 445 880 paratos
468 799 561 865 nobis
588 800 623 864 in
651 800 776 866 duobus
803 799 917 868 cadere
939 801 1108 885 capitibus,
1161 810 1230 861 tum
1254 795 1322 862 dari
1346 797 1590 880 postulavimus.
1634 799 1781 884 ingressi
1803 803 2013 880 ostendimus,
2036 804 2069 868 id
2092 829 2134 871 ox

132 882 166 946 in
186 883 284 948 tertio
303 882 464 950 duntaxat
481 886 650 960 restitisse,
673 907 773 968 quum
793 887 921 953 illicne
943 887 1106 952 tantillum
1161 903 1272 947 eorum
1299 883 1385 948 facto
1412 895 1691 966 consequuturum
1718 887 1803 970 quod
1834 891 1977 955 maxime
1998 891 2133 956 vereba-

133 965 265 1050 quidem
294 969 470 1035 concedere
496 971 666 1037 volueritis
693 972 804 1050 nobie,
831 973 898 1037 imo
926 993 968 1037 ne
996 971 1109 1038 audire
1160 989 1244 1045 mter,
1262 989 1380 1052 nempe
1398 990 1458 1034 nos
1479 971 1587 1035 visum
1604 971 1646 1036 iri
1663 992 1722 1054 per
1739 972 1854 1056 culpae
1871 973 2134 1058 deprecationem

132 1054 264 1136 quidem
299 1075 359 1120 uos
390 1055 599 1122 sustinuistis.
655 1054 744 1138 Quid
776 1057 877 1142 ergo?
913 1057 1107 1124 dicebamus.
1160 1054 1338 1119 restitutos.
1383 1055 1560 1139 Conquesti
1584 1057 1682 1122 etiam
1704 1079 1828 1134 sumus,
1858 1060 1987 1126 nullum
2008 1083 2050 1126 ex
2070 1062 2133 1126 mi-

133 1143 256 1204 Aunon
282 1141 464 1206 meministi
490 1141 708 1225 placidissime
736 1145 824 1208 inter
852 1163 913 1208 noe
934 1144 1108 1210 fuissene·
1161 1140 1274 1205 nietrie
1296 1140 1485 1206 adiunctum
1513 1163 1585 1206 esse
1613 1143 1776 1226 legationi.
1822 1144 1954 1211 Novum
1984 1168 2062 1231 ergo
2082 1168 2133 1214 se-

133 1233 223 1302 tum,
250 1236 284 1290 et
309 1225 350 1290 de
378 1226 468 1292 feriis
496 1235 625 1293 tantum
655 1228 799 1294 haesisse
827 1228 1107 1296 controversiam?
1161 1233 1257 1292 natus
1279 1225 1463 1290 consultum
1486 1228 1608 1292 factum
1631 1239 1691 1306 est,
1713 1241 1751 1293 ut
1771 1239 1862 1297 recta
1883 1233 1917 1296 in
1940 1235 2054 1299 urbem
2078 1232 2133 1299 de-

132 1309 227 1376 Haec
247 1313 358 1376 omnia
375 1333 475 1395 quum
494 1333 565 1378 esse
587 1313 670 1379 falsa
686 1316 832 1393 iactaret,
855 1314 1030 1380 Erasmam
1051 1335 1107 1397 ap·
1161 1309 1354 1376 duceremur
1383 1333 1403 1378 a
1431 1312 1563 1396 legatis,
1596 1334 1634 1379 ac
1668 1315 1825 1399 principio
1858 1317 1949 1384 locus
1977 1317 2133 1385 dicendae

132 1395 344 1478 pellavimus,
373 1399 428 1480 qui
457 1398 660 1464 interfuerat.
704 1399 765 1464 Ille
794 1400 924 1482 quidem
953 1421 1108 1466 mensus
1159 1417 1276 1462 caueae
1299 1397 1391 1463 nobis
1412 1399 1652 1482 impetraretur,
1674 1409 1714 1464 ut
1736 1400 1867 1467 demum
1892 1402 2019 1469 reddita
2040 1406 2132 1471 func·

134 1490 183 1546 est
205 1482 307 1557 nobie,
329 1481 388 1548 sed
409 1505 476 1549 non
497 1485 605 1568 potuit
626 1495 737 1551 tamen
758 1486 919 1564 cohiberi,
947 1486 1027 1568 quin
1049 1507 1107 1550 au·
1160 1483 1259 1548 tionis
1281 1493 1412 1548 nostrae
1437 1484 1580 1563 maone,
1609 1487 1637 1550 si
1664 1505 1725 1550 nos
1754 1485 1834 1552 nihil
1857 1488 2032 1572 deliquisse
2054 1511 2131 1556 oon·

133 1566 247 1632 damus
267 1565 374 1634 adhuc
396 1579 556 1652 pergeret
601 1571 747 1654 Legatos
769 1572 827 1654 qui
847 1574 1035 1655 praefuerat
1052 1593 1107 1655 sy·
1160 1577 1276 1646 staret,
1309 1571 1562 1635 restitueremur.
1618 1569 1699 1636 Dati
1726 1581 1804 1638 sunt
1836 1584 2006 1656 praeterea
2037 1577 2131 1643 nobis

133 1652 257 1736 nodo⁹)
275 1655 497 1720 testimonium
516 1657 735 1722 certissimum
756 1658 850 1724 uobis
867 1656 1031 1735 reddebat,
1050 1656 1107 1722 ad·
1159 1653 1317 1720 Ermas
1338 1665 1371 1718 et
1401 1655 1535 1722 Virrius.
1584 1657 1656 1722 Iam
1684 1679 1787 1723 unum
1815 1659 1955 1725 milliare
1982 1662 2022 1727 ab
2049 1663 2131 1728 urbe
2189 1737 2193 1750 ⁸

133 1739 293 1822 dabatque
311 1760 346 1804 se
364 1761 430 1804 non
448 1740 682 1817 dubitaturum,
704 1743 758 1808 vel
776 1763 885 1808 coram
903 1743 1053 1810 diacosiia
1067 1743 1106 1824 ¹¹)
1159 1741 1339 1818 aberamus,
1361 1761 1461 1824 quum
1483 1743 1613 1807 obviam
1632 1741 1751 1826 prodiit
1768 1747 1906 1812 nuncius
1924 1747 1981 1828 qui
2001 1747 2130 1832 ingres-

132 1825 222 1891 illins
244 1825 425 1893 mendaciis
446 1826 632 1904 reclamare,
655 1830 682 1894 ei
701 1829 868 1894 vellemus.
912 1829 974 1894 Ille
996 1839 1106 1894 nmen
1159 1847 1231 1890 sum
1253 1827 1470 1892 interdiceret.
1515 1829 1659 1892 Tametsi
1680 1841 1811 1911 praeter
1838 1832 1887 1896 fas
1910 1841 1943 1896 et
1963 1832 2130 1914 politeiam

132 1912 288 1994 perfricta
315 1913 422 1978 bonta
454 1912 668 1979 nihilominus
695 1935 815 1998 negare
847 1913 889 1980 ad
921 1923 1106 1980 extremum
1157 1911 1191 1975 id
1208 1912 1316 1990 fiebat,
1340 1913 1472 1978 consilio
1492 1923 1603 1978 tamen
1621 1915 1802 1998 legatorum
1820 1915 2128 2000 obtemperavimus:

132 1998 261 2064 institit.
306 1999 398 2082 Ergo
420 2020 478 2082 spe
499 2001 589 2065 omni
612 2001 756 2082 proiecta
773 1999 1007 2068 descendimus.
1041 1999 1107 2066 Ubi
1158 1996 1279 2080 alioqui
1300 2017 1431 2063 cramus
1449 2020 1562 2065 secure
1580 2002 1759 2082 perrecturi
1777 2003 1840 2066 nisi
1858 2002 1908 2066 illi
1925 2005 2130 2071 constantius

133 2091 271 2150 ventum
300 2084 414 2150 estin
440 2085 531 2150 viam
557 2085 721 2169 publicam
749 2087 879 2170 rogavit
901 2085 1106 2151 Sebastianus
1157 2083 1314 2168 refragati
1340 2083 1433 2148 nobis
1460 2086 1606 2150 luissent
1657 2088 1767 2169 Atque
1795 2088 1830 2152 in
1853 2109 1891 2153 eo
1919 2089 2049 2172 quidem
2072 2112 2130 2174 op-

133 2191 174 2236 an
197 2191 313 2236 verum
334 2179 527 2252 putaremus
543 2171 628 2253 qnod
647 2172 879 2238 narrabatura
900 2171 1105 2255 quibusdam,
1158 2171 1237 2234 time
1258 2170 1344 2235 vitae
1366 2179 1496 2236 nostrae
1514 2171 1697 2236 consultum
1720 2183 1778 2238 est.
1810 2172 1896 2238 Nam
1918 2185 2031 2258 postea
2052 2196 2130 2242 con-

131 2262 261 2320 tentam
285 2275 355 2321 esse
378 2258 413 2320 in
440 2257 539 2322 certis
565 2256 723 2322 fratribus
749 2259 959 2324 severitatem
986 2266 1024 2322 ut
1051 2277 1106 2322 eos
1158 2255 1250 2331 stitit,
1272 2276 1337 2319 non
1358 2255 1471 2338 procul
1490 2257 1657 2322 moenibus
1674 2257 1845 2324 collocatas
1861 2261 1960 2326 fuisse
1978 2260 2128 2328 insidias:

131 2339 226 2424 lupos
256 2349 413 2408 vocarent
447 2350 481 2406 et
513 2342 814 2426 pseudoprophetas
847 2344 901 2426 qui
933 2344 967 2408 in
998 2343 1106 2408 locum
1157 2341 1192 2404 in
1214 2341 1286 2423 ipsa
1307 2350 1417 2406 autem
1439 2352 1533 2424 porta
1554 2342 1766 2408 considebant
1782 2347 1899 2410 armati
1917 2347 2037 2430 viginti
2058 2348 2129 2432 gla-

131 2435 283 2492 nostrum
318 2428 537 2510 irrepsiseeut:
578 2427 821 2511 respondimus,
855 2439 1006 2494 nostrum
1038 2449 1106 2494 non
1158 2423 1308 2492 diatores.
1321 2427 1363 2510 ¹¹¹)
1408 2425 1637 2512 Cognitionem
1666 2427 1707 2492 ed
1728 2429 1857 2512 plebem
1880 2453 1950 2498 esse
1972 2453 2129 2498 revocan-

130 2533 203 2578 csse
222 2510 313 2578 aliud
334 2512 374 2578 de
396 2513 476 2596 ipsis
497 2513 664 2580 iudicium.
708 2515 813 2598 Ergo,
844 2515 964 2596 inquit,
992 2513 1106 2579 eodem
1158 2510 1231 2576 dam
1261 2520 1397 2596 uterque
1425 2523 1558 2579 senatus
1591 2516 1832 2598 pronunciavit.
1847 2515 1889 2602 ¹⁴)
1937 2517 2011 2584 Illic
2038 2527 2130 2584 muta

129 2599 203 2664 iure
222 2596 454 2664 damnabimur
474 2599 531 2681 qui
559 2600 661 2668 eiecto
682 2599 858 2683 Megartdrc
880 2601 933 2666 hio
955 2600 1104 2666 consisti-
1157 2599 1321 2680 gravitate
1343 2599 1532 2665 Ludovieus
1554 2603 1730 2666 Ammonos
1758 2602 1842 2667 alter
1861 2603 1990 2686 legatus
2012 2613 2045 2669 et
2075 2603 2129 2670 Vs·

129 2705 214 2750 mus.
250 2683 462 2768 negavimus
489 2683 628 2751 eandem
649 2707 722 2752 esse
743 2705 883 2764 caueam,
906 2695 940 2752 et
961 2687 1106 2751 rationes
1156 2689 1254 2765 retae,
1281 2685 1338 2766 qui
1360 2683 1492 2750 Erasmi
1513 2705 1552 2750 ao
1580 2707 1638 2751 suo
1660 2688 1792 2752 nomine
1813 2687 2023 2771 loquebatur,
2051 2711 2128 2756 cau·

129 2769 334 2836 reddidimus
356 2791 416 2836 cur
437 2791 504 2836 non
524 2792 693 2853 possemne
715 2769 756 2837 de
772 2771 859 2854 lupis
880 2771 945 2836 illis
963 2771 1104 2836 clemen·
1157 2789 1227 2834 sam
1249 2777 1450 2849 amarunt,
1479 2780 1517 2836 ut
1535 2773 1622 2837 flecti
1643 2771 1864 2838 multitudinis
1885 2776 1987 2840 animi
2009 2775 2050 2840 ad
2074 2797 2128 2842 ae·

130 2856 196 2921 tius
219 2856 351 2922 sentire.
396 2857 486 2922 Hinc
506 2859 698 2940 cognoscite,
727 2858 988 2940 qualemcunque
1010 2877 1105 2940 prae-
1156 2855 1314 2936 quitatem
1343 2854 1547 2922 viderentur:
1586 2857 1688 2922 donec
1713 2857 1778 2924 illis
1805 2860 1946 2944 egressis
1974 2881 2060 2927 unus
2086 2883 2128 2927 ex

130 2949 261 3006 textum
294 2949 442 3024 captasse
474 2943 633 3025 quomodo
665 2963 700 3008 se
733 2963 753 3006 a
785 2943 879 3008 nobis
917 2943 1103 3026 explicaret.
1155 2939 1359 3023 praesidibus
1381 2951 1515 3008 senatus
1536 2943 1692 3009 articulos
1710 2953 1837 3010 nostros
1854 2947 1991 3012 recitare
2011 2947 2127 3030 coepit,

129 3027 308 3109 Extemplo
336 3028 425 3092 enim
452 3041 526 3110 post
554 3025 698 3094 auditam
732 3029 824 3094 illam
857 3049 969 3094 vocem
1002 3039 1102 3094 totam
1155 3035 1278 3108 quanta
1298 3028 1405 3110 potuit
1430 3028 1573 3108 invidia,
1603 3028 1798 3113 quibusdam
1826 3031 1924 3096 etiam
1953 3032 2002 3096 illi
2023 3033 2128 3098 succi·

129 3132 248 3179 causae
269 3119 401 3180 nostrae
422 3113 583 3180 actionem
605 3114 754 3193 eiurarit,
777 3135 879 3197 quum
904 3125 1001 3180 antea
1020 3114 1102 3179 nihil
1155 3112 1319 3178 nantibus.
1353 3113 1406 3178 Ita
1427 3114 1515 3180 enim
1537 3127 1747 3194 convenerat,
1770 3127 1807 3180 ut
1828 3117 1883 3182 illo
1905 3118 2064 3184 recitante
2085 3117 2128 3184 ad

128 3217 197 3264 non
217 3199 383 3264 facturum
406 3221 441 3264 se
462 3201 646 3282 recepisset.
692 3197 874 3283 Supererat
893 3201 982 3266 solus
1003 3199 1104 3266 Erae·
1155 3199 1405 3264 inflammandos
1425 3200 1529 3284 plebis
1551 3201 1676 3266 animos
1694 3202 1912 3268 reclamarint.
1946 3205 2025 3268 Tria
2043 3202 2127 3269 dun-

127 3304 216 3363 atus,
242 3285 299 3366 qui
326 3285 457 3350 tametsi
485 3283 568 3350 bona
595 3285 660 3350 fide
688 3287 723 3350 in
754 3286 924 3369 negotium
952 3297 1103 3352 nostrum
1155 3292 1248 3350 taxat
1269 3283 1457 3350 habuerunt
1478 3307 1559 3370 quae
1581 3295 1753 3368 carperent
1774 3287 1815 3352 ad
1837 3288 2046 3354 mallandum
2067 3311 2127 3355 no-

127 3369 353 3448 incumbebat,
381 3391 449 3434 non
472 3382 581 3436 nmen
605 3371 747 3436 multum
768 3371 899 3437 valebat
921 3371 994 3436 aliis
1015 3373 1102 3438 reni·
1155 3371 1205 3436 bis
1226 3371 1351 3436 odium:
1381 3372 1466 3455 quod
1488 3372 1656 3438 ecclesiam
1678 3371 1907 3440 Genevensem
1929 3376 2127 3440 vocabamus

128 3456 286 3521 tentibus.
331 3455 466 3538 Aliquot
496 3467 572 3540 post
598 3455 711 3523 dicbus
739 3458 775 3522 in
809 3466 957 3524 senatum
990 3479 1103 3523 snmus
1154 3465 1310 3536 nostram,
1332 3457 1419 3540 quod
1440 3459 1511 3524 sine
1533 3458 1731 3540 praefatione
1746 3457 1878 3525 honoris
1888 3460 2049 3526 Bernates
2067 3481 2126 3527 suo

128 3541 278 3619 admissi,
306 3561 344 3607 ac
365 3551 416 3606 ter
442 3564 510 3608 nna
532 3542 613 3608 hora
634 3544 793 3618 revocati,
822 3554 860 3608 ut
888 3543 928 3608 ab
956 3544 1102 3609 articulis
1154 3543 1285 3608 nominc
1303 3543 1549 3626 appellaremus,
1573 3543 1660 3626 quod
1678 3545 2023 3623 excommunicationis
2040 3547 2125 3612 face-

127 3629 252 3692 noetris
280 3624 528 3694 discederemus.
574 3627 774 3694 Volebamus
801 3630 890 3696 enim
919 3637 958 3694 ut
988 3627 1102 3694 ordine
1153 3649 1265 3693 remus
1286 3631 1493 3694 mentionem.
1509 3631 1550 3714 ¹¹)
1594 3630 1688 3704 Ecce,
1711 3631 1872 3712 inquiunt,
1894 3641 1934 3696 ut
1955 3632 2125 3698 ecclesiam

126 3711 276 3797 legitimo
289 3715 330 3796 ¹¹)
352 3715 552 3796 reciperetur
574 3715 614 3780 ab
635 3715 770 3781 ecclesia
787 3715 1006 3782 conformitas.
1041 3713 1101 3780 Se·
1153 3715 1264 3778 ausint
1285 3734 1402 3779 vocare
1424 3736 1526 3780 suam.
1549 3717 1641 3797 quasi
1660 3716 1696 3778 in
1713 3716 1783 3781 eius
1805 3719 2040 3800 possessionem
2058 3720 2124 3784 iam

127 3809 228 3864 natus
249 3797 390 3878 volebat,
415 3809 451 3863 nt
472 3800 565 3882 quasi
582 3802 648 3864 iam
665 3809 814 3882 receptae
832 3812 1001 3866 staremus.
1034 3801 1100 3866 Re-
1153 3799 1312 3865 venerint.
1345 3801 1440 3879 Ecce,
1463 3809 1500 3866 ut
1516 3801 1679 3884 principes
1696 3801 1782 3884 ipsos
1800 3803 2031 3886 superbissime
2048 3825 2125 3870 con·

127 3894 224 3966 cepta
252 3894 361 3950 autem
397 3885 504 3950 fuerat
530 3906 550 3949 a
576 3887 688 3969 paucis
717 3884 877 3952 seditiosis
908 3886 1022 3952 ecdem
1050 3886 1101 3951 de
1153 3891 1310 3950 temnant.
1355 3886 1456 3964 Ecce,
1486 3897 1524 3951 nt
1544 3887 1583 3950 ad
1607 3886 1815 3971 tyrannidem
1836 3889 1991 3971 aspirent.
2035 3888 2125 3971 Quid

127 3977 234 4047 creto,
261 3990 326 4052 quo
356 3971 389 4034 in
411 3970 610 4036 Rhodanum
644 3973 851 4055 praecipitari
885 3993 946 4038 nos
974 3980 1102 4056 oporte-
1153 3972 1242 4035 enim
1263 3981 1315 4036 est
1341 3973 1632 4037 excommunicatio
1661 3993 1760 4055 qnam
1781 3975 1956 4057 tyrannica
1977 3973 2124 4040 domina·

126 4054 201 4122 bat:
236 4055 411 4122 maluimus
439 4065 551 4122 tammr
572 4066 737 4140 postremo
759 4057 800 4123 ad
822 4066 987 4123 extremas
1007 4079 1101 4140 quas-
1154 4055 1221 4120 tio?
1266 4057 1394 4123 Videtis
1417 4079 1515 4140 quam
1543 4058 1682 4122 frivolae
1709 4058 1830 4122 fuerint
1850 4069 1884 4122 et
1905 4080 2048 4144 nugam
2069 4081 2124 4126 ca·

126 4163 192 4224 que
215 4140 416 4208 conditiones
434 4141 639 4220 descendero,
663 4164 759 4226 quam
778 4145 967 4227 permittere
990 4155 1028 4208 ut
1045 4165 1103 4228 per
1153 4143 1312 4207 lemniae:
1349 4165 1425 4208 nam
1456 4144 1824 4208 excommunicationem
1847 4143 1969 4210 dudum
1992 4166 2123 4229 recepe·

126 4247 188 4291 nos
222 4227 352 4292 stetisse
385 4239 539 4310 putarent
571 4229 647 4294 boni
677 4229 743 4294 viri
778 4230 951 4313 quominus
981 4229 1103 4314 aliquid
1153 4237 1239 4305 rant,
1259 4229 1351 4294 cuius
1363 4250 1483 4295 nomen
1495 4239 1574 4294 tunc
1585 4227 1664 4293 adeo
1675 4228 1901 4294 exhorrebant
1936 4229 2125 4298 Valuerunt

126 4313 282 4378 effectum
305 4325 400 4378 esset.
445 4313 585 4380 Factum
607 4323 659 4380 eet
681 4316 1035 4393 senatusconsultum,
1065 4325 1104 4380 ut
1155 4324 1265 4378 tamen
1288 4314 1346 4379 illa
1366 4315 1496 4380 flabella
1526 4312 1568 4378 ad
1595 4314 1816 4380 accendendos
1843 4316 1878 4380 in
1905 4315 2030 4381 rabiem
2053 4339 2122 4382 om·

124 4398 229 4482 legati
252 4397 316 4463 dno
338 4419 398 4464 nos
420 4398 461 4464 ad
487 4409 641 4482 quartum
663 4423 765 4485 usque
792 4402 882 4468 urbis
897 4403 937 4482 ¹¹)
961 4401 1103 4484 lapidem
1154 4400 1392 4466 niumanimos.
1425 4401 1654 4468 Decreverunt
1670 4402 1779 4485 potins
1793 4401 2006 4480 moriendum,
2024 4424 2123 4485 quam

125 4483 346 4564 deducerent,
374 4493 453 4552 tunc
472 4487 640 4568 praeirent
662 4487 702 4552 ad
724 4487 864 4552 reditum
888 4487 981 4552 nobis
1003 4485 1102 4553 confi·
1154 4493 1192 4549 ut
1218 4483 1260 4549 ad
1286 4485 1486 4551 reddendam
1514 4486 1673 4550 rationem
1707 4483 1906 4551 audiremur.
1957 4489 2122 4554 Articuloe

1154 4569 1283 4653 quidam
1305 4571 1483 4636 attulerant
1503 4571 1612 4656 legati,
1635 4572 1693 4636 sed
1714 4593 1788 4636 oum
1812 4571 1874 4638 hoc
1894 4571 2057 4652 mandato,
2079 4594 2122 4638 ne

1153 4667 1229 4721 ante
1246 4657 1287 4721 ad
1298 4658 1456 4740 populum
1467 4657 1713 4741 promulgarent
1729 4677 1827 4740 quam
1845 4658 1907 4741 ipsi
1925 4658 2121 4738 adessemus,

124 4641 333 4651 -„-.-„——---.

231 4721 263 4784 8)
284 4721 401 4784 aaran,
420 4723 474 4778 IV.
491 4721 544 4778 tta
560 4739 595 4779 ce.

145 4865 150 4874 ·
232 4790 262 4856 9)
282 4791 479 4847 uaesana·
490 4801 569 4862 pato,
587 4809 651 4848 aem
666 4793 760 4848 lbriei
775 4793 885 4848 Beraoe
901 4795 1004 4863 aqam
1018 4812 1100 4864 prce·

121 4861 213 5012 Q
231 4877 287 4994 llll
298 4861 502 4984 immensae
524 4928 648 4996 (Gumatl
664 4929 925 4994 aeweredesie).
965 4931 1003 4986 fl.
1026 4933 1098 4986 dioe-
1253 4931 1353 5055 1³62&
1368 4931 1763 5055 '‘flgd'lfflmfal‘i'llmmw
1781 4939 1806 4987 et
1823 4933 1937 5014 spectris
1954 4931 2121 5056 laditrreg

140 5139 147 5150 ·
209 5037 215 5050 ⁸
232 5064 280 5148 11)
298 5065 398 5120 manet
415 5067 519 5121 aaddia
535 5067 669 5148 ministres
689 5075 787 5150 daea
809 5074 841 5150 at
859 5067 964 5134 fatum
981 5076 1040 5124 erat
1057 5085 1099 5124 eo·
1150 5003 1246 5129 23:er
1260 5015 1497 5138 lamentian
1508 5007 1906 5150 eelielbdeenoe'delomlmm„
1914 5015 2121 5134 “magati

121 5139 181 5192 ¹¹⁸⁸
197 5139 424 5268 'falmia
435 5136 896 5286 fflfflmmili
914 5207 952 5263 r.
971 5206 1030 5261 ιιι.
1048 5206 1100 5262 ιιι
1149 5209 1176 5264 ι.
1194 5207 1236 5264 ae.
1253 5137 1485 5275 iilag‘sslislfm
1499 5139 1565 5192 ’Μ
1582 5135 1727 5194 ‘mmm'
1744 5135 1788 5192 ἢ
1808 5136 1827 5191 ⁹
1846 5137 1947 5201 '⁸⁰⁸⁸'
1966 5153 1996 5191 '³
2014 5145 2119 5207 'm'

120 5283 150 5330 ct
168 5288 242 5344 qaae
257 5273 298 5326 rba
315 5277 515 5328 omnemne.
1254 5275 1298 5344 lb)
1315 5275 1377 5330 Art.
1395 5275 1430 5329 11.
1448 5280 1474 5331 et
1489 5275 1540 5331 IX.

121 4999 207 5054 casira
