4782 6010
282 350 447 445 xxxin
1165 346 1435 415 nemronsn.

285 541 395 608 retiae
417 541 510 624 quasi
531 547 682 607 centrum
705 543 790 617 erat,
820 559 884 621 qno
912 559 979 605 non
1007 535 1111 604 solum
1134 535 1317 603 vicinorum
1338 545 1372 601 et
1393 535 1554 601 sociorum
1576 557 1629 601 res
1650 540 1905 622 emergebant,
1935 543 2094 621 qnatenus
2117 535 2278 602 eommnni

288 651 424 717 oonsilio
446 651 634 718 tractandae
656 655 765 728 erant,
793 669 909 721 rerum
937 649 1037 714 etiam
1065 653 1271 727 exterorum,
1300 648 1443 712 maxime
1465 647 1725 716 Germanorum:
1754 647 1957 732 habebatque
1986 669 2082 714 suum
2105 647 2279 712 antistitem

287 761 473 829 Henrieum
499 755 729 846 Bullingerum
756 760 865 826 virum
886 759 1203 842 praestantissimum
1231 765 1265 822 st
1292 758 1568 844 impigerrimum,
1596 780 1695 842 quem
1721 759 1855 844 plurimi
1877 759 2027 843 'undique
2053 765 2217 824 terrarum
2243 755 2280 822 eb

289 871 494 958 diligentiam
515 871 787 958 prudentiamque
806 872 992 938 consultum
1014 870 1105 936 adire
1127 880 1372 939 consueverant.
1403 870 1487 935 Eius
1505 890 1583 954 ergo
1604 871 1812 954 potissimum
1830 880 1864 937 et
1880 869 2079 955 collegarum
2096 867 2280 948 industriae,

289 991 387 1068 atque
409 986 507 1051 etiam
530 983 696 1050 autoritati
717 982 930 1067 magistratus
951 981 1102 1062 civitatis,
1125 982 1286 1047 immensa
1307 981 1475 1066 congeries
1496 981 1708 1065 epistolarum
1733 981 1870 1048 debetur
1893 983 1929 1047 in
1955 980 2012 1047 illa
2034 980 2115 1046 urbe
2137 979 2282 1046 adhunc

290 1093 377 1161 diem
399 1103 656 1173 asservatarum,
688 1113 771 1176 quae
793 1103 926 1178 patrum
948 1093 1123 1158 memoriae
1145 1100 1242 1176 atque
1264 1092 1386 1177 gloriae
1408 1093 1550 1159 curiosos
1573 1100 1606 1159 et
1626 1092 1756 1160 allicere
1778 1101 1811 1160 et
1832 1101 1955 1159 terrere
1977 1092 2096 1160 valent.
2142 1090 2194 1156 De
2216 1090 2283 1173 qui·

288 1203 351 1271 bue
373 1228 460 1273 nune
482 1215 639 1290 qnantum
661 1203 813 1288 expediet
834 1203 1011 1283 trademus,
1034 1203 1132 1290 plura
1152 1203 1355 1288 proponendi
1374 1205 1479 1271 elfieie
1498 1203 1570 1269 aliis
1592 1203 1715 1270 relicto.

443 1317 644 1401 Incipiemus
673 1321 783 1382 autem
812 1317 853 1382 ab
875 1337 913 1380 ea
942 1315 1132 1382 collectione
1153 1335 1237 1399 quae
1266 1315 1395 1398 quidem
1425 1316 1571 1381 omnium
1594 1315 1820 1382 recentissima
1839 1324 1890 1381 ost
1911 1321 1945 1381 et
1965 1313 2155 1381 authentica
2176 1333 2284 1378 exem-

288 1427 396 1512 plaria
416 1429 484 1493 lere
506 1427 599 1493 nulla
620 1427 781 1506 continet,
808 1449 906 1512 quam
933 1435 1045 1492 tamen
1073 1426 1139 1493 viri
1166 1425 1251 1493 docti
1278 1427 1407 1509 saepius
1437 1427 1540 1493 solam
1567 1427 1836 1510 exploraverunt,
1866 1433 1978 1511 utpote
1998 1423 2285 1509 locupletissimam

288 1537 440 1622 lectuque
461 1538 666 1618 facillimam,
694 1546 727 1604 et
754 1560 838 1622 quae
858 1538 952 1604 nobis
973 1559 1117 1622 queque,
1148 1539 1208 1603 etsi
1237 1537 1301 1604 alia
1323 1537 1363 1602 de
1385 1559 1492 1618 causa,
1518 1537 1693 1604 utilissima
1713 1538 1784 1603 fuit.
1828 1537 1901 1605 Hoc
1923 1546 1974 1604 est
1994 1535 2234 1621 amplissimum
2255 1541 2286 1600 et

289 1649 538 1717 celeberrimum
565 1649 612 1714 Io.
635 1649 702 1716 Iac.
725 1647 858 1716 Simleri
887 1671 984 1732 opus,
1013 1649 1159 1734 theologi
1186 1649 1389 1728 Turicensis,
1424 1651 1479 1732 qui
1507 1669 1573 1715 non
1599 1649 1753 1734 ignobilis
1781 1649 1869 1714 inter
1896 1669 1973 1714 suos
2001 1647 2144 1714 neminis
2172 1646 2285 1712 haeres

286 1761 417 1828 eaeeulo
445 1761 612 1844 superiore
640 1767 847 1844 quotcunque
876 1767 1005 1845 poterat
1035 1759 1153 1826 decimi
1180 1760 1266 1826 sexti
1294 1759 1447 1844 epistolas
1463 1749 1530 1826 'vel
1559 1760 1631 1844 ipse
1653 1759 1825 1844 descripsit
1846 1759 1899 1826 vel
1923 1781 1982 1844 per
2003 1758 2085 1824 alios
2108 1757 2284 1840 descriptas

289 1872 352 1938 sibi
373 1873 585 1955 comparavit,
607 1891 726 1955 easque
744 1871 924 1939 seeundum
941 1871 1090 1937 ordinem
1108 1880 1292 1955 temporum
1310 1871 1484 1954 dispositas
1501 1873 1538 1936 in
1556 1871 1695 1938 ducenta
1711 1873 1779 1937 fere
1797 1871 1966 1938 volumina
1983 1870 2147 1936 maximae
2165 1869 2285 1934 formae

289 1983 426 2068 redegit,
449 1983 562 2048 multis
587 1983 753 2066 doetisquo
771 1983 1035 2050 annotationibus
1060 1983 1296 2068 marginalibus
1318 1992 1513 2067 argumento
1537 1982 1744 2067 singularum
1762 1983 1883 2066 passim
1904 1982 2069 2048 illustrato
2091 1989 2124 2046 st
2145 1979 2284 2045 indicato

289 2095 380 2160 fonte
402 2092 489 2161 unde
512 2095 666 2178 repetitas
689 2107 866 2179 acceperat.
911 2093 1019 2176 Quem
1042 2093 1233 2160 thesaurum
1255 2115 1358 2178 quum
1385 2096 1451 2159 iam
1480 2102 1578 2160 antea
1603 2095 1690 2160 inter
1717 2093 1796 2160 alios
1818 2093 1946 2160 labores
1968 2090 2072 2158 fidum
2093 2101 2127 2158 et
2149 2089 2285 2158 divitem

290 2227 531 2291 cognossemus,
555 2205 663 2271 denuo
686 2215 782 2289 atque
805 2208 903 2272 etiam
925 2207 1048 2271 maiore
1070 2227 1145 2272 oum
1168 2203 1340 2271 sedulitate
1362 2227 1399 2271 eo
1421 2205 1472 2270 uti
1494 2203 1706 2285 decrevimus,
1729 2205 1824 2272 simul
1848 2225 1886 2272 ae
1903 2206 2010 2290 prima
2031 2203 2286 2271 riesGenevam

290 2317 421 2384 advecti
443 2317 686 2383 incumbentem
714 2315 760 2382 ibi
790 2317 882 2383 nobis
904 2317 1022 2382 molem
1044 2324 1211 2400 stupentes
1239 2319 1484 2402 mnspeximus,
1514 2317 1677 2400 adquam
1706 2316 1928 2400 occupandam
1956 2317 2101 2400 plurium
2123 2333 2285 2379 annorum

290 2430 433 2512 epatium
455 2431 514 2492 vix
533 2429 681 2494 sufficere
703 2447 798 2512 posse
821 2427 1020 2495 videbamus.
1053 2427 1168 2512 Itaque
1189 2429 1297 2494 virum
1319 2429 1596 2508 honestissimum,
1618 2427 1834 2494 bibliothecae
1851 2429 1972 2494 civicae
1984 2427 2171 2492 Turieensis
2193 2444 2286 2508 prae·

290 2540 411 2606 fectum
433 2547 647 2623 nostrumque
675 2540 834 2624 optimum
856 2540 1032 2619 fautorem,
1061 2541 1104 2606 D.
1127 2540 1282 2606 Iacobum
1303 2540 1502 2619 Homerum,
1529 2547 1564 2605 et
1584 2560 1643 2622 per
1664 2561 1739 2604 eum
1762 2539 1850 2623 ipsos
1869 2539 2012 2605 civitatis
2034 2537 2185 2604 eonsules
2206 2534 2285 2601 adii·

290 2672 381 2730 mus,
410 2658 563 2735 rogantes
591 2659 629 2716 ut
651 2649 850 2718 Simleriana
878 2649 1048 2717 volumina
1074 2651 1168 2716 nobis
1193 2673 1254 2736 per
1282 2652 1370 2718 viees
1391 2653 1650 2736 Argentoratum
1678 2652 1904 2732 mitterentur,
1934 2671 1999 2735 qno
2020 2646 2231 2728 commodius,
2254 2652 2287 2712 et
2387 2729 2388 2734 ἵ

289 2762 473 2830 minoribus
493 2763 649 2846 impensis
671 2784 769 2846 quam
790 2761 819 2828 si
840 2782 942 2846 usque
963 2763 997 2828 in
1020 2761 1210 2830 diversoriis
1231 2763 1370 2847 publicis
1388 2763 1502 2830 vivere
1523 2762 1728 2846 oportuisset,
1751 2783 1834 2846 quas
1854 2769 1967 2828 nostra
1988 2763 2150 2828 referrent
2167 2757 2286 2826 deseri-

289 2873 458 2954 heremus,
488 2873 651 2958 descripta
672 2880 784 2958 postea
805 2873 933 2940 facilins
956 2881 989 2940 et
1011 2874 1148 2940 celerius
1169 2895 1244 2941 eum
1263 2875 1344 2958 ipsis
1365 2875 1585 2959 autographis,
1608 2895 1668 2939 suo
1690 2893 1838 2958 quaeque
1859 2873 1931 2941 loeo
1953 2873 2187 2940 conferremus.
2230 2869 2285 2936 Sic
2387 2899 2388 2970 ι

289 2987 412 3054 sensim
434 2987 643 3072 septuaginta
665 3007 723 3052 sex
744 2984 913 3053 volumina
934 2986 1146 3066 excussimus,
1169 3007 1286 3070 nempe
1303 3006 1323 3050 a
1340 2986 1508 3070 trigesimo
1526 2987 1640 3070 quinto
1658 2984 1700 3050 ad
1717 2987 1933 3052 eentssimum
1950 2983 2123 3062 decimum,
2147 2989 2181 3048 et
2197 2981 2286 3048 horis
2387 2971 2388 2974 '

290 3097 471 3164 subsecivis
493 3097 652 3181 plurimas
674 3095 810 3163 schedas
831 3105 962 3164 nostras
983 3097 1134 3178 fecimus,
1164 3097 1281 3180 quibus
1306 3097 1426 3181 alioqui
1454 3098 1575 3182 partim
1601 3099 1643 3164 eb
1672 3097 1823 3165 lectionis
1850 3095 2074 3163 difficultatem
2102 3093 2225 3177 partim
2247 3091 2286 3159 oh
2387 3115 2388 3160 i

289 3208 444 3276 breviora
465 3229 547 3292 quae
568 3210 605 3274 in
623 3208 765 3276 archivis
788 3215 821 3274 et
842 3207 1046 3276 bibliothecis
1069 3208 1136 3274 otia
1157 3208 1280 3274 exteris
1301 3207 1533 3289 conceduntur,
1563 3209 1666 3276 multo
1690 3209 1797 3276 maius
1818 3208 1974 3292 temporis
1996 3206 2137 3291 spatium
2160 3206 2287 3289 impen-

291 3319 369 3388 dere
391 3342 474 3405 opus
493 3321 619 3402 fuisset,
642 3341 739 3406 quam
760 3319 846 3405 quod
867 3320 998 3388 collatio
1019 3319 1078 3386 illa
1099 3321 1211 3387 critica
1231 3329 1264 3386 ot
1286 3341 1354 3386 non
1376 3342 1449 3388 raro
1471 3322 1656 3388 necessaris
1678 3321 1797 3405 exegit
1831 3318 1993 3386 Simlerus
2015 3319 2113 3398 enim,
2136 3317 2190 3384 eui
2212 3337 2286 3382 suas

234 3473 240 3487 ·
290 3432 405 3500 laudes
427 3453 634 3517 nequaquam
656 3432 817 3516 denegare
839 3432 1002 3511 volumus,
1024 3432 1092 3497 sere
1114 3433 1150 3496 in
1171 3432 1212 3497 iis
1232 3439 1363 3498 tantum
1384 3435 1491 3516 operis
1513 3433 1563 3499 sui
1580 3431 1727 3516 partibus
1746 3432 1852 3497 iustae
1872 3430 1959 3496 dooti
1976 3428 2093 3496 iudicis
2109 3427 2176 3513 legi
2193 3429 2287 3494 satis·

289 3543 407 3611 fecisse
427 3544 566 3624 videtur,
589 3545 625 3608 in
646 3543 764 3627 quibus
785 3541 828 3607 ad
848 3544 941 3610 urbis
962 3551 995 3608 et
1015 3543 1169 3610 eeclesiae
1197 3544 1321 3629 patriae
1348 3544 1508 3610 tabularia
1537 3543 1774 3611 recurrendum
1796 3551 1876 3610 erat
1918 3543 1960 3608 In
1988 3543 2041 3610 his
2069 3543 2174 3622 enim,
2202 3543 2287 3608 sieut

290 3656 391 3722 etiam
413 3657 448 3720 in
470 3653 741 3740 sangallensibus
767 3655 860 3721 libris
888 3654 1083 3734 tractandis,
1112 3675 1241 3721 summa
1268 3677 1348 3722 eura
1376 3664 1410 3721 et
1431 3655 1601 3740 diligentia
1622 3676 1721 3722 mum
1744 3653 2033 3738 deprehendimus,
2061 3674 2130 3721 non
2150 3656 2233 3720 item
2253 3654 2287 3717 in

290 3767 430 3834 caeteris
460 3787 543 3850 quae
571 3765 702 3832 aliunde
730 3774 825 3832 erant
854 3766 1059 3851 repetendae.
1104 3764 1162 3834 Sic
1184 3767 1430 3834 Genevensium
1457 3765 1603 3834 codicum
1632 3767 1721 3849 (tum
1742 3766 1912 3849 temporis,
1943 3773 1981 3830 ut
2000 3765 2141 3845 videtur,
2165 3765 2287 3830 exteris

292 3877 544 3964 denegatorum)
576 3899 618 3942 ne
645 3899 750 3944 unum
778 3877 910 3962 quidem
930 3878 1090 3961 inspexit,
1120 3899 1224 3962 neque
1251 3879 1324 3944 aliis
1351 3877 1593 3962 inspiciendum
1615 3877 1842 3956 demandavit,
1871 3876 1929 3943 sed
1957 3877 2038 3944 satis
2066 3877 2186 3944 habuit
2207 3877 2287 3943 Ber·

292 3989 410 4056 nensis
437 3990 640 4074 apographa,
670 3997 820 4074 suspeeu
846 3989 903 4056 illa
933 3997 967 4055 st
995 4011 1062 4055 non
1088 4009 1218 4074 semper
1245 4012 1263 4055 e
1291 3991 1456 4074 primariis
1482 3990 1628 4056 fontibus
1653 3988 1799 4056 derivata
1827 3990 1944 4054 iterum
1973 4009 2048 4056 eum
2070 3987 2139 4054 suis
2161 3987 2288 4054 mendis

293 4099 484 4168 describere.
529 4101 639 4168 Etiam
658 4101 899 4168 Neecemenses
921 4123 988 4168 non
1008 4103 1079 4186 ipse
1102 4103 1264 4180 tractavit,
1287 4101 1345 4168 sed
1366 4123 1408 4168 ex
1430 4101 1559 4169 schedis
1579 4099 1744 4180 Ruchatii,
1768 4100 2000 4184 spectatissimi
2020 4119 2099 4168 eane
2120 4100 2287 4184 scriptoris

293 4211 352 4277 sed
373 4219 481 4277 tamen
503 4211 696 4292 secundarii,
718 4211 827 4279 hausit
848 4235 932 4297 quae
953 4214 1083 4280 axillis
1105 4212 1297 4298 deprompta
1318 4214 1447 4297 recepit.
1491 4212 1640 4280 Plurima
1662 4213 1761 4277 etiam
1790 4213 1931 4278 averiis
1958 4213 2072 4278 amieis
2093 4210 2156 4277 eibi
2178 4212 2286 4290 missa,

294 4329 352 4388 aut
373 4322 414 4388 ab
436 4323 688 4391 amanuensibus
708 4333 831 4408 parata,
854 4346 956 4409 quum
978 4327 1048 4410 ipse
1068 4325 1290 4410 recognitione
1311 4325 1464 4392 instituta
1485 4321 1621 4408 probare
1643 4344 1710 4389 non
1732 4323 1884 4407 potuerit,
1913 4321 2012 4388 dubia
2031 4335 2167 4388 manent
2189 4343 2289 4407 quan·

294 4454 394 4518 quam
416 4456 458 4498 ex
479 4435 593 4517 priscis
615 4436 857 4520 exemplaribus
887 4437 1044 4504 derivata.
1091 4435 1265 4503 anterum
1287 4435 1469 4502 notandum
1489 4443 1549 4516 est,
1573 4436 1768 4502 Turieensss
1795 4434 1921 4502 eodiees
1950 4454 2064 4500 omnes
2089 4435 2127 4498 in
2149 4443 2288 4518 utraque

291 4545 456 4612 tabulario
477 4545 611 4612 Simleri
633 4553 739 4613 aetate
767 4548 840 4614 aliis
868 4549 960 4634 siglis
981 4549 1157 4634 insignitos
1177 4547 1279 4613 luisse
1306 4569 1403 4630 quam
1425 4546 1542 4632 quibus
1565 4545 1662 4613 hedis
1691 4545 1915 4632 designantur,
1938 4545 1986 4610 ita
2007 4553 2045 4611 ut
2066 4565 2137 4624 nos,
2159 4566 2205 4610 ne
2227 4563 2288 4628 qna

291 4657 440 4724 confusio
461 4657 594 4738 oriatur,
617 4658 737 4741 duplici
758 4659 855 4726 modo
877 4660 1028 4726 definitos
1050 4659 1193 4757 allegare
1214 4660 1487 4726 constituerimus.

447 4769 593 4834 Exstant
618 4777 787 4852 praeterea
812 4771 848 4834 in
875 4771 989 4838 eadem
1016 4771 1212 4839 bibliotheca
1238 4771 1341 4838 eiviea
1368 4771 1498 4836 circiter
1526 4770 1764 4854 qninquaginta
1792 4769 1858 4834 alia
1884 4768 2068 4849 volumina,
2099 4777 2166 4834 tam
2197 4775 2288 4834 auto·

293 4879 497 4965 graphorum
524 4901 622 4963 quam
649 4881 868 4948 recentiorum
896 4883 1148 4968 exemplarium,
1184 4903 1266 4966 quae
1295 4881 1382 4966 apud
1409 4879 1588 4948 Simlerum
1615 4883 1807 4967 plerumque
1835 4881 1895 4947 sub
1923 4882 2055 4947 nomine
2083 4879 2289 4948 celeberrimi

292 4991 377 5057 lu.
391 4992 581 5076 Hottingsri
604 4993 752 5070 veniunt,
774 4993 842 5058 suis
864 4994 1003 5077 propriis
1024 4995 1171 5061 numeris
1192 4994 1390 5079 peculiarem
1411 4995 1530 5060 seriem
1551 4993 1793 5073 constituentia,
1815 5015 1903 5059 nune
1926 5013 2003 5059 vero
2025 4993 2112 5058 inter
2128 4993 2289 5076 plurimos

294 5099 376 5168 alios
398 5123 499 5168 manu
521 5103 658 5186 scriptos
685 5101 811 5170 codices
839 5103 970 5189 sigloF
999 5112 1076 5175 tom.
1100 5111 1139 5172 36
1162 5114 1196 5173 et
1217 5127 1303 5191 seqq.
1326 5113 1448 5173 notata.
1492 5107 1535 5171 In
1562 5105 1616 5172 his
1642 5107 1704 5172 etsi
1732 5106 1840 5171 rarius
1868 5105 1903 5170 in
1932 5103 2086 5189 epistolas
2113 5105 2289 5170 incidimus

292 5212 348 5280 vel
368 5213 446 5278 alibi
467 5235 534 5280 nen
557 5223 712 5300 repertas,
735 5215 790 5280 vel
812 5215 912 5281 etiam
933 5219 1066 5285 omnino
1089 5217 1130 5285 ad
1152 5227 1281 5286 nostras
1300 5240 1353 5285 res
1373 5219 1585 5302 pertinentes,
1608 5225 1703 5283 erant
1724 5226 1834 5282 tamen
1856 5215 2007 5282 nonnulli
2028 5217 2107 5282 tomi
2129 5215 2207 5282 aliis
2229 5217 2287 5282 hec
