4852 6022
278 341 343 405 415
1098 325 1360 394 EPISTOLAE
1386 330 1444 392 193
2209 325 2274 388 416·

278 525 387 591 berius
405 521 594 606 protulerat,
617 517 850 602 quodrlnloaio
863 519 903 593 ¹⁶)
926 515 1049 581 amicus
1067 513 1162 581 nobis
1180 537 1246 580 non
1299 527 1385 580 esset
1417 536 1493 581 eum
1525 515 1680 581 iratribus
1718 514 1925 590 conciliatus,
1965 514 2091 579 animos
2124 514 2270 578 omnium

277 607 445 674 indicarat.
489 606 627 688 Recepit
654 625 689 668 se
719 609 867 668 acturum
897 623 970 667 cum
995 600 1108 667 Gemite
1122 603 1162 684 ¹⁷)
1192 603 1247 684 qui
1299 601 1500 666 abalienaret
1528 621 1677 684 prorsus,
1711 599 1840 683 plebem
1872 621 1997 683 quoque
2030 599 2116 663 male
2146 599 2181 662 in
2212 599 2270 664 boe

278 695 348 778 agit
370 693 601 768 Grandissoni,
631 711 729 773 super
756 689 796 754 iis
819 688 956 771 quaein
979 707 1038 751 nos
1061 695 1112 751 est
1131 686 1247 770 loquu-
1299 685 1493 765 aedificaret,
1516 685 1752 770 diligenterque
1771 687 1965 762 hortaretur,
1987 692 2025 749 ut
2042 684 2124 749 nihil
2141 705 2217 749 eum
2235 707 2271 751 ec

278 789 342 844 tus.
388 777 525 862 Cogitur
552 776 695 859 migrare
724 797 766 838 ex
794 771 915 838 ditione
941 771 1157 856 Vellangina,
1193 773 1246 836 in·
1297 771 1433 837 baberet
1459 793 1639 837 commune.
1685 771 1859 856 Quumque
1886 770 2044 836 indicaret
2067 769 2201 836 Carolus
2221 793 2270 836 se-

279 863 377 948 digne
399 865 523 929 ferente
545 861 664 944 populo
690 859 775 944 quod
803 880 878 924 eum
900 859 1024 923 ferrent
1045 879 1141 941 quem
1163 857 1246 922 Ber·
1298 879 1373 923 cum
1395 859 1615 940 profecturum
1627 857 1800 935 Basileam,
1823 855 1920 921 valde
1941 856 1975 921 id
1997 857 2199 938 improbavit
2216 855 2270 924 de-

279 959 373 1015 nates
407 971 474 1014 non
506 956 704 1031 paterentur.
759 945 885 1010 Omnes
917 965 1044 1026 quoque
1078 943 1246 1009 ministros
1298 964 1414 1022 canus,
1444 963 1481 1009 ao
1504 943 1655 1025 queritur
1682 942 1722 1008 de
1753 953 1863 1025 aperto
1885 940 2069 1008 mendacio:
2100 963 2269 1024 nunquam

280 1035 479 1101 damnabant
496 1031 581 1116 quod
601 1033 637 1095 in
659 1030 792 1096 aedibus
811 1037 923 1114 ageret
940 1029 1088 1094 ministri.
1123 1029 1247 1094 Abiens
1298 1028 1386 1094 enim
1408 1029 1580 1106 consensit,
1610 1029 1666 1092 sed
1690 1029 1840 1094 dissuasit
1860 1049 1958 1112 quam
1981 1028 2141 1105 maxime,
2174 1026 2269 1112 idque

279 1121 412 1187 secessit
429 1121 462 1185 in
488 1120 594 1184 locum
616 1119 651 1182 in
675 1137 771 1200 quem
793 1124 1020 1180 convenerunt
1042 1114 1246 1198 Malinqrius,
1298 1135 1427 1197 semper
1460 1122 1629 1197 praesento
1653 1113 1780 1180 Falacre.
1831 1113 1953 1180 Socero
1982 1113 2093 1179 Caroli
2120 1113 2197 1178 dedi
2230 1114 2270 1178 ad

278 1205 324 1272 Io.
350 1205 469 1286 Come,
497 1225 538 1269 an
568 1203 625 1267 elii
654 1223 721 1267 non
750 1203 828 1266 satis
858 1211 962 1265 teneo.
1009 1199 1096 1282 Quid
1119 1202 1246 1284 egerint
1302 1200 1482 1282 Gryrraeum
1503 1200 1624 1274 literas,
1654 1215 1690 1263 ut
1711 1201 1803 1282 prius
1826 1201 2002 1282 scripserat
2022 1207 2213 1263 curaturum
2235 1221 2270 1264 se

278 1293 341 1374 ipsi
363 1299 492 1356 norunt.
536 1289 609 1355 Hoc
631 1289 758 1365 seimus,
782 1309 840 1352 nos
858 1285 941 1350 nibil
964 1287 1113 1362 sensisse,
1137 1295 1246 1350 actum
1298 1285 1516 1350 conditionem
1541 1285 1662 1364 Cereio,
1690 1288 1736 1351 sie
1759 1297 1888 1351 curaret
1909 1293 1947 1350 ut
1968 1286 2129 1350 contineri
2151 1295 2267 1373 posset,

278 1377 379 1442 fuisse
401 1376 440 1442 de
461 1377 501 1441 iis
523 1395 605 1457 quae
627 1373 827 1458 promiserat.
872 1373 957 1436 Nam
984 1369 1024 1436 de
1046 1371 1246 1436 conciliando
1299 1393 1358 1436 nec
1381 1372 1444 1436 nisi
1467 1393 1526 1436 sua
1548 1371 1644 1452 eulpa
1666 1373 1795 1453 periret,
1826 1371 1920 1437 uobis
1942 1391 2001 1454 pro
2024 1371 2149 1436 viribus
2172 1371 2269 1436 saluti

279 1484 316 1528 eo
344 1463 400 1546 qui
427 1483 485 1526 nos
513 1461 607 1525 laesit
628 1459 752 1541 inique,
779 1457 862 1522 nibil
891 1457 1104 1542 intelligimus
1126 1464 1246 1522 tracta·
1297 1457 1399 1535 ipsius
1421 1456 1675 1522 consulentibus.
1709 1459 1755 1522 Ac
1772 1479 1838 1520 non
1856 1457 2067 1539 scripsissem,
2092 1456 2269 1522 siAleaoa·

278 1555 349 1613 tum
370 1547 477 1614 fuisse.
522 1545 869 1622 Novumforteesset,
892 1545 1006 1626 utqui
1028 1541 1245 1607 turbessem·
1297 1543 1391 1607 drum
1411 1542 1645 1608 intellexissem
1673 1563 1748 1608 cum
1770 1563 1808 1606 eo
1830 1544 2020 1626 profectum.
2065 1543 2163 1608 Nunc
2186 1543 2269 1626 quod

277 1653 336 1717 per
357 1642 463 1698 motas
485 1631 697 1709 studuerunt,
725 1628 931 1712 pacificandis
953 1630 1052 1694 rebus
1079 1629 1245 1693 incumbe-
1299 1627 1340 1691 ed
1363 1629 1524 1694 actionem
1539 1631 1578 1703 ¹⁹)
1608 1629 1725 1693 attinet
1747 1630 1836 1707 istie,
1866 1627 1943 1712 quid
1971 1628 2079 1694 dicam
2102 1629 2268 1694 nonsatis

278 1727 360 1784 rent.
406 1717 664 1794 Hoc'seivimus,
688 1716 827 1780 ossbnsos
849 1715 949 1780 fuisse
970 1713 1104 1796 aliquot:
1135 1713 1246 1778 aedifi·
1298 1713 1409 1780 habeo.
1453 1715 1666 1798 Argentorati
1689 1733 1755 1778 non
1783 1723 1833 1779 est
1854 1723 2038 1797 peecatum,
2067 1713 2147 1780 licet
2169 1713 2204 1777 in
2226 1715 2268 1780 is·

277 1813 387 1870 catum
416 1803 571 1886 aliquem,
605 1801 671 1867 nisi
699 1801 780 1866 forte
815 1823 856 1865 ex
884 1799 1051 1883 colloquiis
1078 1799 1245 1864 nobiscum
1298 1807 1365 1864 tam
1393 1799 1477 1865 sicut
1504 1801 1539 1864 in
1567 1821 1679 1864 omnes
1708 1809 1759 1864 est
1788 1802 1936 1883 graviter
1964 1810 2144 1882 peccatum.
2198 1801 2267 1884 Ego

277 1889 405 1974 publice
426 1889 556 1966 habitis,
578 1887 775 1970 ignoramus.
811 1886 1040 1970 Interrogabat
1062 1885 1165 1951 bonus
1188 1884 1246 1948 ali·
1299 1907 1418 1968 arguor
1440 1885 1525 1968 quod
1548 1886 1697 1968 privatus
1719 1885 1859 1952 occurri:
1880 1886 2021 1949 amicum
2044 1886 2192 1949 animum
2214 1885 2266 1950 ob·

299 1976 349 2040 uis
369 1977 512 2058 inpage,
536 1971 987 2039 ubimissaadhuchabetur
1008 1977 1041 2036 et
1062 1991 1158 2054 quem
1177 1979 1246 2034 tur·
1298 1971 1358 2034 tuli
1393 1993 1430 2036 ac
1463 1971 1627 2053 praestiti,
1663 1970 1719 2036 sed
1752 1971 1843 2036 nullo
1876 1971 2031 2036 ecclesiae
2063 1970 2266 2053 praeiudicio.

277 1997 368 2126 bavit
385 2082 450 2125 non
470 2079 585 2142 parum
596 2059 786 2137 Alexander,
809 2079 851 2121 an
870 2055 969 2123 vellet
986 2057 1179 2133 concionari,
1203 2077 1245 2120 an
1297 2057 1410 2138 Neque
1438 2056 1512 2121 velo
1540 2057 1730 2140 quidquam,
1764 2077 1824 2140 per
1852 2079 1891 2122 ea
1919 2077 2003 2138 quae
2032 2078 2090 2138 per
2116 2077 2170 2120 me
2200 2065 2268 2121 acta

276 2167 410 2230 prorsus
432 2143 608 2210 destiterit:
638 2144 681 2209 ibi
706 2141 836 2208 Carolus
858 2143 1032 2208 artificium
1054 2141 1154 2207 vilius
1176 2162 1245 2206 esse
1296 2143 1444 2216 fuerunt,
1474 2142 1628 2207 decedere
1651 2142 1842 2226 disciplinae
1869 2142 2120 2209 ecclesiastieae:
2156 2163 2268 2208 verum

277 2229 459 2316 respondit,
489 2249 549 2294 neo
574 2231 640 2294 iam
668 2237 797 2311 practer
819 2229 902 2294 ictus
923 2227 1112 2292 baculorum
1134 2247 1246 2310 repor-
1297 2227 1342 2291 ita
1369 2228 1484 2292 confici
1510 2229 1620 2292 omnia
1648 2237 1685 2292 ut
1712 2237 1848 2311 oportet.
1900 2227 2030 2310 Quibus
2057 2228 2206 2294 articulis
2227 2230 2268 2293 sit

277 2317 342 2381 tari
370 2338 411 2381 ex
439 2336 487 2382 eo.
528 2315 684 2381 Graviter
717 2313 771 2378 ille
800 2314 876 2378 tulit
896 2312 981 2396 quod
1014 2313 1060 2378 sic
1091 2312 1157 2377 vile
1186 2311 1245 2377 du·
1297 2319 1503 2391 conventum,
1526 2313 1604 2396 quid
1626 2322 1795 2393 statutum,
1825 2335 1891 2378 non
1918 2315 2006 2379 novi.
2051 2313 2201 2398 Ingenue
2222 2315 2267 2379 fa·

278 2409 365 2467 eeret
395 2401 435 2466 ab
464 2401 537 2466 aliis
565 2399 845 2466 concionatoribus
874 2397 954 2463 adeo
984 2399 1245 2463 commendatum
1297 2407 1376 2477 teor,
1399 2399 1483 2465 velle
1504 2421 1557 2464 me
1578 2407 1681 2464 totam
1705 2401 1865 2464 actionem
1888 2399 2067 2482 pleniorem
2089 2399 2204 2476 fuisse,
2232 2421 2267 2466 ac

277 2487 504 2551 ministerium.
554 2487 686 2552 Mecum
714 2486 899 2562 conferens,
933 2505 1034 2566 quum
1067 2483 1245 2549 indicarem
1298 2483 1467 2550 mendacis
1494 2505 1569 2549 oum
1597 2485 1724 2550 cavillis
1752 2486 1897 2552 discussa
1924 2485 2031 2551 fuisse.
2077 2485 2165 2550 Mihi
2188 2485 2268 2550 nibil

277 2593 375 2656 quam
408 2572 542 2656 indigne
570 2573 687 2636 fierent
717 2569 834 2646 multa,
869 2569 996 2635 dicebat
1028 2591 1063 2634 se
1089 2569 1247 2654 angulum
1298 2590 1426 2654 quaero,
1449 2569 1507 2634 sed
1528 2569 1691 2636 eeclesiae.
1736 2569 1872 2636 Utinam
1902 2570 2080 2635 mesalum
2104 2579 2175 2635 tarn
2197 2593 2267 2656 per·

279 2657 420 2740 aliquem
443 2666 565 2740 optare,
586 2678 646 2723 nec
668 2675 803 2739 magnas
820 2655 1002 2732 cathedras,
1025 2655 1089 2720 nisi
1111 2664 1247 2738 cogatur
1298 2655 1446 2732 didisset,
1481 2675 1580 2738 quam
1607 2657 1669 2720 fuit
1700 2677 1847 2740 unquam
1874 2656 1992 2738 aliquis
2019 2655 2265 2738 perditissimus,

278 2765 394 2809 rursus
416 2743 538 2821 venire,
562 2743 641 2807 satis
659 2741 817 2818 indicans,
839 2741 939 2805 nullis
959 2761 1053 2824 posse
1070 2743 1181 2824 parvis
1198 2747 1246 2804 te·
1297 2741 1394 2824 idque
1415 2742 1497 2806 citra
1518 2739 1671 2807 eeclesiae
1699 2741 1875 2807 laesionem
1898 2741 2013 2820 ullam,
2042 2743 2138 2807 euius
2166 2743 2266 2827 gratia

277 2829 358 2894 neri.
391 2829 464 2913 llgo
485 2827 666 2906 monebam,
689 2835 795 2890 totum
814 2846 885 2892 sese
906 2827 1089 2910 resignaret
1104 2827 1247 2891 Domino
1298 2827 1461 2891 nemiuem
1483 2825 1536 2892 vel
1559 2827 1616 2910 pili
1637 2827 1752 2904 fecero,
1776 2849 1881 2910 neque
1898 2849 1964 2892 non
1982 2829 2117 2892 maximi
2136 2828 2265 2894 duxero.

279 2914 411 2980 acuius
444 2921 527 2978 nutu
555 2910 726 2996 penderet,
755 2932 792 2978 ιο
819 2911 975 2994 quidquid
1002 2912 1100 2977 etiam
1127 2910 1247 2976 durum
1297 2911 1373 2976 Non
1400 2913 1544 2996 poenitet
1569 2933 1622 2977 mc
1644 2913 1825 2978 officiorum
1846 2915 1883 2978 in
1910 2911 2069 2992 Cordum,
2098 2914 2164 2980 nisi
2187 2913 2267 2997 quod

277 3001 470 3066 immitteret
492 2999 654 3064 Dominus
675 2997 708 3062 id
730 2997 843 3076 ferret,
873 3017 1002 3082 semper
1023 2998 1059 3062 in
1077 2997 1141 3064 hoo
1161 3005 1249 3062 esset
1298 3018 1364 3062 non
1386 2998 1481 3081 plura
1503 2998 1732 3081 praestiterim.
1779 2997 1884 3082 (lupia
1905 2998 1940 3063 id
1962 3007 2092 3064 tantum
2117 2999 2267 3082 prodesse

278 3091 317 3150 ut
345 3105 412 3150 non
442 3105 501 3151 sua
530 3081 588 3150 sed
614 3083 749 3149 Domini
775 3083 928 3148 voluutas
956 3083 1058 3148 fieret.
1109 3083 1247 3167 Ingrata
1302 3081 1411 3149 Oarolo
1438 3091 1475 3147 ut
1500 3103 1613 3149 omnes
1641 3085 1752 3149 omnia
1773 3094 1873 3168 agant
1900 3105 1963 3167 quo
1984 3085 2049 3168 ipsi
2078 3093 2268 3152 succurrant

277 3178 350 3237 erat
371 3171 492 3236 cautio:
514 3170 578 3234 alio
601 3169 772 3234 transferri
794 3169 962 3252 oportebat
982 3171 1172 3248 orationem,
1195 3169 1246 3232 ni·
1298 3189 1335 3234 ae
1357 3167 1452 3250 plene
1474 3167 1608 3235 Ohristo
1631 3170 1851 3249 lucrifaciant,
1880 3171 1927 3236 sio
1954 3179 1991 3235 ut
2018 3177 2110 3235 tanto
2140 3179 2267 3255 superet

277 3257 399 3322 mirum
416 3276 451 3321 sa
469 3255 660 3320 adiuvarem
677 3255 807 3338 scriptis
824 3254 866 3319 ad
881 3255 1001 3320 amicos
1019 3275 1117 3320 meos.
1150 3253 1246 3335 Quod
1297 3251 1520 3320 aedificatione
1538 3276 1665 3336 omues,
1694 3263 1816 3340 quanto
1841 3257 1938 3321 ruina
1965 3257 2160 3339 praevaluit.
2204 3255 2268 3323 Sed

278 3363 356 3407 sane
377 3343 447 3408 feei.
500 3341 585 3408 (lum
613 3341 686 3406 aliie
714 3340 925 3424 querebatur,
953 3361 988 3405 se
1016 3339 1142 3405 diutius
1164 3337 1246 3403 deti·
1297 3341 1326 3408 si
1353 3339 1459 3405 officia
1485 3349 1602 3406 nocent
1634 3341 1803 3418 eeclesiae,
1837 3363 1875 3408 ao
1907 3342 1984 3407 inde
2016 3363 2098 3407 ause
2130 3345 2267 3408 sumitur

278 3429 349 3493 neri
367 3429 606 3510 exspectatione
623 3426 736 3511 longa:
760 3426 788 3490 si
806 3447 872 3490 non
890 3425 976 3508 quod
993 3426 1127 3507 optabat
1143 3425 1246 3502 fieret,
1299 3425 1417 3512 agendi
1439 3435 1663 3510 praepostere,
1693 3447 1730 3494 aa
1752 3427 1949 3494 evertendae
1972 3427 2174 3510 disciplinae,
2200 3451 2266 3513 per·

277 3512 367 3580 aliud
389 3513 509 3578 habere
531 3532 566 3577 se
583 3511 668 3595 quod
686 3517 851 3594 sequatur,
874 3509 1025 3575 addebat:
1050 3509 1129 3593 quid
1150 3511 1178 3576 si
1195 3532 1247 3576 re-
1298 3520 1376 3578 cent
1397 3513 1526 3596 sintque
1549 3513 1759 3578 anatbemata
1780 3515 1852 3598 ipss
1874 3514 1984 3578 omnia
2005 3515 2106 3579 etiam
2129 3515 2266 3600 eogimta

278 3599 401 3681 cipiant
428 3619 480 3662 me
508 3597 689 3662 Bernates?
723 3615 807 3680 pago
835 3595 931 3660 alicui
963 3595 1099 3663 obscuro
1129 3599 1247 3682 praefi·
1299 3599 1499 3681 ingratiam
1522 3596 1641 3677 Caroli,
1670 3619 1712 3663 ne
1734 3619 1801 3678 me,
1830 3601 1885 3681 qui
1908 3620 1946 3664 ca
1968 3601 2116 3682 praestiti
2137 3609 2196 3665 aut
2215 3621 2266 3666 ce-

278 3684 375 3762 eiaut,
398 3683 618 3748 numerabunt
636 3682 789 3747 ducentos
807 3683 955 3746 florenos.
989 3681 1062 3748 Hoc
1085 3703 1163 3748 sane
1180 3703 1247 3747 non
1299 3683 1410 3768 gitavi,
1433 3683 1547 3749 dicam.
1583 3681 1754 3766 Siquidem
1772 3685 1857 3749 malo
1879 3686 2057 3750 anathema
2078 3707 2150 3751 esse
2172 3707 2267 3770 quam

278 3777 328 3835 est
349 3775 387 3834 ut
408 3769 481 3852 quis
501 3789 635 3832 manum
658 3767 781 3832 calamo
799 3766 977 3833 admoveat.
1021 3767 1089 3834 Ubi
1112 3789 1247 3852 exspeo-
1299 3769 1452 3834 ecclesiae
1495 3767 1622 3835 Obristi
1658 3769 1905 3836 incommodare.
1962 3773 2120 3837 Astemus
2159 3793 2267 3837 omnes

278 3861 406 3920 taturus
434 3853 602 3921 consulem
631 3851 887 3919 Waltevillensem
901 3855 941 3928 18)
970 3853 1011 3918 ad
1036 3853 1191 3919 Fatorum
1213 3875 1248 3920 se
1304 3855 1430 3932 carce,
1459 3855 1652 3920 adiuvemus
1674 3856 1773 3920 etiam
1795 3877 1894 3938 supra
1915 3856 2020 3934 vires,
2051 3879 2119 3922 non
2140 3867 2266 3923 tantum

279 3941 424 4018 eontulit,
448 3940 531 4006 bone
553 3939 655 4016 Deus,
679 3938 756 4021 quid
779 3939 878 4003 refert
900 3939 973 4020 pius
995 3939 1110 4024 frater}
1155 3939 1247 4004 Nihil
1298 3961 1358 4024 pro
1375 3939 1509 4005 viribus.
1543 3939 1635 4005 Nihil
1653 3941 1875 4024 relinquamus
1897 3942 2106 4020 intentatum,
2130 3953 2168 4007 ut
2188 3944 2266 4010 bene

278 4044 410 4105 prorsus
421 4025 556 4102 Christi,
575 4024 659 4090 solas
677 4025 845 4108 gloriasse
863 4045 965 4090 vanas
984 4025 1116 4090 omnino
1133 4047 1248 4108 quaes·
1299 4047 1484 4091 mereamur
1505 4024 1544 4091 de
1565 4027 1829 4092 immeritissimo.
1863 4027 1950 4092 Eum
1967 4029 2057 4094 intra
2073 4029 2147 4112 ipsa
2165 4039 2265 4114 geste·

280 4108 399 4174 tiones:
433 4131 493 4176 uec
513 4111 619 4193 potuit
640 4131 784 4193 unquam
806 4107 918 4174 audire
941 4109 1082 4192 aliquid,
1112 4112 1175 4175 nisi
1198 4132 1248 4176 se-
1300 4133 1373 4176 mus
1396 4112 1529 4189 viscera,
1552 4113 1657 4195 sitque
1680 4133 1775 4196 quam
1793 4112 1994 4192 carissimus;
2018 4115 2074 4179 sed
2096 4115 2180 4180 fiant
2201 4137 2264 4180 om·

280 4191 345 4258 mel
366 4193 423 4259 ubi
445 4195 554 4280 adegit
573 4198 681 4280 ipsum
709 4202 782 4278 post
801 4195 968 4277 prolixum
989 4195 1185 4278 colloquium
1207 4195 1250 4262 ad
1300 4198 1356 4261 nia
1377 4197 1423 4263 sie
1444 4207 1483 4262 ut
1503 4197 1657 4263 eeclesiae
1686 4199 1778 4263 nulla
1799 4199 1925 4264 ratione
1947 4200 2038 4266 obsit.
2082 4199 2193 4266 Intret
2213 4221 2264 4283 per

280 4277 403 4362 gratias
428 4281 584 4363 agendas:
608 4293 686 4346 tune
708 4291 836 4346 tantum
859 4301 929 4346 sese
952 4281 1177 4347 commendare
1200 4283 1248 4347 vi·
1301 4283 1430 4362 ostium,
1454 4283 1601 4349 aedificet
1626 4285 1804 4368 ingressus.
1856 4283 2001 4349 Demum
2024 4295 2176 4352 accurate
2196 4307 2262 4370 pro-

281 4383 337 4430 sus
359 4371 409 4427 est
429 4363 580 4432 Domino.
627 4367 831 4432 Gravissima
859 4366 967 4450 ipsum
995 4366 1035 4432 de
1057 4368 1170 4433 multis
1192 4367 1249 4433 ad·
1300 4368 1411 4449 betur,
1441 4389 1478 4433 ac
1500 4367 1570 4448 diu,
1599 4391 1659 4434 nec
1686 4369 1751 4435 nisi
1778 4370 1970 4454 longissima
1996 4393 2033 4436 ac
2063 4373 2264 4438 exactissima

280 4448 409 4514 monuit
430 4447 645 4532 Barbaricas,
678 4461 798 4516 taxans
830 4453 952 4532 multa,
986 4453 1044 4518 sed
1076 4453 1249 4536 praecipue
1301 4454 1525 4538 exploratione
1554 4455 1755 4538 provinciam
1782 4455 1883 4520 ullam
1905 4463 2012 4540 gerat,
2042 4458 2098 4540 qui
2121 4458 2198 4523 dum
2220 4459 2264 4522 iu·

281 4534 368 4620 quod
400 4553 479 4598 usus
510 4535 625 4603 fuisset
655 4537 836 4604 Abeandri
868 4537 1119 4616 consuetudine,
1153 4559 1249 4622 quem
1301 4539 1517 4606 solentissime
1538 4541 1665 4623 praeire
1693 4541 1797 4607 voluit
1822 4549 2003 4624 postremos
2031 4545 2129 4607 etiam
2158 4565 2266 4627 sequa·

281 4623 399 4686 fratres
426 4619 544 4683 merito
570 4623 775 4689 anathemate
804 4625 1058 4707 percussissent,
1089 4623 1173 4708 quod
1203 4626 1250 4690 sie
1301 4633 1365 4702 tur,
1388 4624 1553 4709 discatque
1575 4635 1613 4690 ut
1633 4647 1668 4691 se
1691 4626 1806 4694 debeat
1827 4628 1861 4691 in
1883 4625 1978 4693 domo
1990 4629 2127 4694 Domini
2147 4651 2265 4713 gerere.

281 4729 317 4774 se
338 4707 465 4772 bostem
487 4703 640 4771 fratribus
669 4709 857 4790 declararet,
886 4731 923 4775 ae
944 4710 1133 4794 priusquam
1155 4711 1249 4793 plene
1300 4709 1430 4776 Defleat
1451 4719 1484 4776 et
1505 4711 1640 4796 plangat
1660 4710 1802 4778 deiectus
1823 4721 1857 4777 et
1878 4721 2082 4796 contemptus
2104 4715 2167 4780 sibi
2186 4714 2266 4800 quod

1301 4797 1386 4862 fastu
1415 4795 1580 4881 turgidus,
1613 4797 1789 4864 ambitione
1822 4799 1957 4864 insanus
1986 4801 2151 4882 peccavit:
2185 4799 2266 4884 qued

1301 4889 1369 4946 tam
1404 4891 1515 4965 aperte
1549 4884 1724 4964 commisit,
1757 4905 1824 4949 non
1857 4885 1903 4950 sie
1935 4884 2042 4950 elevet
2072 4886 2265 4952 clanculum.

388 4963 432 5027 16)
450 4957 587 5018 dmi
1213 5035 1219 5046 ,
1244 5036 1249 5048 ,
1300 4969 1372 5051 Ego
1395 4969 1504 5033 Deum
1527 4977 1643 5034 testem
1664 4971 1789 5050 invoco,
1811 4991 1863 5034 me
1885 4991 2054 5054 nunquam
2077 4971 2202 5055 aliquid
2223 4973 2267 5038 ol·

285 5025 679 5166 ὢῶιηιῖὥωοοιιιι
704 5030 736 5084 de
760 5034 789 5087 la
815 5033 900 5089 Oraia
926 5033 1114 5103 (mis
1149 5034 1249 5104 ⁰29¹&
1299 5055 1365 5119 ficii
1379 5051 1488 5120 Oarolo
1509 5055 1708 5137 praestitisse
1731 5065 1804 5140 post
1821 5063 1870 5121 tot
1886 5069 1920 5121 et
1941 5065 2032 5122 tanta
2052 5059 2188 5143 flagitia
2212 5081 2268 5126 nec

388 5168 431 5233 18)
449 5169 475 5223 Ι.
494 5169 521 5222 I.
547 5167 581 5222 de
603 5163 753 5221 Wattearlle
775 5167 980 5242 (mimz),
1003 5172 1123 5244 Μ
1145 5173 1178 5228 5„
1195 5171 1246 5228 00,
1301 5179 1502 5190 --..-,.

284 5233 421 5290 mm
436 5237 486 5291 “⁶⁸⁹
502 5237 631 5293 Em
644 5239 745 5306 W
761 5243 828 5290 Μ*-
1093 5249 1095 5254 ’
1404 5243 1450 5310 19)
1467 5243 1733 5311 Argentoratensem.

284 4863 486 4876 ——--—-—-
