4852 6022
197 326 257 388 aaa
825 401 827 410 ‚
1062 327 1143 390 resa
1166 323 1327 391 oecon.
2129 331 2191 392 aaa

194 513 288 577 Dens
316 513 405 577 ultro
430 513 520 578 huuc
548 513 698 596 spiritum
728 513 841 590 donet,
874 533 990 598 rogare
1021 535 1063 578 ne
1091 513 1168 596 quid
1220 513 1305 578 hauc
1326 513 1519 596 panegyrin,
1546 515 1784 578 caeremoniam
1811 523 1845 578 et
1869 515 2029 582 actionem
2056 516 2085 579 si
2114 528 2192 582 ocn-

193 619 254 682 prc
276 619 315 663 eo
335 597 484 683 possit.⁷)
1220 599 1333 664 veniat
1353 600 1525 663 missarum
1547 599 1600 664 vel
1621 598 1848 664 celebrationis
1868 601 2043 666 uiscerum
2060 603 2192 668 nomine

281 686 329 748 At
349 705 450 767 quum
471 698 647 767 utrumque
672 685 793 749 diserte
810 685 973 766 scriptura
992 685 1167 767 praedicat,
1219 685 1476 768 intelligendam,
1495 705 1560 748 non
1572 695 1659 749 certe
1670 683 1878 750 abolitionem
1889 686 1946 750 sed
1958 687 2192 752 correctionem

193 779 230 834 et
261 768 344 833 nihil
373 791 467 852 posse
495 791 555 835 nos
581 771 704 834 bonum
732 772 837 834 lacere
864 770 928 834 nisi
955 770 989 833 id
1016 777 1169 852 operetur
1220 771 1394 836 missarum
1415 770 1561 854 profiteri
1582 790 1643 834 nos
1664 771 1775 836 testati
1796 792 1920 836 sumus.

195 855 287 920 Deua
308 855 343 919 in
365 855 474 931 nohis,
496 863 530 920 et
551 865 661 920 tamen
684 877 784 938 quum
806 855 893 920 mala
910 856 1058 933 facimus,
1080 855 1168 938 quod
1305 855 1416 937 Quum
1437 863 1545 921 autern
1574 855 1675 939 vulgo
1702 855 1771 942 et⁹)
1800 857 1967 922 autoribus
1995 857 2192 924 adversariis

195 940 302 1006 solum
324 962 366 1005 ex
388 941 482 1006 nobis
503 941 662 1018 valemus,
686 963 746 1006 nos
768 951 881 1006 nostra
902 961 968 1004 nou
986 943 1050 1006 Dei
1072 942 1168 1025 culpa
1220 962 1314 1006 nemo
1337 943 1510 1006 missarum
1541 943 1671 1005 uomina
1699 941 1858 1007 eiusmodi
1879 944 2116 1008 caeremoniam
2140 945 2191 1008 in·

194 1027 310 1109 perire,
335 1047 394 1109 par
415 1035 465 1091 eet
481 1047 540 1091 nos
563 1028 743 1109 scripturae
765 1027 846 1092 haec
868 1026 1069 1109 praedicanti
1089 1027 1167 1091 sim·
1219 1027 1355 1112 telligat,
1378 1035 1520 1110 atquae
1542 1047 1702 1108 nusquam
1725 1029 1824 1092 etiam
1852 1027 1937 1110 apud
1966 1049 2022 1092 ecs
2049 1037 2097 1093 tot
2125 1031 2191 1096 iam

194 1111 323 1194 pliciter
340 1112 508 1190 assentire,
527 1121 560 1176 et
569 1111 655 1176 idem
671 1133 798 1196 quoqne
808 1112 951 1196 ingenue
969 1111 1166 1194 praedicare,
1219 1113 1356 1178 saeculis
1379 1121 1493 1189 exstet,
1522 1121 1556 1177 ct
1576 1120 1722 1176 nostram
1751 1134 1863 1178 veram
1890 1113 2107 1180 eucharistiae
2134 1115 2191 1180 ad·

195 1197 228 1261 id
256 1198 341 1280 quod
371 1197 504 1262 tandem
531 1207 643 1263 nostra
669 1199 815 1280 ipsorum
842 1199 1056 1274 couscientia,
1089 1198 1168 1263 velit
1219 1199 1501 1275 ministrationem,
1519 1197 1719 1280 eandemque
1730 1219 1828 1280 quarn
1840 1219 1953 1281 preces
1966 1201 2005 1279 ¹⁰)
2017 1200 2191 1266 missarum

194 1283 287 1356 nolit,
309 1284 416 1349 facere
437 1284 617 1366 compellet.
661 1283 760 1348 Certe
781 1283 890 1362 Iudas,
911 1285 946 1347 in
966 1285 1167 1367 agnitionem
1219 1284 1377 1348 solemnia
1397 1295 1598 1349 vocaverunt
1622 1284 1860 1348 caeremoniam
1889 1293 1922 1349 et
1948 1286 2107 1350 actionem
2133 1285 2191 1350 ad·

195 1369 327 1434 sceleris
348 1370 398 1433 sui
418 1369 586 1446 adductus,
609 1390 676 1433 non
694 1371 775 1447 Deo,
797 1372 939 1451 quinon
956 1377 1087 1434 tantum
1104 1371 1167 1453 ipsi
1218 1371 1358 1434 versarii
1379 1371 1554 1434 missarum
1576 1369 1708 1432 nomine
1730 1368 1994 1451 dedignarentur,
2020 1373 2191 1436 confirma·

195 1452 235 1518 de
256 1475 315 1519 suo
337 1456 454 1536 spiritu
484 1461 641 1537 quantum
661 1455 762 1520 Petro
790 1455 992 1532 contulisset,
1021 1455 1078 1520 sed
1105 1455 1167 1520 sibi
1219 1457 1327 1519 vimus
1338 1475 1398 1520 nos
1410 1455 1472 1519 hac
1482 1457 1517 1518 in
1529 1475 1564 1518 re
1575 1455 1689 1521 iecisse
1704 1455 1791 1536 quod
1803 1455 1998 1520 Aristoteles
2014 1456 2192 1538 prudenter
2235 1469 2237 1476 ’
2269 1513 2274 1534 ,

195 1559 289 1604 snum
324 1541 460 1604 exitium
493 1539 645 1604 attribuit
674 1539 797 1607 dicens:
836 1540 968 1622 peccavi
999 1561 1068 1624 ego,
1102 1561 1167 1606 non
1219 1538 1326 1605 dccet:
1345 1548 1474 1605 retenta
1490 1540 1577 1605 enim
1597 1541 1759 1605 sententia
1776 1541 1973 1623 sapientium
1987 1549 2190 1620 etvcterum,

194 1645 327 1706 peccare
348 1647 401 1690 me
422 1627 499 1691 fecit
519 1625 620 1690 Deus.
1219 1647 1331 1690 sumus
1353 1626 1415 1691 hac
1438 1646 1517 1692 voce
1539 1626 1591 1690 usi
1619 1646 1708 1690 more
1736 1626 1828 1709 vulgi
1856 1647 1916 1710 pro
1942 1626 2104 1692 horrenda
2132 1627 2190 1692 illa

278 1711 349 1776 Ista
376 1712 536 1793 simplicia
562 1713 655 1776 nobis
683 1711 841 1776 videntur
869 1722 903 1775 et
931 1713 964 1775 in
995 1712 1166 1794 scripturis
1219 1712 1434 1776 eucharistiae
1456 1711 1663 1794 perversione
1685 1732 1784 1794 quam
1811 1711 1991 1776 adversarii
2016 1714 2207 1787 missarum,

193 1797 240 1861 ita
261 1797 394 1862 tradita:
425 1798 505 1880 ipsis
533 1797 636 1881 igitur
657 1797 796 1862 libenter
816 1797 1035 1874 inhaeremus,
1064 1818 1166 1879 eaque
1218 1798 1350 1862 nomine
1370 1797 1549 1873 venditant,
1572 1807 1672 1879 utque
1694 1817 1883 1878 enprorsus
1900 1797 1970 1861 tolli
1991 1797 2031 1862 ab
2048 1798 2191 1864 ecelesiis

192 1879 293 1946 libere
325 1885 517 1965 profitemur
548 1893 582 1948 et
615 1883 738 1947 rationi
767 1882 945 1960 humanae,
985 1903 1087 1965 quum
1126 1885 1166 1948 iis
1219 1881 1344 1947 Christi
1366 1883 1469 1958 debet,
1496 1883 1544 1946 ita
1565 1883 1663 1946 etiam
1692 1879 1900 1947 abolitionem
1927 1883 1999 1948 eius
2026 1905 2092 1948 non
2120 1906 2190 1950 cor-

193 1967 378 2045 ofienditur,
392 1967 640 2050 respondemus:
660 1969 740 2032 illud
752 1991 819 2034 non
837 1977 888 2033 est
903 1968 1062 2050 iniquitas
1079 1967 1165 2051 apud
1216 1969 1392 2033 rectionem
1414 1970 1574 2052 professos
1595 1987 1656 2032 nos
1677 1987 1758 2032 csse.
1815 2029 1827 2058 0

193 2053 311 2117 Deum.
355 2053 454 2118 Item:
483 2056 555 2136 quis
583 2075 617 2118 cs
650 2063 688 2119 tu
714 2056 770 2136 qui
797 2054 942 2137 disputes
969 2073 1045 2120 cum
1072 2053 1163 2120 Deo?
1303 2054 1388 2118 Nam
1410 2053 1588 2120 adversarii
1617 2053 1689 2116 istis
1718 2053 1786 2118 suis
1807 2053 1916 2118 missis
1937 2054 2080 2136 primum
2102 2075 2190 2122 ccm-

192 2138 252 2202 nt.-
273 2159 292 2202 ο
315 2139 453 2204 altitudo
476 2139 674 2204 divitiarum.
1218 2140 1404 2238 munionem
1416 2141 1558 2222 corporis
1570 2145 1604 2202 et
1612 2139 1782 2222 sauguinis
1794 2137 1921 2238 Christi
1930 2159 1992 2203 nec
2000 2140 2191 2222 praedicant

619 2279 691 2342 Art·
716 2281 744 2342 2·
1217 2221 2191 2395 ttlttttttltlt‘tltttttfistritthem

280 2395 407 2461 Deinde
429 2394 556 2462 dicebat
575 2395 721 2474 Carolus,
750 2397 811 2462 sibi
841 2396 946 2461 videri
973 2419 1032 2462 noe
1059 2399 1165 2482 magis
1216 2397 1356 2478 populus
1378 2417 1437 2460 neo
1459 2397 1595 2461 excitari
1616 2415 1677 2460 nec
1706 2396 1838 2460 institui
1866 2403 1981 2478 potest,
2011 2417 2088 2461 nant
2117 2417 2190 2464 eam

191 2481 366 2546 missarum
394 2483 628 2547 correctionem
654 2502 752 2564 quam
780 2481 987 2547 abolitionem
1018 2484 1166 2566 profiteri
1217 2503 1284 2546 non
1307 2481 1470 2566 intelligit.
1515 2482 1693 2558 Postremo,
1717 2480 1802 2563 quod
1829 2481 1972 2546 omnium
2001 2491 2053 2546 est
2080 2484 2189 2565 perni-

192 2566 349 2632 debuisse.
380 2567 465 2632 Nam
484 2569 574 2632 vitiis
592 2569 743 2634 correctis
758 2569 811 2650 pie
826 2568 900 2633 illas
917 2570 1163 2652 retineriposse,
1217 2568 1449 2644 ciosissimum,
1481 2568 1606 2632 faciunt
1632 2566 1781 2632 homines
1809 2587 1848 2630 ea
1874 2567 1946 2649 ipsa
1974 2589 2034 2632 sua
2062 2569 2189 2634 actione

190 2655 237 2718 ita
269 2661 309 2716 nt
337 2654 390 2736 pie
419 2673 546 2736 quoque
573 2665 700 2718 veteres
728 2655 833 2719 sancti
861 2653 1092 2720 celebrassent:
1123 2655 1164 2718 ad
1216 2652 1317 2717 fidere
1339 2675 1398 2736 prc
1416 2653 1559 2719 Christo.
1604 2653 1688 2717 Nam
1713 2652 1862 2717 videmus
1885 2653 2042 2717 maiorem
2060 2663 2189 2736 partem

191 2759 266 2802 enm
284 2739 373 2802 enim
391 2739 525 2803 modum
535 2741 655 2804 minori
667 2740 852 2804 novationis
864 2740 1041 2805 offensione
1052 2759 1164 2804 veram
1216 2738 1396 2816 hominum,
1419 2741 1474 2821 qui
1491 2740 1527 2802 iu
1543 2739 1688 2820 ipsorum
1707 2737 1814 2803 adhuc
1830 2737 1953 2802 ditione
1970 2747 2056 2816 sunt,
2074 2759 2189 2822 qnam-

191 2824 290 2889 hnius
308 2827 503 2890 sacramenti
522 2825 836 2891 administrationem
854 2826 985 2890 restitui
1006 2828 1042 2890 in
1063 2826 1163 2892 eccle·
1215 2825 1268 2888 vis
1289 2826 1322 2888 in
1346 2825 1555 2890 atrocissimis
1580 2832 1791 2908 perseverent
1807 2823 1983 2889 sceleribus
2000 2825 2129 2908 sintque
2146 2825 2189 2890 ab

191 2910 248 2975 siis
265 2911 422 2992 potuisse.
1215 2912 1305 2973 omni
1327 2911 1526 2992 poenitentia
1548 2909 1747 2988 alienissimi,
1770 2917 1880 2974 tamen
1905 2907 2046 2992 quotidie
2074 2911 2188 2976 audire

276 2995 531 3078 Respondimus:
554 3017 615 3062 nos
633 2995 673 3060 de
694 2998 827 3061 nomine
849 3018 923 3062 cum
945 2997 1085 3074 nemine,
1108 2999 1163 3078 qui
1214 2995 1344 3060 missas:
1364 2996 1451 3078 quod
1468 2995 1602 3060 indubie
1619 3015 1684 3059 non
1701 2997 1855 3072 facerent,
1872 3002 1910 3059 ut
1926 3002 2004 3059 sunt
2020 2993 2188 3080 religionis

190 3082 231 3146 de
248 3083 320 3164 ipsa
336 3081 475 3146 veritate
492 3082 682 3159 consentiat,
701 3081 870 3165 delitigare
887 3083 981 3161 velle,
1000 3103 1163 3166 quumque
1214 3080 1339 3158 inanes,
1358 3081 1422 3145 nisi
1439 3081 1504 3145 illis
1522 3100 1654 3164 sperare
1671 3101 1706 3144 se
1722 3101 1818 3162 posse
1838 3078 2019 3182 [cresim]
2035 3081 2187 3146 meritam

189 3166 285 3232 divus
306 3167 501 3233 Ambrosius
529 3168 648 3233 etalii
674 3169 839 3232 maiorum
872 3170 1020 3252 gentium
1050 3177 1161 3252 patres
1214 3166 1296 3230 iram
1319 3165 1383 3231 Dei
1405 3167 1545 3233 evadere
1567 3175 1601 3232 et
1625 3186 1664 3230 ea
1692 3166 1754 3231 sibi
1780 3165 1844 3230 Dei
1875 3165 2032 3232 beneficra
2060 3169 2188 3248 mereri,

188 3253 504 3318 administrationem
537 3253 754 3319 eucharistiae
792 3261 952 3319 vocarunt
985 3254 1161 3318 missarum
1214 3252 1338 3317 scilicet
1363 3253 1468 3317 vitam
1497 3252 1687 3317 diuturnam
1715 3261 1749 3315 et
1780 3250 1927 3329 beatam,
1961 3254 2186 3334 praeterimus,

188 3338 355 3416 solemnia,
386 3339 496 3404 forsan
518 3347 652 3422 propter
674 3341 790 3403 missas
811 3339 957 3404 fidelium
980 3339 1161 3404 oblationes
1213 3336 1364 3420 qnodque
1379 3340 1421 3422 ¹¹)
1461 3337 1627 3404 offerenda
1668 3346 1764 3402 erant
1798 3337 1956 3402 esurienti
1996 3345 2030 3403 et
2062 3339 2187 3404 sitienti

187 3444 268 3507 quas
296 3432 366 3489 tum
395 3445 455 3508 pro
482 3426 680 3508 pauperibus
707 3425 833 3490 Christi
862 3423 1046 3502 mittebant,
1076 3425 1161 3488 nulli
1212 3423 1372 3506 nudoque,
1396 3425 1527 3502 extorri,
1551 3430 1683 3507 angoto
1709 3433 1742 3488 et
1762 3423 1892 3505 captivo
1914 3423 2048 3488 Christo
2070 3432 2103 3487 et
2124 3423 2187 3488 mi·

187 3530 249 3574 nos
281 3510 362 3574 vitio
394 3510 472 3575 dare
502 3512 530 3575 si
563 3509 675 3576 codem
707 3511 839 3575 nominc
870 3509 928 3574 sed
955 3511 1029 3592 pari
1061 3511 1160 3575 etiam
1212 3509 1312 3573 nimis
1334 3511 1445 3593 egenis
1467 3509 1694 3594 dispensanda,
1722 3509 1847 3574 faciunt
1874 3509 1986 3573 offerri
2014 3507 2076 3573 sibi
2104 3507 2187 3575 abli-

186 3597 326 3660 veritate
348 3603 381 3660 et
402 3597 522 3678 pietate
543 3603 665 3674 utatur,
687 3596 783 3660 modo
801 3604 956 3680 agnoscat
973 3597 1072 3660 etiam
1090 3616 1159 3673 nos,
1213 3595 1372 3677 guriendc
1387 3597 1428 3676 19)
1457 3617 1530 3661 cum
1554 3617 1652 3661 omne
1673 3615 1778 3679 genus
1800 3594 1965 3659 sceleratis
1988 3595 2186 3673 hominibus,

188 3701 288 3764 quum
310 3701 443 3746 coenam
461 3682 596 3746 Domini
613 3681 699 3746 hanc
716 3683 951 3748 caeremoniam
970 3681 1159 3764 apellamus,
1212 3679 1378 3744 levitatem
1405 3682 1484 3746 item
1515 3689 1548 3746 ct
1577 3703 1642 3746 non
1676 3679 1868 3764 dignitatem
1883 3679 1923 3764 ¹⁸)
1952 3681 2184 3764 turpissimam.

187 3775 334 3832 autorem
347 3768 439 3850 sequi
456 3771 646 3850 apostolum,
669 3787 771 3850 quum
789 3767 1019 3832 eucharistiam
1031 3777 1065 3832 et
1081 3790 1160 3851 syn·
1212 3765 1356 3830 Proinde
1378 3787 1474 3830 nemo
1497 3766 1660 3832 studiosus
1677 3765 1803 3831 Christi
1827 3767 1943 3830 missas
1965 3767 2045 3830 istae
2063 3786 2130 3830 non
2148 3775 2186 3830 ut

187 3854 267 3918 axin
302 3853 554 3918 celebrationem
583 3854 725 3936 corporis
759 3861 793 3918 et
826 3853 996 3936 sanguinis
1025 3853 1160 3917 Domini
1212 3871 1372 3916 summam
1396 3851 1669 3917 abominationem
1693 3852 1855 3916 exsecrari
1876 3850 1987 3934 possit.

190 3935 310 4089 [dieilgz
334 3939 485 4021 probatos
505 3941 584 4003 item
606 3940 698 4022 sequi
719 3939 873 4004 ecclesiae
896 3939 1050 4004 doctores.
1298 3935 1350 4001 Ad
1374 3938 1454 4004 haec
1471 3937 1608 4003 Carolus
1630 3938 1821 4002 testificatus
1840 3947 1897 4013 est,
1924 3958 1958 4002 sa
1982 3937 2041 4001 has
2062 3935 2185 4002 abomi-

298 4024 442 4106 iitaque
462 4025 644 4104 conveniat,
666 4025 783 4088 missas
805 4025 858 4090 vel
881 4025 1054 4090 missarum
1077 4025 1159 4090 cele-
1211 4023 1362 4088 nationes
1390 4045 1432 4088 ex
1460 4024 1569 4088 animo
1598 4023 1771 4098 exsecrari,
1800 4042 1837 4088 ac
1862 4031 2044 4105 propterea,
2079 4021 2119 4087 ab
2147 4042 2185 4086 eo

186 4109 369 4174 brationcm
387 4108 449 4175 dici
466 4111 649 4194 panegyr-in
671 4131 741 4174 cam
764 4131 828 4192 qua
846 4119 958 4175 sancte
976 4119 1010 4174 et
1027 4110 1159 4175 nomine
1211 4129 1312 4190 quum
1334 4109 1473 4190 primum
1498 4109 1642 4175 Galliam
1664 4107 1797 4190 reliquit
1818 4117 1851 4172 et
1873 4107 1913 4171 ad
1936 4128 1995 4172 nos
2023 4107 2184 4190 pervenit,

186 4192 312 4260 Christi
334 4197 541 4274 conveniunt,
564 4203 697 4278 peccata
718 4217 778 4260 sua
812 4203 989 4278 praeeunte
1010 4197 1159 4261 ministro
1210 4193 1336 4258 nullam
1358 4196 1490 4260 missam
1514 4195 1627 4259 iecisse
1655 4215 1716 4258 nec
1738 4214 1834 4275 porro
1857 4195 2028 4270 facturum,
2058 4191 2114 4259 scd
2143 4191 2184 4256 de

186 4282 384 4346 confitentur
415 4289 448 4346 et
479 4279 714 4346 absolutionem
746 4282 787 4345 ab
814 4280 928 4345 ecdem
960 4282 1158 4363 percipiunt;
1211 4279 1272 4343 hae
1304 4281 1375 4362 ipsa
1408 4302 1443 4344 re
1477 4281 1522 4346 sic
1553 4280 1639 4363 loqui
1673 4288 1808 4362 propter
1840 4277 1940 4343 bonos
1973 4277 2029 4362 qui
2062 4279 2183 4362 passim

186 4365 304 4431 deinde
315 4387 424 4432 sacras
436 4367 524 4452 leges
536 4377 568 4431 et
586 4367 818 4450 prophetarum
836 4375 933 4448 atque
951 4367 1157 4450 evangelico·
1212 4363 1344 4430 Christo
1362 4367 1510 4431 serviunt
1527 4367 1562 4430 in
1584 4387 1661 4430 vera
1677 4365 1748 4442 fide,
1767 4371 1802 4428 et
1812 4365 1939 4429 facilem
1951 4367 2183 4429 correctionem

185 4473 261 4516 rum
282 4453 441 4518 librorum
462 4453 616 4518 lectiones
638 4463 734 4534 atque
756 4453 988 4534 explicationes
1010 4452 1156 4528 audiunt,
1209 4451 1332 4514 rituum
1355 4461 1560 4534 receptorum
1589 4471 1627 4515 ac
1648 4452 1820 4534 praecipue
1842 4449 1939 4515 huius
1960 4449 2182 4516 caeremoniae

184 4538 331 4620 psallunt
352 4549 386 4602 et
406 4538 503 4602 fidem
531 4540 737 4614 confitentur,
765 4559 888 4621 suaque
916 4540 1157 4603 consecratione
1209 4535 1381 4600 admittere
1403 4537 1528 4620 possint
1557 4537 1583 4602 si
1611 4557 1676 4601 non
1706 4537 1806 4599 nimia
1833 4536 2010 4600 novatione
2038 4531 2179 4599 offende-

184 4643 251 4705 qua
271 4645 305 4689 se
324 4623 456 4690 Christo
473 4622 638 4702 addicunt,
660 4625 777 4689 oblatis
794 4645 854 4706 pro
872 4621 1045 4706 egentibus
1063 4621 1157 4688 donis
1208 4631 1332 4698 rentur,
1372 4631 1405 4686 et
1445 4643 1482 4686 ea
1521 4623 1601 4705 ipsis
1640 4621 1901 4704 relinquerentur
1940 4641 2022 4704 quae
2054 4639 2112 4701 per
2146 4637 2182 4682 se

112 4711 114 4714 ’
184 4717 357 4786 testantur,
382 4719 455 4774 tum
473 4711 689 4775 communiter
705 4731 764 4792 pro
782 4710 926 4774 omnium
947 4709 1153 4774 ecclesiarum

184 4798 377 4861 necessitate
394 4815 506 4877 preces
523 4796 675 4872 fundunt,
694 4803 728 4860 et
743 4796 887 4860 recitatis
902 4796 1009 4860 verbis
1021 4795 1157 4859 Domini

184 4883 351 4965 sacram⁸)
369 4882 512 4964 corporis
523 4889 557 4944 ct
573 4881 742 4964 sanguinis
760 4882 952 4964 percipiunt,
971 4881 1156 4964 gratiasque
1311 4895 1341 4956 9)
1360 4912 1400 4949 οι

183 4965 327 5032 Domino
345 4975 457 5051 agunt,
475 4975 508 5030 et
526 4977 678 5048 percepta
695 4965 917 5032 benedictione
937 4965 1157 5046 dimittuntur,
1295 4963 1341 5096 {ill}
1360 4963 1807 5101 ppgfflffigffffmrffllqm

289 5169 318 5234 7)
336 5171 404 5240 lege.-
422 5189 456 5226 ne
474 5187 570 5242 rogare
589 5171 697 5240 quidem
715 5188 766 5241 prc
784 5187 816 5225 eo
833 5172 927 5240 porcia
1295 5099 1341 5232 lfil
1359 5101 1610 5238 idiqdeddfifim
1626 5168 1728 5224 ecies
1745 5171 1897 5224 matertera
1918 5163 2082 5233 propomtar
2101 5163 2181 5222 haec.-

287 5239 318 5306 8)
336 5239 405 5308 lece.-
422 5245 627 5295 tenementum.
1207 5237 1364 5292 foeditatem
1381 5239 1447 5292 item
1465 5243 1494 5291 et
1510 5238 1738 5292 nmdinationem.
