4804 6012
149 365 216 438 ¹'llil
1041 364 1273 434 corma.
2099 373 2165 436 262

157 573 195 630 ut
220 583 240 627 a
266 570 357 627 reeta
384 559 440 626 via
461 555 642 634 dedinent,
669 553 832 622 tolerandi
858 553 991 638 quidem
1013 553 1063 618 illi
1084 554 1135 619 vi·
1273 553 1422 622 Petimus
1442 557 1543 622 ιιιιιι
1561 577 1582 622 ι
1603 557 1696 624 ιοιιι
1717 579 1759 623 ne
1776 557 1839 624 hoe
1856 556 1971 624 audire
1988 557 2166 626 molestum

158 649 282 716 dentur.
351 684 354 701 ι
1187 640 1240 718 ιιι,
1263 653 1303 704 ιιι
1323 661 1406 724 quae
1427 641 1516 708 inter
1537 663 1595 708 vos
1616 651 1695 710 sunt
1711 643 1876 724 eeclesiae,
1898 664 2037 728 quorum
2053 653 2165 730 pasto-

242 733 390 801 Gravius
416 737 466 796 est
493 750 573 796 vero
601 726 687 812 qued
715 723 849 810 quidam
882 723 1005 791 adeunt
1036 725 1135 791 etiam
1186 745 1240 790 res
1262 726 1416 794 oneribus
1443 727 1641 794 familiarum
1668 731 1932 796 numerosiorem
1959 739 2165 813 premuntur,

157 821 326 888 eoneiones
346 817 594 893 monaoherum,
615 815 671 898 qni
698 812 834 878 verbum
858 810 989 894 aliquod
1014 811 1136 877 verita·
1186 811 1252 876 illis
1273 814 1394 879 ouretis
1414 823 1633 898 prospeetum,
1656 825 1690 880 et
1709 815 1841 880 illorum
1859 817 2055 882 neeessitati.
2089 816 2165 882 Non

156 909 201 974 tis
227 908 424 990 inspergunt
450 903 518 968 suis
545 899 732 976 mendaeiis,
762 905 801 962 iit
826 897 875 962 ita
902 897 1044 981 gratiam
1073 895 1136 962 sibi
1187 907 1295 980 potest
1315 900 1403 964 enini
1424 901 1481 982 qui
1502 901 1613 984 inopia
1639 901 1801 984 premitur
1829 901 1932 968 libero
1960 923 2032 968 esse
2053 903 2165 968 animo

157 993 340 1062 eonoilient
384 988 489 1070 Quasi
511 1007 588 1052 vere
609 1006 675 1050 non
702 984 766 1068 ipsi
787 983 886 1048 nimis
912 983 1067 1066 propensi
1093 981 1136 1047 ad
1187 993 1221 1047 et
1241 984 1361 1066 quieto,
1384 993 1422 1050 ut
1442 1006 1514 1052 sese
1535 995 1640 1052 totum
1657 987 1789 1053 muneri
1809 1009 1868 1053 suo
1884 987 2063 1071 impendat,
2084 987 2167 1053 dom

157 1081 339 1148 vanitatem
361 1077 473 1151 simus,
496 1084 529 1138 ιι
550 1070 591 1137 ad
618 1069 791 1136 mendaoia
817 1081 855 1134 ut
881 1069 958 1134 novi
984 1068 1136 1152 magistri
1188 1068 1311 1134 familia
1336 1091 1436 1155 egens
1468 1081 1532 1148 est,
1569 1093 1675 1155 neque
1704 1073 1894 1157 habetque
1921 1073 2096 1140 subveniat
2122 1072 2166 1138 ad

158 1162 337 1251 quaerendi
357 1163 433 1239 sint,
456 1161 512 1244 qui
533 1179 594 1223 nos
615 1177 654 1222 eo
675 1154 842 1220 indueant
885 1155 1000 1238 Neque
1020 1155 1136 1220 iinme-
1187 1175 1333 1220 manum.
1388 1158 1498 1240 Atque
1530 1159 1664 1224 omnino
1695 1179 1797 1241 quum
1836 1158 1988 1224 audimus
2025 1180 2068 1224 ex
2100 1158 2167 1224 Dei

158 1255 222 1320 rito
243 1252 319 1316 illos
340 1249 436 1333 punit
456 1245 630 1320 Dominus,
660 1242 718 1326 qui
747 1240 868 1306 talibus
894 1241 1051 1304 mixturis
1080 1237 1135 1306 de-
1189 1239 1304 1320 verbe,
1332 1241 1408 1308 illes
1435 1263 1506 1308 essa
1528 1243 1622 1310 uobis
1644 1243 1780 1310 alendos
1805 1246 1861 1328 qui
1882 1243 2037 1310 melesius
2059 1246 2164 1310 inser·

159 1341 337 1406 laetantur:
360 1345 397 1399 ut
418 1355 454 1398 re
475 1333 548 1415 ipsa
568 1335 695 1395 eonstat
716 1327 848 1392 illerum
874 1325 1036 1424 plurimos
1063 1334 1097 1390 et
1117 1347 1138 1390 a
1187 1327 1291 1404 viunt,
1314 1347 1381 1392 non
1402 1339 1453 1394 est
1474 1329 1537 1395 hoe
1558 1349 1648 1394 mere
1668 1329 1934 1414 restringendum
1956 1328 1999 1395 ad
2018 1331 2166 1414 ipsorum

159 1425 300 1490 veritate
322 1421 493 1486 defleetere
515 1425 548 1482 et
564 1414 709 1482 Satanae
730 1415 922 1496 imposturis
942 1411 1040 1476 iufio'i
1069 1411 1137 1476 Ne-
1187 1433 1355 1495 personas.
1400 1415 1485 1479 Nam
1508 1423 1541 1480 at
1561 1416 1625 1498 ipsi
1646 1425 1756 1481 essent
1771 1417 1955 1494 inhumani,
1977 1415 2041 1482 nisi
2062 1435 2165 1499 aeque

160 1510 277 1598 quaid
298 1505 432 1572 aliunde
454 1513 504 1570 est
530 1522 628 1585 quam
650 1501 690 1565 ab
717 1499 862 1596 ipserum
889 1496 1137 1582 ingratitudine,
1188 1497 1229 1562 de
1251 1499 1320 1564 suis
1342 1521 1380 1565 ae
1401 1499 1441 1565 de
1463 1521 1499 1566 so
1520 1501 1600 1584 ipsis
1621 1511 1733 1568 essent
1760 1501 1900 1568 sollieiti.
1951 1502 2165 1569 Praestamus

160 1595 290 1682 quaudo
309 1611 412 1678 purae
434 1589 600 1656 doetrinae
617 1607 684 1650 non
766 1593 924 1662 uieseunt,
953 1582 1010 1648 sed
1038 1592 1137 1648 vento
1188 1583 1243 1650 hie
1271 1583 1357 1667 qued
1385 1605 1574 1668 possumus:
1608 1585 1666 1652 sed
1696 1607 1735 1652 ea
1762 1596 1813 1653 est
1840 1588 1967 1670 iuopia,
1989 1589 2042 1653 eui
2066 1586 2165 1670 plane

159 1683 250 1770 pasei
282 1680 426 1764 eupiunt
477 1676 569 1740 Iusto
602 1693 679 1737 vere
711 1671 745 1735 iu
770 1669 830 1733 'oio
857 1669 1022 1734 Dominus
1053 1669 1135 1734 istos
1187 1669 1408 1736 sublevandae
1435 1672 1577 1755 impares
1605 1693 1728 1739 sumus
1780 1671 1848 1740 Sed
1875 1673 1954 1757 quia
1981 1694 2048 1738 non
2070 1672 2165 1738 dnbir

159 1768 316 1836 inebriari
337 1765 425 1830 sinit.
459 1762 501 1826 In
521 1777 642 1844 genere
664 1755 846 1822 euvendum
869 1755 971 1833 vobis,
993 1775 1036 1821 ne
1064 1755 1136 1820 sitis
1187 1762 1311 1834 tamus,
1340 1757 1420 1840 quin
1447 1759 1529 1824 satis
1556 1779 1615 1842 per
1636 1780 1694 1825 ves
1716 1759 1859 1825 offieium
1880 1760 1953 1825 sitis
1975 1759 2103 1837 faeturi,
2125 1765 2166 1824 ut

159 1879 201 1924 ex
222 1873 335 1920 eorum
356 1867 494 1915 numero
515 1846 572 1929 qui
599 1863 728 1927 semper
749 1840 889 1918 diseunt,
917 1849 957 1904 ιιι
983 1842 1029 1904 ιιι
1050 1841 1136 1906 Pau·
1187 1861 1255 1906 nen
1286 1840 1419 1908 ιιιιιιι
1451 1857 1582 1910 nostrae
1614 1845 1852 1912 exhortationis
1883 1845 2049 1924 stimulus,
2082 1845 2164 1912 satis

158 1943 220 2016 lus,
254 1949 288 2004 ιι
324 1954 491 2018 nunquam
530 1929 702 1997 seientiam
733 1927 883 1994 veritatis
916 1937 1136 2008 assequuntur
1187 1927 1251 1992 erit
1271 1927 1372 1994 verbo
1394 1928 1456 1995 hee
1478 1929 1565 2012 apud
1586 1951 1645 1996 vos
1666 1928 1836 1998 indieasae.

157 2027 192 2114 (2
213 2027 297 2092 Tim.
322 2028 350 2100 3,
375 2025 418 2102 7).
458 2019 624 2084 Memores
644 2015 744 2080 etiam
766 2033 837 2078 esse
857 2031 916 2078 vos
934 2011 1073 2078 velimus
1094 2012 1136 2076 il·
1226 2071 1231 2080 ,
1273 2013 1384 2097 Atque
1403 2022 1443 2079 ut
1462 2015 1597 2080 tandem
1617 2016 1836 2095 absolvamus,
1859 2017 2014 2100 quianon
2035 2015 2166 2082 dubita-

156 2113 222 2180 lius
243 2108 380 2176 Domini
402 2103 641 2172 admonitionis.
664 2111 702 2164 ut
729 2099 874 2165 eaveatis
905 2097 997 2164 vobis
1024 2119 1045 2164 a
1070 2099 1135 2163 fer·
1186 2118 1261 2164 mus
1283 2119 1344 2165 ves
1365 2101 1480 2184 impeti
1501 2100 1645 2186 quetidie
1667 2103 1708 2168 ab
1730 2101 1879 2168 hostibus
1904 2100 1993 2180 fidei,
2021 2101 2166 2185 petimus

154 2205 268 2265 mento
285 2195 466 2262 soribarum
487 2198 521 2255 et
539 2187 806 2254 Pharisaeorum:
825 2183 955 2268 quando
973 2183 1021 2248 ita
1041 2184 1136 2250 nobis
1186 2205 1208 2249 a
1227 2184 1318 2251 vobis
1335 2195 1374 2250 ot
1390 2187 1523 2254 eertetis
1533 2197 1731 2267 eonstanter,
1753 2209 1860 2272 neque
1876 2189 2053 2252 remittatis
2069 2185 2165 2270 quid·

156 2283 292 2350 diffieile
313 2279 443 2363 estqui
469 2297 508 2341 ee
530 2273 630 2341 semel
656 2268 832 2354 aliquando
858 2268 976 2334 imbuti
1003 2271 1134 2350 luimus,
1186 2291 1294 2352 quani,
1315 2271 1420 2340 donee
1441 2293 1556 2340 omnes
1583 2275 1724 2357 impetus
1745 2272 1890 2342 Satanae
1919 2272 2163 2357 superaveritis,

154 2382 194 2438 ut
215 2391 254 2436 eo
277 2389 355 2435 vere
372 2381 605 2448 expurgemur,
628 2379 666 2424 ae
688 2355 772 2422 nihil
789 2377 832 2422 ex
849 2355 907 2454 illa
924 2357 1135 2440 surreptione
1187 2365 1284 2440 atque
1305 2357 1347 2422 ad
1369 2359 1498 2424 beatam
1519 2368 1641 2425 metam
1661 2381 1703 2425 ex
1724 2361 1853 2426 intento
1880 2381 1981 2428 eursu
2003 2377 2164 2442 pervene-

155 2458 254 2523 lueeis
283 2455 320 2518 in
346 2451 442 2516 nobis
469 2449 612 2513 haereat
666 2440 755 2526 Quid
784 2443 824 2507 iis
851 2443 955 2526 igitur
975 2442 1050 2522 fiet,
1078 2442 1134 2526 qui
1186 2443 1269 2508 ritis.
1303 2444 1482 2528 Agnoseits
1504 2467 1582 2511 vero
1604 2465 1689 2528 quae
1710 2445 1805 2512 nobis
1822 2445 1958 2512 eoelitus
1976 2465 2069 2511 arma
2085 2463 2164 2528 sup-

154 2544 245 2608 inter
271 2539 347 2606 illos
371 2537 470 2603 etiam
497 2533 611 2599 vivere
639 2530 790 2612 eupiunt,
820 2537 918 2610 atqua
944 2529 992 2592 ita
1019 2537 1135 2612 sponte
1186 2528 1389 2611 peditentur:
1412 2552 1529 2614 nempe
1551 2539 1590 2596 ut
1606 2531 1648 2596 ad
1665 2552 1741 2596 eum
1759 2553 1862 2596 unum
1881 2553 1941 2597 nos
1957 2531 2164 2614 reeipiamus,

153 2631 265 2696 Deum
296 2619 449 2690 tentant?
502 2617 595 2683 Idem
621 2613 879 2682 existimandum
912 2621 963 2678 est
995 2612 1036 2680 de
1064 2623 1133 2679 tote
1185 2615 1242 2697 qui
1264 2635 1324 2680 nos
1344 2635 1384 2680 ea
1406 2617 1514 2702 grstia
1535 2615 1701 2702 dignatur,
1729 2618 1824 2682 utin
1846 2639 1941 2683 suum
1963 2615 2166 2700 praesidium

153 2709 494 2801 generepreenlarom
509 2723 591 2788 quas
612 2703 710 2767 heras
731 2709 765 2765 et
785 2701 984 2784 patinostras
1006 2709 1134 2779 voeant,
1186 2701 1329 2784 resipiat,
1359 2709 1456 2786 atque
1476 2704 1524 2768 ita
1545 2705 1581 2768 in
1607 2703 1765 2786 patientia
1786 2701 2010 2786 possideamus
2038 2701 2165 2768 animas

153 2811 187 2868 et
207 2797 348 2865 eaeteris
377 2791 535 2861 eiusmodi
562 2787 765 2854 idololatriae
793 2786 1031 2852 instrumentis.
1077 2784 1135 2854 Sie
1185 2798 1325 2853 nostras.
1370 2787 1415 2853 Vi
1436 2789 1525 2854 enim
1546 2790 1738 2872 pervineere
1760 2787 1855 2854 nobis
1876 2789 1925 2854 fas
1947 2807 2016 2854 non
2037 2795 2101 2853 est:
2130 2793 2165 2852 et

152 2888 242 2954 enini
268 2882 357 2948 idola
378 2881 472 2946 nobis
494 2895 628 2960 prorsus
656 2893 728 2940 osse
760 2869 881 2938 debent
907 2872 1133 2952 exseoratioui,
1185 2871 1284 2954 probe
1307 2873 1410 2939 nostis
1432 2895 1531 2958 quain
1552 2873 1638 2940 male
1658 2873 1827 2954 eueeedat,
1854 2873 2012 2958 quidquid
2040 2881 2165 2938 temere

151 2983 191 3040 ιιι
212 2993 257 3037 ne
278 2969 412 3035 illorum
433 2961 566 3049 quidem
582 2960 717 3027 nemina
738 2957 832 3024 nobis
851 2959 888 3024 in
907 2979 963 3022 ere
985 2959 1066 3037 sint,
1097 2967 1135 3024 ut
1185 2958 1396 3042 aggredimur
1416 2960 1489 3026 sine
1511 2959 1584 3026 heri
1606 2959 1772 3026 mandate.
1817 2960 1913 3026 Dura
1934 2959 2068 3026 omnino
2090 2967 2164 3024 ten·

150 3067 202 3126 est
228 3059 266 3124 in
295 3053 430 3121 Psalmo
462 3053 500 3114 16
528 3050 576 3130 (v.
595 3048 640 3128 4).
693 3043 757 3110 (lui
784 3041 963 3128 respondet
990 3055 1025 3110 et
1052 3045 1134 3111 illud
1185 3047 1265 3109 tatio
1286 3053 1321 3110 ιι
1341 3054 1498 3129 separatu
1520 3045 1676 3126 diffieuis,
1706 3045 1785 3112 dum
1806 3046 1923 3130 impios
1944 3046 1993 3111 ita
2015 3045 2165 3112 videmus

149 3142 337 3211 Ezechielis
358 3139 426 3224 (36,
446 3137 513 3220 32),
535 3131 623 3217 quod
645 3132 674 3197 ei
695 3131 779 3197 bone
799 3130 948 3214 poenitet
965 3139 1134 3198 antenotae
1184 3131 1311 3196 saevire
1332 3130 1492 3198 adversus
1517 3132 1723 3198 innoeentes:
1756 3129 1814 3198 ιιι
1835 3129 2029 3198 intuendum
2050 3139 2101 3198 est
2123 3130 2167 3198 ad

150 3231 259 3309 vitae,
286 3235 321 3292 et
347 3225 479 3291 viarum
507 3229 696 3286 nostrarum
722 3215 759 3280 in
793 3215 913 3299 quibos
940 3218 1132 3297 erravimus,
1184 3215 1264 3300 quid
1296 3219 1405 3284 voeati
1437 3217 1550 3283 simus.
1600 3217 1647 3283 ui
1674 3217 1807 3301 quando
1833 3218 1883 3284 ita
1914 3217 1978 3283 lert
2009 3217 2164 3284 voluntas

150 3317 287 3383 illarum
308 3332 370 3377 nos
392 3309 492 3374 etiam
510 3327 577 3370 non
597 3302 720 3388 pudere
739 3323 809 3366 nen
830 3309 945 3386 potest
1183 3301 1318 3368 Domini
1346 3311 1384 3368 ut
1409 3303 1607 3388 affligamur,
1642 3303 1741 3388 idque
1768 3323 1827 3387 pro
1854 3323 1953 3371 eausa
1979 3304 2066 3370 tanti
2093 3323 2163 3372 mo-

238 3399 332 3468 Sunt
352 3395 435 3461 aliae
453 3389 668 3475 eorruptelas‚
690 3407 773 3472 quae
791 3408 830 3454 ee
846 3388 946 3453 etiam
964 3387 1131 3454 aeeedunt
1182 3389 1302 3467 menti,
1337 3409 1378 3454 ne
1411 3389 1556 3455 alienum
1589 3409 1610 3453 a
1641 3389 1736 3456 nobis
1767 3387 1928 3456 videatur.
1984 3389 2163 3454 Enitamur

149 3489 257 3556 Aleae
281 3485 370 3550 enim
390 3489 424 3546 et
444 3499 526 3562 quas
547 3483 655 3544 eartas
676 3483 811 3554 voeant,
838 3481 878 3538 ut
904 3472 947 3539 ad
973 3475 1132 3557 supersti-
1184 3475 1291 3556 petius
1318 3473 1442 3540 diseere
1470 3496 1512 3541 ea
1538 3475 1666 3541 mtione
1695 3495 1795 3559 quam
1821 3475 1878 3541 isti
1907 3474 2047 3542 eadueae
2075 3475 2164 3540 vitae

149 3577 262 3642 tiones
284 3591 352 3636 nen
373 3565 607 3652 pertinuerint,
636 3560 694 3627 sed
722 3561 860 3626 aliorum
881 3560 1040 3626 vitiorum
1061 3561 1132 3626 fue·
1182 3560 1397 3642 praeferenda
1428 3561 1472 3626 sit
1499 3561 1564 3628 Dei
1598 3561 1703 3646 gloria
1728 3569 1762 3626 et
1792 3581 1892 3644 quam
1923 3559 1974 3626 illi
2006 3559 2164 3627 debemus

149 3662 219 3726 rint
236 3659 467 3732 instrumenta,
484 3649 627 3716 multum
644 3667 771 3796 quogua
789 3645 902 3744 damni
919 3645 1132 3712 etmalorum
1182 3644 1376 3725 obedientia,
1401 3647 1573 3730 ipsumque
1603 3645 1731 3713 Ghristi
1759 3667 1917 3731 regnum,
1945 3654 1979 3711 et
2001 3667 2075 3730 spes
2102 3645 2160 3712 illa

148 3747 279 3832 passim
309 3739 503 3806 intulerunt
558 3736 608 3801 Ae
641 3753 704 3817 quo
759 3731 801 3797 ad
830 3731 1013 3798 istiusmodi
1038 3732 1131 3799 lusus
1183 3730 1270 3796 vitae
1297 3741 1458 3798 aeternas.
1510 3733 1574 3798 Hie
1601 3733 1703 3817 igitur
1734 3739 1833 3797 utet
1861 3732 1896 3796 in
1931 3753 2050 3816 genere
2077 3730 2160 3798 illud

149 3833 285 3906 attinet,
308 3847 374 3892 nen
395 3826 442 3889 ita
463 3841 597 3906 prorsus
619 3840 640 3885 a
660 3818 755 3884 uobis
776 3817 1022 3892 damnarentur,
1046 3818 1130 3884 siin
1181 3815 1268 3900 quod
1289 3817 1451 3902 seriptura
1472 3816 1566 3884 ιοιιι
1583 3818 1619 3882 in
1636 3840 1699 3884 usu
1717 3817 1846 3896 habete,
1867 3827 1905 3883 ut
1921 3818 2015 3884 vobis
2037 3839 2161 3884 renun-

149 3937 270 3985 eerum
299 3933 362 3978 usu
386 3907 473 3994 quod
495 3907 571 3973 lieet
597 3905 706 3970 loeum
734 3905 885 3970 haberet:
911 3903 969 3970 sad
997 3905 1132 3970 ubinam
1181 3900 1299 3968 oiande
1326 3905 1521 3970 saorifleium
1548 3905 1621 3970 sitis
1649 3903 1726 3969 boni
1753 3903 1862 3970 odoris
1881 3903 2034 3970 Domino.
2078 3904 2161 3970 Pro·

149 4012 266 4070 exstat
292 3999 350 4064 illa
376 3993 554 4062 sobrietas?
605 3991 758 4057 Primum
785 4011 854 4056 nen
881 4001 932 4055 est
957 3989 1049 4054 aliud
1076 4011 1131 4056 us·
1181 4009 1296 4054 eamur
1317 3989 1515 4068 Dominum,
1543 3990 1636 4056 vobis
1663 3979 1806 4073 primum
1833 3987 1999 4073 impendio
2023 4009 2044 4054 a
2064 3989 2159 4056 nobis

149 4093 253 4175 piam,
274 4083 361 4169 quod
384 4083 432 4147 ita
453 4081 603 4145 homines
624 4076 720 4162 quasi
741 4077 829 4142 viseo
851 4075 1023 4159 impediat,
1050 4075 1131 4142 adeo
1182 4074 1341 4154 salutatis,
1369 4085 1406 4141 ut
1428 4095 1486 4140 vos
1506 4075 1660 4159 respieiat
1678 4082 1775 4158 atque
1797 4085 1924 4141 asserat
1945 4076 1985 4141 ab
2007 4075 2159 4144 omuibus

149 4185 190 4243 ut
211 4181 304 4240 totos
330 4187 444 4234 aerum
470 4185 586 4230 sensus
606 4183 685 4228 ιοιιι
707 4169 756 4241 ιι,
785 4183 854 4226 non
881 4163 976 4228 seeus‘
1003 4183 1040 4228 ae
1066 4163 1131 4228 las·
1181 4159 1389 4240 adversariis,
1415 4182 1474 4228 suo
1496 4159 1657 4245 praesidio
1678 4169 1819 4241 tueatur,
1842 4170 1935 4246 regat
1957 4161 2086 4244 spiritu,
2108 4171 2158 4228 at·

149 4265 224 4330 eino
249 4263 426 4338 eorreptos.
470 4249 538 4316 Sed
559 4269 657 4334 quem
734 4246 834 4313 eduin
855 4249 911 4331 qui
933 4247 999 4314 illis
1021 4269 1130 4314 assue-
1181 4267 1244 4330 que
1264 4247 1354 4312 omni
1376 4246 1460 4313 bono
1482 4246 1665 4314 eumulates
1686 4245 1811 4312 reddat

149 4352 289 4422 verunt,
309 4363 377 4406 non
394 4341 442 4404 ita
458 4335 672 4421 possuntillis
690 4332 887 4399 valedieere:
906 4335 1063 4400 itaetiam
1074 4335 1130 4418 qui

150 4433 277 4520 pedem
288 4427 494 4510 aliquantum
505 4421 664 4497 retulerit,
682 4419 740 4484 illa
750 4419 966 4486 omnialaeile
977 4419 1129 4486 fastidiet

148 4521 262 4588 Porro
285 4513 435 4598 quiesse
463 4510 512 4608 ita
536 4509 578 4574 iis
604 4507 703 4606 rebus
725 4503 863 4584 dedunt,
891 4513 988 4606 utque
1010 4506 1058 4570 ita
1078 4508 1130 4572 iu·
1400 4553 1449 4608 Al)
1467 4551 1555 4606 Tm
1571 4549 1751 4620 emm
1768 4551 1900 4608 cmm
1920 4553 1940 4619 ,)

149 4606 274 4672 sanine,
286 4605 444 4684 pergunt,
470 4593 623 4661 ineidunt
643 4614 680 4656 in
700 4590 822 4656 multas
843 4590 1019 4657 molestias.
1063 4592 1129 4657 No·
1901 4593 1908 4607 ¹

146 4701 223 4758 tum
252 4695 321 4766 0⁸2,
347 4683 406 4784 Vi?
432 4699 578 4764 undum
603 4678 695 4744 1¹¹⁸¹¹⁸
721 4677 858 4776 ⁰ffl¹¹⁶fff
879 4675 951 4742 ⁸1⁰⁰
978 4676 1130 4778 blasphe·
1267 4691 1468 4778 Diligentior
1483 4691 1620 4756 fuissem
1637 4691 1673 4755 in
1690 4687 1925 4773 respondendo,
1948 4688 2157 4758 dileetissimis

148 4778 243 4855 miiS,
279 4767 464 4845 fffiufflbufli
492 4775 592 4850 alque
612 4762 896 4829 flxfflndffloessfflffl
930 4773 1010 4846 ‘1¹¹⁰t
1031 4773 1130 4830 Onam
1179 4781 1290 4860 frater,
1313 4779 1448 4844 nisime
1469 4777 1660 4843 retinuisset
1680 4776 1739 4841 illa
1760 4775 1943 4854 diffieultas,
1973 4795 2056 4859 quae
2078 4797 2154 4842 eum

148 4861 300 4932 familiae
325 4853 404 4921 inde
430 4852 563 4952 aeeisae.
612 4849 718 4915 Nemo
751 4847 956 4949 enimntenet
983 4849 1128 4930 modum,
1180 4887 1219 4932 00
1241 4865 1324 4931 mihi
1345 4861 1518 4930 ,mium
1542 4864 1613 4930 νὴ,
1641 4871 1692 4929 „gg
1717 4859 1803 4946 quod
1832 4862 1897 4928 tuq,
1927 4861 2031 4928 pm
2059 4881 2156 4928 ,m

150 4951 235 5036 quin
269 4963 342 5010 sese
373 4939 563 5016 exhauriat,
594 4943 652 5001 aut
682 4955 806 5000 sensim
846 4955 915 5018 ipse
948 4945 1128 5002 eonsumat.

150 5033 305 5103 Maxime
332 5027 388 5094 ubi
412 5024 453 5090 de
486 5020 643 5089 loerando
670 5022 794 5105 agitur,
826 5021 898 5085 lieri
925 5020 982 5086 vix
1011 5029 1128 5106 potest,
1180 5043 1384 5066 —---··r
1417 5069 1420 5078 ,

150 5121 232 5208 quin
254 5115 352 5184 Deus
372 5113 442 5262 iffiie
462 5108 612 5207 laedatur
632 5105 747 5206 alique·
761 5105 867 5171 mode.
901 5103 1014 5188 Quare
1036 5129 1128 5208 mag:
1249 5157 1276 5224 1)
1363 5192 1369 5206 Ι
1387 5161 1412 5210 α
1432 5154 1513 5224 3⁶⁸1>-
1532 5155 1573 5210 ed.
1589 5151 1689 5209 om
1705 5169 1733 5220 p.
1750 5149 1809 5218 346,
1827 5149 1913 5204 Lm
1929 5166 1956 5218 p.
1965 5147 2026 5220 4⁷4,
2043 5151 2156 5208 Hm

149 5223 280 5291 nopere
299 5219 382 5283 expe
416 5197 501 5282 tab
527 5193 594 5264 illie
615 5214 686 5259 esse
706 5191 846 5270 ιιιιιιοι,
874 5201 1035 5274 quantuni
1056 5195 1129 5260 fieri
1177 5243 1206 5295 ρ,
1225 5223 1285 5296 etl,
1332 5225 1411 5280 pm
1431 5241 1458 5293 μ
1475 5223 1538 5288 475,
1560 5225 1647 5278 M·
1666 5239 1693 5290 p.
1712 5219 1770 5274 217¹
1815 5218 1997 5288 ΛΜΨ
2025 5223 2153 5290 aalma

149 5297 272 5379 potest.
316 5283 489 5368 Optimum
510 5299 590 5346 vero
611 5277 774 5344 abstinere
794 5299 938 5362 prorsus.
1178 5312 1235 5353 eoa
1251 5297 1348 5353 ιιιιιι
1896 5369 1948 5425 w
