4804 6012
251 320 313 383 lca
1138 313 1367 382 CONSILIA.
2197 317 2260 383 168

252 510 283 586 e,
304 506 375 592 la):
400 506 487 572 Erat
505 505 599 572 Deus
619 505 655 569 in
678 502 813 571 Christo
834 502 995 570 mundum
1018 504 1232 572 reconcilians
1369 503 1474 570 Porro
1506 511 1711 588 argumenta,
1744 501 1862 588 quibus
1899 501 2081 568 orthodoxo
2108 501 2262 568 doctrina

251 593 325 673 sibi,
346 612 416 659 nen
437 591 605 675 imputans
622 589 813 655 hominihus
833 597 975 673 peccata.
1006 589 1162 656 Notanda
1181 597 1233 656 est
1284 587 1455 672 probatur,
1484 589 1609 655 diluere
1631 588 1757 667 volens,
1791 587 1876 653 nihil
1898 585 1988 653 aliud
2010 609 2108 672 quam
2130 589 2262 654 frivolis

251 679 351 745 etiam
374 698 460 762 quae
481 697 559 742 mox
577 674 749 742 subiicitur
769 676 912 741 iustitiae
929 675 1023 742 ratio.
1065 675 1232 761 numqui
1283 674 1409 742 cavillis
1430 675 1580 742 elabitur.
1624 673 1663 741 ei
1684 675 1720 738 in
1741 695 1874 740 caruem
1896 675 2016 739 mutari
2034 675 2140 757 potuit
2162 676 2263 758 spiri-

251 773 424 848 pcccatum
443 784 512 828 nen
533 769 679 841 noverat,
702 771 872 846 peecatum
894 783 954 845 pro
972 763 1067 828 nobis
1088 763 1173 839 fecit,
1194 771 1233 828 ut
1284 769 1348 838 tus,
1367 762 1443 843 quia
1463 759 1536 826 Deo
1559 769 1637 827 ιιιιι
1657 761 1768 826 οιιιίι
1788 759 1970 842 possibilia,
1998 780 2077 844 ergo
2104 768 2137 825 ιι
2165 769 2263 843 pater

253 849 382 916 iustitia
414 848 480 914 Dei
510 868 657 914 essemus
693 847 729 912 in
762 846 819 912 illo
852 845 943 928 (ibid.
962 871 993 914 v.
1013 851 1078 933 21).
1139 849 1233 915 Haec
1284 847 1371 912 verti
1398 847 1590 912 incernam
1618 847 1733 931 potuit
1784 843 1933 927 Quodsi
1960 843 2089 924 demus,
2118 844 2175 910 ubi
2197 847 2263 912 erit

254 935 366 1002 brevis
395 934 575 1000 admonitio
602 933 692 999 sanis
721 939 755 997 et
781 930 938 1000 modestis
972 933 1166 1014 lectoribus,
1196 944 1233 999 ut
1284 931 1374 1010 illud,
1402 932 1529 998 coelum
1552 943 1586 998 ct
1604 941 1727 998 terram
1749 952 1810 1016 ego
1831 930 1973 1014 impleo‘l
1996 933 2080 996 'teta
2097 933 2187 998 enim
2212 932 2263 998 di·

253 1042 364 1104 sporo,
393 1027 507 1087 contra
530 1017 687 1085 Osiandri
708 1019 904 1103 praestigias
931 1019 1120 1086 muniendis
1142 1021 1232 1086 sulti·
1284 1019 1405 1084 vinitas
1433 1019 1497 1084 erit
1525 1039 1644 1102 eorpus
1671 1039 1792 1095 unum,
1820 1015 1905 1100 quod
1933 1016 2003 1082 loco
2025 1017 2264 1101 comprehendi

253 1108 326 1174 ciet.
369 1105 485 1188 Neque
507 1106 596 1172 enim
623 1104 678 1168 len
726 1125 760 1168 m
789 1105 945 1170 volumen
974 1106 1115 1172 scribere
1143 1125 1233 1172 nuno
1284 1125 1417 1170 necesse
1446 1112 1504 1170 ιιι
1554 1105 1682 1170 Iamsi
1709 1104 2007 1186 corporealuisset
2034 1102 2191 1170 divinitas
2226 1106 2263 1170 in

252 1200 358 1271 ιιιιι,
381 1213 443 1258 ιιι
464 1190 619 1275 expedire
640 1191 675 1256 iu
700 1193 756 1256 ἰο.

537 1461 682 1518 coarat
699 1461 951 1530 nauseam)

577 1581 728 1649 decenos
749 1581 917 1648 ditiorenio.

340 1704 393 1770 'l'u
414 1723 504 1784 vcro,
525 1702 738 1786 integerrime
760 1703 870 1782 frater,
893 1703 1028 1768 minime
1041 1704 1144 1772 literis
1167 1707 1232 1772 tuis

253 1811 308 1856 me
330 1789 499 1867 obtundis,
526 1787 644 1872 quibus
672 1787 875 1871 interpellari
897 1797 1029 1874 gretirm
1051 1801 1102 1856 est
1123 1812 1161 1858 ae
1182 1793 1233 1858 iu·

254 1873 409 1942 cundum.
455 1877 599 1940 'tantum
625 1893 778 1958 cuperem
806 1874 925 1941 laetius
953 1876 1013 1942 tihi
1042 1876 1112 1942 dari
1134 1899 1232 1963 argu·

254 1970 421 2040 mentum,
450 1969 489 2025 ut
517 1960 598 2025 mihi
628 1959 785 2044 gaudium
815 1968 908 2026 tuum
936 1983 1109 2028 commune
1138 1974 1232 2030 esset.

255 2046 325 2116 Sed
346 2045 476 2130 quando
498 2046 546 2111 ita
567 2045 712 2111 Domino
732 2067 793 2110 nos
814 2067 966 2113 exercerc
988 2047 1105 2131 placet,
1127 2071 1232 2130 ouras,

255 2153 339 2218 quoe
363 2142 396 2196 te
429 2131 560 2214 publiea
588 2131 744 2198 ecclesiae
768 2151 867 2198 eausa
890 2143 1033 2216 angunt,
1063 2137 1232 2203 internos

255 2219 490 2285 communicari
522 2216 698 2282 molestum
730 2238 801 2282 esse
834 2239 901 2283 non
934 2219 1039 2284 debet.
1094 2221 1232 2288 Utinam

254 2325 334 2370 vero
356 2303 397 2370 ad
420 2312 453 2369 tc
472 2302 656 2369 iuvandum
677 2303 815 2368 facultas
842 2311 919 2370 voto
947 2325 1007 2388 par
1033 2315 1231 2390 suppeteret.

257 2389 432 2456 Caeterum
455 2389 611 2472 quidquid
633 2391 668 2454 in
684 2410 738 2454 me
756 2396 808 2454 eet
828 2410 946 2472 operae
968 2411 1006 2457 ao
1026 2391 1169 2472 subsidii,
1194 2394 1232 2458 li·

255 2476 371 2542 benter
392 2475 453 2540 tibi
469 2476 649 2558 impertiar.
694 2475 872 2542 Mennonis
892 2476 1049 2555 doctrina,
1070 2499 1169 2561 quam
1191 2501 1233 2544 ex

256 2559 381 2626 deliriis
403 2559 673 2627 Manichaeorum
696 2560 815 2640 hausit,
838 2561 920 2626 mihi
942 2583 1008 2627 non
1030 2572 1102 2628 crat
1120 2565 1233 2649 incog-

255 2647 336 2712 nita.
369 2647 533 2714 Fallaciae
555 2668 620 2712 non
642 2647 690 2711 ita
711 2646 844 2730 ponitus
866 2649 1033 2714 tenebam:
1056 2650 1173 2732 quibus
1194 2659 1234 2716 ut

169 2809 170 2812 Ἴ
255 2733 385 2799 obviam
408 2753 473 2813 eas,
505 2731 675 2798 fatendum
697 2739 748 2796 ιιι
768 2752 806 2799 ae
828 2733 969 2800 dilucide
991 2735 1232 2818 explicandum,

255 2819 352 2885 siemi
375 2827 408 2884 te
430 2818 543 2886 fecisse
565 2839 632 2883 non
653 2818 776 2896 dubito,
804 2817 975 2885 Christum
993 2819 1104 2886 Deum
1125 2823 1232 2888 mani·

253 2905 410 2970 testatum
427 2905 462 2970 in
484 2926 593 2983 carne,
615 2926 731 2970 verum
751 2925 824 2970 esse
833 2903 898 2970 Dei
920 2907 1035 2972 filium.
1067 2908 1113 2972 Et
1129 2929 1234 2990 quan·

255 3011 356 3075 quam
377 3011 499 3056 nomon
520 2990 579 3056 filii
601 2990 731 3074 proprio
752 2991 787 3055 in
807 2990 952 3057 divinam
970 3001 1123 3060 naturam
1145 3014 1233 3060 cem-

255 3076 349 3160 petit,
372 3084 406 3142 ot
427 3076 469 3142 ad
491 3097 564 3141 cam
585 3077 736 3154 refertur,
759 3075 926 3142 hominem
944 3085 1055 3144 tamen
1077 3079 1169 3144 illum
1192 3102 1234 3144 ex

256 3162 387 3247 virgine
414 3161 562 3246 genitum
590 3162 722 3246 proprie
748 3161 853 3228 filium
882 3165 1001 3230 vocari.
1046 3163 1134 3244 Quia
1155 3185 1234 3248 qua-

255 3255 354 3314 tenus
375 3248 536 3314 mediator
557 3257 607 3323 est
628 3259 661 3313 et
682 3257 782 3330 caput
802 3249 1060 3316 ecelesiaeDeus
1078 3261 1112 3316 ιι
1127 3251 1233 3330 hemo,

256 3335 362 3400 filium
384 3334 449 3402 Dei
470 3342 591 3399 natura
612 3355 682 3400 esso
705 3341 843 3417 oportet,
863 3342 900 3400 ut
921 3335 1105 3418 adoptionis
1127 3337 1235 3421 gratia

256 3441 318 3486 nos
340 3420 402 3486 sibi
424 3421 613 3504 coniungat.
647 3419 822 3486 Caeterum
843 3420 922 3486 inde
941 3430 1150 3506 praepostere
1167 3423 1234 3489 col·

255 3506 388 3591 hgitur,
417 3507 566 3590 genitum
596 3527 666 3571 ιιιι
694 3506 860 3572 hominem
890 3529 931 3572 ex
961 3509 1063 3591 patris
1092 3510 1233 3575 somine:

255 3592 333 3676 quia
354 3603 488 3676 prepter
510 3611 662 3656 arcanam
684 3611 875 3676 sacramque
896 3594 1051 3658 unionem
1080 3593 1233 3660 divinita-

256 3677 300 3743 tis
332 3700 409 3746 cum
437 3699 552 3754 carne,
584 3685 673 3742 totus
702 3677 856 3744 Christus
883 3700 961 3745 vere
989 3679 1109 3746 dicitur
1134 3681 1233 3760 filius,

258 3765 355 3831 sicuti
377 3763 553 3848 pmecipue
580 3785 623 3828 ex
643 3764 742 3828 Pauli
770 3764 881 3830 verbis
911 3765 1018 3848 primo
1046 3765 1087 3830 ad
1110 3767 1234 3832 Roma·

257 3871 319 3916 nos
340 3851 447 3935 eapite
469 3852 515 3934 (v.
534 3853 563 3928 3,
582 3850 634 3928 4),
662 3849 743 3914 item
766 3851 866 3914 etiam
888 3871 975 3915 nono
998 3853 1043 3935 (v.
1065 3852 1098 3936 5)
1120 3852 1232 3936 liquet.

257 3933 517 4020 Quibuseuuquc
548 3935 638 4002 onim
667 3935 796 4002 cavillis
822 3935 916 4000 ludat
937 3937 1077 4016 Manno,
1107 3941 1232 4022 perepi-

257 4043 338 4088 cuus
358 4029 408 4086 ιιι
430 4043 556 4101 sensns,
576 4022 682 4086 filium
704 4019 769 4086 Dei
791 4041 863 4086 csse
884 4041 927 4086 ex
949 4025 1074 4088 semine
1094 4025 1232 4090 Davidis

257 4107 440 4172 seeundum
462 4129 603 4174 caruem.
647 4105 749 4185 Item',
776 4104 956 4186 Christum,
984 4110 1040 4190 qui
1062 4108 1155 4174 Deus
1182 4119 1234 4175 ιιι

256 4192 447 4259 benedictus
468 4194 502 4258 in
520 4193 664 4271 saccula,
695 4215 736 4259 ox
757 4192 889 4258 Iudaeis
918 4193 1078 4278 originem
1101 4195 1233 4260 trahere

257 4277 437 4346 secundum
459 4300 601 4344 carnem.
638 4279 755 4363 Itaque
777 4279 899 4344 frustra
919 4278 1006 4348 locos
1028 4281 1153 4362 arripit,
1176 4282 1233 4347 ubi

256 4373 393 4432 vocatur
423 4363 576 4430 Christus
604 4364 704 4430 homo
730 4364 795 4429 Dei
824 4363 928 4430 lilius:
961 4366 1039 4448 quia
1067 4367 1102 4430 in
1129 4373 1233 4430 totam

257 4448 381 4516 Christi
399 4471 572 4533 personam
589 4472 707 4516 nomen
724 4451 786 4516 hoc
801 4450 918 4516 merito
933 4451 1107 4518 confertur.
1135 4450 1233 4533 Quod

257 4543 367 4600 autem
389 4557 407 4600 ι
429 4535 520 4602 coelo
545 4537 676 4602 venisse
699 4535 853 4602 Christus
881 4534 1015 4615 dicitur,
1044 4548 1077 4602 et
1098 4559 1118 4604 a
1139 4551 1233 4621 putre

257 4621 385 4700 exiisse,
404 4619 445 4686 ad
464 4622 572 4688 carnis
587 4623 761 4688 essentiam
775 4642 945 4704 perperam
960 4623 1112 4688 trahitur.
1144 4625 1234 4705 Quia

257 4709 319 4774 etsi
341 4707 418 4773 inde
436 4708 589 4792 colligere
610 4708 687 4774 licct
698 4707 868 4773 Christum
890 4729 1009 4774 vorum
1031 4729 1102 4774 esse
1112 4708 1233 4789 Deum,

256 4793 320 4859 hoe
341 4801 453 4859 tamon
467 4815 534 4860 non
555 4802 624 4859 tom
640 4792 681 4858 de
699 4793 883 4860 substantia
900 4816 970 4873 sua,
989 4816 1087 4879 quam
1103 4793 1143 4861 tle
1160 4797 1232 4862 olfi-

256 4879 305 5029 {2⁰
317 4879 508 4980 praedicat:
530 4882 609 4964 quia
630 4879 747 4946 testari
767 4877 841 4946 vult
861 4879 947 4944 nihil
963 4903 999 4947 ιι
1016 4879 1147 4948 tradere
1168 4883 1234 4950 nisi

291 4987 417 5031 vanum.

326 5168 356 5233 1)
376 5168 451 5238 Epp.
470 5169 588 5238 ctlleep.
607 5170 648 5225 ed.
660 5169 759 5224 Geato.
775 5169 873 5239 paee,
892 5170 982 5226 Lesa.
1018 5213 1024 5227 .
1043 5170 1103 5241 590,
1121 5172 1233 5227 Haece.

250 5235 776 5310 2.ecs,‚ea0uep.lee,amap.1ee.
804 5239 946 5296 Pertinere
979 5241 984 5256 '
1030 5239 1233 5297 uradalbbd.

1285 1189 1432 1270 Christo,
1460 1190 1541 1256 salse
1569 1189 1706 1256 dixisset
1727 1188 1837 1255 Deum
1864 1209 1936 1254 esso
1964 1189 2126 1272 spiritum.
2171 1189 2263 1256 Item

1285 1277 1565 1341 aresurrcctione
1587 1297 1661 1352 suo,
1690 1275 1842 1358 spiritum
1871 1295 2004 1340 carnem
2032 1283 2067 1339 ιι
2094 1296 2264 1342 essenon

1284 1361 1414 1428 habere.
1459 1363 1545 1426 Nam
1568 1363 1596 1428 si
1628 1361 1770 1444 excipiat
1798 1361 1939 1440 Manno,
1972 1369 2137 1426 mutatum
2158 1363 2264 1429 luisse

1283 1447 1434 1532 spiritum
1463 1449 1499 1512 in
1525 1469 1674 1527 caruem,
1703 1455 1741 1512 ut
1769 1445 1934 1512 desineret
1960 1467 2031 1512 esse
2058 1448 2144 1530 quod
2178 1456 2263 1528 oret,

1215 1567 1218 1576 <
1284 1533 1368 1598 nihil
1388 1531 1565 1599 absurdius
1587 1534 1668 1617 fingi
1689 1539 1804 1616 potest.
1853 1533 1980 1598 Peribit
2007 1533 2095 1598 onim
2117 1535 2264 1600 aeterni·

1284 1627 1336 1684 ιιι
1357 1619 1518 1685 esseutiae
1540 1619 1729 1702 spiritualis.
1775 1617 1870 1684 Adde
1892 1617 1979 1701 quod
2001 1619 2029 1684 si
2052 1639 2092 1684 ex
2120 1621 2186 1686 Dei
2210 1641 2263 1686 se-

1284 1705 1373 1770 mine
1393 1706 1525 1788 penitus
1547 1713 1599 1770 ιιι
1620 1704 1775 1770 Christus
1796 1703 1903 1781 homo,
1932 1705 1997 1768 iam
2020 1726 2087 1771 non
2108 1727 2177 1772 una
2199 1729 2263 1774 ιιι

1284 1790 1423 1874 simplex
1444 1793 1506 1855 crit
1527 1789 1592 1856 Dei
1614 1791 1772 1868 essentia,
1805 1789 1862 1856 scd
1885 1791 1919 1854 in
1942 1797 2053 1872 partes
2075 1792 2262 1858 secabitur:

1285 1884 1383 1959 atque
1411 1877 1459 1942 ita
1484 1877 1521 1940 in
1543 1878 1615 1942 Deo
1644 1878 1707 1940 erit
1734 1875 1868 1954 divisio,
1897 1895 1993 1958 quam
2019 1877 2144 1942 Menno
2172 1878 2264 1942 inter

1285 1962 1366 2028 duas
1396 1961 1523 2028 Christi
1557 1970 1694 2028 naturas
1720 1983 1787 2026 non
1814 1961 1967 2026 admittit.
2020 1960 2117 2043 Quod
2148 1964 2265 2030 obiicit

1284 2069 1351 2114 non
1373 2048 1441 2112 fore
1461 2048 1580 2132 alioqui
1602 2069 1721 2114 verum
1742 2046 1824 2113 illud
1852 2047 1999 2125 Ioannis,
2028 2047 2167 2114 verbum
2189 2071 2264 2116 ear·

1284 2155 1359 2199 nom
1378 2155 1449 2200 ιιιι
1467 2135 1598 2214 factum,
1621 2135 1699 2218 quia
1720 2133 1792 2200 fieri
1813 2155 1879 2198 non
1897 2133 2060 2218 significet
2081 2155 2263 2214 assumere,

1284 2221 1494 2304 nugatorium
1528 2229 1585 2286 ιιι
1639 2220 1727 2285 Νιιι
1759 2229 1848 2286 certe
1875 2219 2042 2304 apostolus
2072 2225 2090 2282 2
2120 2219 2163 2285 ad
2190 2222 2264 2288 He·

1285 2307 1399 2371 bracos
1423 2306 1529 2390 eapite
1556 2309 1601 2386 (v.
1627 2305 1678 2391 ιι)
1706 2326 1725 2370 a
1753 2303 1878 2372 Ioan'ne
1907 2327 1974 2370 non
2003 2305 2171 2372 dissentit:
2208 2309 2266 2392 qui

1285 2400 1396 2456 tamen
1429 2389 1617 2457 assumendi
1647 2392 1750 2457 verbo
1781 2392 1894 2456 utitur.
1950 2393 1996 2456 Et
2024 2391 2104 2458 satis
2133 2401 2266 2460 constat

1284 2477 1383 2544 huius
1404 2476 1603 2560 loquutionis
1624 2479 1721 2542 ratio:
1744 2479 1821 2560 quia
1834 2484 1872 2566 Ιιι
1889 2477 1960 2543 fieri
1979 2499 2038 2543 rex
2057 2475 2187 2558 dicitur,
2208 2479 2266 2563 qui

1286 2570 1363 2629 ante
1381 2563 1479 2628 homo
1498 2565 1645 2646 privatus
1662 2564 1740 2642 suit3
1764 2563 1840 2646 quie
1856 2563 1973 2646 incipit
1990 2584 2061 2630 esse
2079 2564 2167 2647 quod
2186 2574 2266 2632 ante

1285 2671 1350 2714 non
1373 2661 1452 2714 erat.
1497 2649 1613 2731 Itaque
1634 2669 1712 2714 vero
1733 2658 1768 2712 ιι
1789 2657 1877 2731 apte,
1905 2649 1964 2715 ubi
1991 2669 2125 2716 carnem
2153 2651 2266 2718 induit

1285 2735 1374 2801 filius
1397 2734 1470 2811 Dei,
1494 2733 1614 2801 dicitur
1635 2754 1711 2800 caro
1733 2735 1848 2800 factus.

1370 2819 1532 2886 Putidum
1550 2829 1599 2886 ιιι
1616 2820 1785 2905 effugium,
1804 2819 1867 2886 diei
1884 2819 1989 2886 tilium
2007 2820 2160 2900 hominis,
2184 2823 2266 2906 quia

1285 2907 1474 2972 hominibus
1495 2907 1676 2990 pmmissus
1697 2913 1755 2972 ιιι
1789 2905 1981 2972 Secundum
1998 2927 2077 2972 vero
2095 2929 2266 2974 commcn-

1285 3001 1357 3058 tum
1375 2991 1540 3058 adducens
1551 2993 1684 3070 Meuno,
1703 2992 1784 3058 satie
1803 2991 1948 3058 declarat
1965 2993 2088 3077 effugia
2109 3015 2145 3059 sc
2163 3015 2266 3077 quae-

1285 3099 1366 3142 rere.
1411 3078 1527 3143 Palam
1549 3098 1628 3144 vcro
1651 3085 1702 3143 est
1722 3079 1874 3144 hebraico
1900 3099 1991 3144 more
2018 3080 2127 3145 vocari
2155 3081 2266 3146 filium

1286 3163 1429 3229 heminis
1448 3184 1565 3230 verum
1586 3163 1764 3229 hominem.
1808 3164 1894 3230 Nam
1917 3163 2071 3231 Christus
2088 3164 2180 3230 haud
2203 3165 2266 3231 du·

1286 3251 1338 3316 bio
1359 3250 1497 3333 phrasin
1519 3249 1652 3332 linguae
1674 3271 1753 3316 suae
1774 3250 1918 3316 retinuit.
1963 3249 2052 3331 Quid
2070 3264 2181 3316 autem
2204 3272 2266 3335 per

1288 3335 1370 3400 filios
1393 3335 1501 3401 Adam
1523 3335 1663 3419 intelligi
1685 3337 1869 3412 conveniat,
1892 3341 1987 3401 extra
2004 3338 2266 3404 controversiam

1287 3442 1358 3487 ιιιι
1380 3421 1483 3488 debet.
1528 3423 1578 3487 Ac
1598 3441 1642 3486 ne
1668 3421 1799 3506 longius
1825 3422 1995 3501 abeamus,
2023 3421 2113 3488 locus
2135 3423 2266 3488 Psalmi

1286 3507 1393 3574 octavi
1416 3507 1461 3591 (v.
1480 3507 1516 3592 l)
1539 3505 1700 3589 quemad
1723 3505 1893 3573 Christum
1921 3506 2057 3590 apostoli
2080 3528 2266 3574 accommo-

1286 3593 1368 3660 dant
1389 3614 1520 3658 omnem
1542 3594 1799 3658 controversiam
1818 3593 1956 3658 dirimit:
1979 3593 2067 3674 Quid
2090 3603 2141 3659 ιιι
2162 3593 2265 3660 home

1286 3678 1372 3763 quod
1394 3699 1520 3744 memor
1541 3699 1577 3744 cs
1599 3680 1679 3759 eius,
1702 3688 1760 3744 aut
1777 3678 1864 3744 filius
1886 3679 2029 3744 hominis
2048 3678 2125 3763 quia
2146 3680 2264 3746 visitas

1286 3764 1384 3830 cum?
1430 3763 1527 3846 Quod
1548 3763 1590 3830 do
1611 3764 1792 3830 masculino
1813 3786 1934 3848 genere
1961 3773 2123 3848 nugatur,
2152 3765 2265 3832 colere

1285 3871 1420 3936 prorsus
1448 3861 1553 3917 caret:
1587 3852 1664 3933 paria
1696 3851 1784 3916 filius
1810 3850 1953 3917 hominis
1981 3859 2132 3930 vocatur,
2167 3853 2265 3918 euius

1286 3937 1379 4022 origo
1400 3957 1478 4004 vore
1498 3958 1540 4002 cx
1562 3937 1670 4002 Adam
1689 3937 1795 4001 fluxit.
2108 4001 2113 4011 ,

1371 4021 1483 4104 Quum
1511 4021 1649 4088 dicimus
1677 4023 1860 4104 oportuisse
1886 4022 1921 4086 in
1944 4042 2042 4087 carne
2060 4029 2180 4088 *nestra
2203 4043 2264 4087 ex·

1284 4109 1367 4192 piari
1390 4115 1522 4190 peccata
1542 4107 1666 4188 mundi,
1688 4109 1813 4173 frustra
1830 4108 1892 4174 hoc
1911 4108 2109 4191 principium
2127 4107 2263 4174 convol-

1284 4195 1352 4259 lere
1372 4195 1492 4258 nititur
1512 4193 1652 4259 Manno:
1675 4195 1760 4276 quod
1782 4195 1870 4260 claro
1892 4215 1912 4258 a
1934 4193 2037 4258 Paulo
2059 4193 2221 4260 asseritur
2243 4197 2262 4256 5

1285 4280 1326 4344 ad
1348 4280 1515 4344 Romanos
1537 4281 1643 4364 capito
1665 4279 1712 4366 (v.
1737 4279 1871 4363 10,19).
1918 4279 2006 4344 Nam
2032 4277 2118 4362 quod
2146 4289 2265 4344 contra

1285 4365 1403 4444 obiicit,
1426 4365 1590 4431 neminem
1613 4386 1654 4431 ex
1676 4387 1774 4432 carno
1792 4365 1969 4448 peccatrice
1987 4373 2184 4449 prognatum
2202 4387 2264 4448 po-

1286 4453 1387 4518 tuisse
1407 4450 1514 4536 legem
1534 4451 1686 4534 implere,
1714 4451 1834 4518 solutio
1862 4449 2003 4534 petenda
2031 4457 2082 4516 est
2108 4473 2150 4515 ex
2174 4455 2193 4514 8
2220 4449 2264 4516 ad

1284 4537 1451 4604 Romanos
1473 4542 1579 4620 capite
1599 4538 1646 4620 (ι.
1660 4543 1695 4621 3)
1717 4537 1771 4602 ubi
1791 4536 2019 4604 docetPaulus
2040 4533 2264 4620 expiationem

1285 4624 1404 4689 factam
1426 4624 1460 4688 in
1483 4623 1697 4689 similitudine
1719 4624 1827 4690 carnis
1849 4624 2045 4707 peccatricis.
2095 4622 2263 4688 Naturam

1285 4710 1373 4776 enim
1394 4707 1537 4774 hominis
1558 4731 1624 4776 nou
1647 4731 1667 4774 a
1688 4709 1848 4794 principio
1870 4709 1970 4775 fuisso
1991 4717 2179 4792 corruptam
2201 4729 2263 4773 no-

1286 4804 1356 4860 tum
1384 4801 1450 4872 ιιι,
1485 4793 1542 4860 scd
1571 4787 1650 4860 vitio
1682 4795 1884 4862 accidentali.
1934 4793 2023 4875 Quia
2052 4815 2131 4878 ergo
2152 4793 2264 4860 obstat

1285 4902 1348 4964 quo
1374 4880 1485 5030 minus
1518 4881 1578 4946 filii
1605 4882 1656 4948 sui
1686 4901 1817 4949 carnem
1846 4879 1939 4947 Deus
1968 4882 2171 4948 sanctificare
2200 4900 2263 4963 po·

1285 4967 1386 5032 tuerit

1371 5055 1616 5136 Argumentum
1638 5051 1738 5117 otiam
1765 5051 1848 5118 illud
1869 5053 2002 5118 firmum
2024 5059 2151 5117 manet:
2184 5051 2262 5116 Nisi

1285 5139 1384 5204 luerit
1403 5138 1570 5224 genoratio
1592 5137 1734 5204 hominis
1750 5137 1882 5216 Christi,
1905 5159 2024 5204 novam
2045 5139 2147 5204 luisse
2168 5157 2262 5204 erea-

1286 5225 1418 5290 tionem.
1462 5225 1546 5290 Nam
1569 5223 1657 5308 quod
1686 5224 1807 5307 excipit
1832 5245 1899 5290 non
1921 5225 2022 5290 luisse
2043 5245 2146 5292 novas
2168 5245 2262 5292 erea-
