4852 6022
169 327 231 390 309
1072 325 1153 387 15³9
1174 322 1267 390 IAN.
2101 331 2169 396 tro

168 515 235 594 dos,
258 512 365 596 quiad
377 519 581 612 praesentem
598 531 730 612 caruem
741 511 827 576 nihil
843 512 1019 595 pertinent,
1042 513 1139 577 omit·
1164 520 1166 623 4
1189 513 1225 576 in
1246 511 1368 595 populo
1388 512 1574 590 israelitico,
1597 533 1697 596 quum
1716 513 1790 578 aliis
1811 515 2032 600 compluribus
2052 537 2168 583 saecu·
2212 479 2218 498 ⁹

168 609 285 666 minus.
329 599 505 683 Agendum
528 598 610 662 mrhr
630 600 693 662 furt
714 619 788 663 cum
810 597 964 662 iratribus
984 617 1068 680 quae
1087 619 1139 662 es·
1190 597 1241 674 lis,
1264 605 1337 662 tum
1358 605 1465 664 aetate
1476 599 1612 676 Ohristi,
1635 619 1740 682 neque
1762 607 1874 665 tumen
1891 622 2037 683 unquam
2060 602 2166 668 desie-

167 697 217 753 set
238 687 326 751 iusta
347 686 432 752 ratio
454 695 659 750 sacramanta
670 684 805 748 Domini
827 682 1057 766 participandi:
1080 704 1139 766 pro
1190 691 1269 750 runt
1290 684 1336 766 pii
1360 692 1417 748 aut
1438 684 1671 750 circumcidere
1694 685 1762 750 illio
1784 707 1858 751 auos
1880 686 2009 768 liberos,
2032 695 2090 752 aut
2112 708 2166 754 sa-

167 773 314 840 conlesso
343 791 474 836 assumo
507 777 602 834 extra
629 769 797 834 ecclesiam
826 789 892 834 non
923 789 994 834 asse
1025 789 1139 833 eorum
1190 770 1313 835 crificia
1334 769 1483 852 ritusque
1504 770 1683 836 celebrare:
1714 792 1751 836 ac
1779 793 1822 836 ne
1844 770 2008 839 Dominus
2030 773 2165 856 quidem

167 879 272 956 usum,
295 865 333 922 ut
353 858 500 939 ipsorum
522 855 797 937 dispensationem
809 854 973 920 Dominus
995 854 1062 918 illic
1083 853 1139 918 de-
1190 856 1261 938 ipse
1282 855 1417 938 eiusque
1433 855 1568 939 apostoli
1586 876 1606 920 a
1624 865 1900 922 sacramentorum
1918 859 2165 941 participatione

167 953 285 1029 posmt
331 943 459 1008 Rursus
481 961 541 1006 neo
563 941 643 1005 illud
666 941 781 1024 negari
803 949 924 1022 potest.
954 961 1025 1006 esse
1049 940 1139 1023 piam
1190 940 1431 1020 abstinuerunt,
1451 941 1608 1024 quamdiu
1618 941 1751 1024 quidem
1769 943 2025 1009 Pharisaeorum
2042 946 2164 1026 impro-

168 1037 448 1097 racramentorum
489 1027 771 1109 participationem
811 1025 867 1090 ubi
908 1035 957 1090 est
996 1026 1139 1092 ecelesia.
1191 1027 1293 1092 bitete
1315 1045 1352 1091 ao
1374 1029 1546 1112 tyrannica
1568 1029 1704 1094 saevitia
1725 1049 1790 1092 non
1814 1037 1891 1093 sunt
1911 1028 2068 1112 impediti.
2108 1029 2166 1094 Id-

167 1116 266 1182 Nuno
288 1113 397 1179 dande
418 1123 468 1178 est
495 1111 649 1178 ecclesiae
677 1112 836 1188 delinitio,
864 1131 948 1192 quae
976 1113 1140 1194 praesenti
1191 1133 1253 1195 que
1275 1113 1407 1176 merito:
1430 1113 1594 1178 residebat
1615 1114 1703 1178 enim
1728 1114 1794 1180 illio
1816 1115 1930 1181 foedus
1951 1116 2094 1194 Domini,
2117 1115 2164 1179 le-
2245 1185 2249 1191 ἱ

168 1208 361 1284 argumento
388 1199 568 1265 conveniat.
623 1199 704 1263 Dico
731 1200 833 1281 igitur
857 1199 924 1263 illio
946 1218 1016 1262 esse
1038 1197 1140 1264 ecole-
1192 1198 1242 1281 gis
1265 1198 1413 1262 doctrina
1441 1207 1605 1281 utcunque
1632 1199 1741 1264 locum
1768 1201 1944 1278 retinebat,
1974 1201 2066 1266 nulla
2095 1209 2165 1269 erat

169 1289 260 1364 siam,
280 1287 336 1351 ubi
354 1285 560 1370 praedicatur
575 1284 722 1349 doctriua
739 1303 803 1367 que
820 1284 913 1347 velut
929 1283 1140 1348 hindamsnto
1191 1283 1384 1362 idololatria,
1407 1285 1559 1366 impietas
1580 1285 1615 1349 in
1638 1284 1824 1350 hominibus
1842 1293 1913 1350 erat
1934 1291 2042 1370 potius
2065 1305 2165 1370 quam

169 1373 304 1440 suffulta
324 1372 512 1436 sustinetur.
557 1370 731 1452 Utcunque
752 1370 850 1434 etiem
872 1369 986 1434 naevis
1008 1389 1141 1451 aspersu
1191 1371 1227 1433 in
1260 1370 1450 1434 ministerio.
1506 1371 1596 1454 Ergo
1629 1369 1783 1436 ecelesiae
1818 1371 1942 1436 honore
1975 1374 2165 1439 societatem

169 1462 213 1525 sit
234 1456 446 1541 praedicatio,
474 1455 557 1520 mihi
585 1455 664 1520 satis
694 1464 744 1520 est
771 1455 897 1520 salvum
922 1463 956 1518 et
981 1454 1140 1519 illibatam
1193 1453 1353 1534 eiusmodi
1379 1455 1455 1520 lioet
1483 1455 1578 1520 valde
1610 1465 1797 1538 corruptam
1826 1455 2031 1541 dignabatur.
2077 1457 2164 1523 Ouu-

169 1546 290 1610 hsbere
311 1542 589 1608 fundamentalem
608 1540 803 1618 doctrinam,
831 1547 987 1622 quantum
1010 1539 1051 1603 ad
1074 1549 1138 1604 sta-
1193 1561 1262 1606 ram
1285 1549 1396 1606 autem
1415 1549 1517 1606 totam
1538 1543 1689 1624 prosequi
1706 1563 1811 1624 neque
1828 1544 1960 1608 animus
1977 1557 2035 1622 est,
2059 1563 2179 1626 neque·

170 1629 350 1695 biliendum
373 1629 527 1694 ecclesiae
545 1647 672 1692 nomen.
718 1623 948 1692 Siccensium
970 1625 1054 1690 mihi
1072 1625 1140 1690 Ge-
1192 1647 1324 1692 neeesse
1353 1635 1444 1709 puto.
1493 1627 1568 1691 Non
1595 1629 1683 1692 enim
1716 1626 1830 1693 dubito
1861 1629 1940 1711 quin
1968 1649 2023 1694 eas
2055 1639 2166 1712 partes

167 1736 275 1782 nevae
296 1713 461 1791 concedis,
492 1711 570 1797 qnid
597 1712 709 1777 fideles
736 1710 938 1794 prohibebit,
968 1713 1140 1793 quominus
1191 1720 1404 1797 suscepturus
1425 1712 1470 1776 sit
1492 1712 1648 1786 Farellus.
1694 1712 1907 1794 Quinetiam
1936 1714 2032 1780 valde
2060 1715 2164 1780 miror

168 1809 374 1869 sacramenta
396 1801 531 1866 Domini
552 1797 769 1883 participent?
815 1801 861 1862 At
882 1818 941 1880 ego
963 1797 1071 1878 palum
1088 1817 1140 1861 sa·
1192 1797 1271 1864 adeo
1293 1798 1354 1863 tibi
1375 1799 1491 1864 obtusa
1513 1798 1618 1864 videri
1636 1818 1709 1863 mea
1731 1809 1933 1882 argumenta,
1957 1809 1995 1865 ut
2015 1819 2165 1885 pungere

168 1889 339 1971 orilegium
366 1887 476 1968 potius
503 1887 570 1950 fore
597 1904 695 1968 quam
723 1893 961 1950 sacramentum
996 1903 1140 1965 pronun·
1192 1883 1308 1961 ducas,
1338 1905 1405 1948 non
1433 1885 1608 1967 perforare.
1659 1885 1716 1949 Me
1742 1893 1828 1950 certe
1857 1905 1924 1949 non
1952 1893 2164 1969 pupugerunt

168 1974 263 2046 ciari.
286 1974 314 2037 si
335 1992 470 2037 coenam
485 1971 616 2036 Domini
634 1970 862 2034 distribuerem
879 1969 968 2032 inter
989 1989 1057 2033 eos:
1082 1987 1141 2032 neo
1192 1969 1297 2048 modo,
1320 1969 1378 2035 sed
1399 1978 1467 2034 toto
1489 1978 1618 2054 pectore
1639 1971 1921 2036 constrinxerunt:
1951 1970 2086 2054 proinde
2109 1993 2167 2038 su·

169 2069 257 2126 certe
282 2056 372 2122 aliud
398 2077 485 2122 nunc
514 2057 569 2122 vel
598 2055 703 2120 sentio
733 2055 785 2120 vel
807 2054 929 2137 loquor.
974 2056 1021 2119 At
1042 2053 1142 2118 huius
1191 2075 1356 2138 pervacua
1376 2063 1428 2120 est
1448 2056 1512 2120 ista
1533 2055 1731 2134 exhortatio,
1761 2077 1803 2120 ne
1830 2057 2004 2121 veritatem
2031 2057 2065 2121 in
2087 2079 2165 2123 eon-

169 2145 301 2212 sceleris
318 2143 367 2208 rei
384 2151 463 2208 sunt
479 2163 554 2208 cum
573 2141 731 2205 ministris
749 2147 878 2204 tantum
897 2140 920 2204 ii
938 2141 995 2222 qui
1013 2138 1142 2222 indigni
1193 2142 1329 2205 seientia
1359 2162 1433 2206 mea
1464 2143 1656 2225 cuiusquam
1694 2141 1868 2206 autoritate
1898 2143 2016 2226 perimi
2047 2143 2164 2225 patiar.

169 2231 342 2298 accedunt:
364 2249 440 2293 nam
463 2249 563 2310 quum
584 2226 650 2291 illis
673 2227 846 2291 commissa
867 2227 909 2290 sit
932 2223 1140 2308 dispensatio,
1193 2225 1290 2307 Quod
1312 2247 1422 2292 coram
1442 2229 1585 2292 Domino
1607 2227 1804 2304 sentiebam,
1831 2247 1913 2310 pure
1944 2249 1981 2294 ac
2003 2229 2073 2294 sine
2096 2247 2167 2292 am·

167 2315 268 2382 fidam
291 2336 329 2380 ao
349 2313 555 2398 prudentiam
572 2311 726 2376 adhibere
748 2311 876 2389 debent,
900 2333 941 2375 ne
960 2311 1141 2393 promiscue
1193 2311 1330 2396 bagibus
1361 2313 1525 2395 professus
1557 2335 1638 2378 sum.
1691 2311 1728 2378 Si
1760 2313 1878 2396 quibus
1910 2333 1977 2378 non
2009 2315 2167 2396 probatur

169 2421 303 2468 sacrum
335 2399 471 2464 Domini
505 2399 700 2483 mysterium
733 2397 925 2480 exponendo
961 2397 1140 2479 profanent.
1193 2417 1267 2463 mec
1289 2399 1466 2476 sententia,
1494 2398 1639 2464 viderint
1668 2400 1690 2462 ii
1718 2420 1760 2464 ne
1788 2400 1859 2464 sine
1886 2400 2012 2465 ratione
2040 2399 2164 2466 frustra

168 2488 225 2564 Hi,
247 2486 324 2570 quia
345 2505 410 2550 non
434 2485 625 2550 discernunt
646 2503 765 2566 corpus
787 2483 934 2558 Domini,
958 2482 1141 2546 damnatio-
1193 2483 1380 2550 reclament
1436 2485 1507 2568 Ego
1540 2505 1709 2568 nunquam
1739 2482 1881 2550 adducar
1908 2493 1947 2549 ut
1979 2483 2165 2551 schismatis

168 2594 247 2638 nem
269 2571 330 2636 sibi
358 2591 450 2636 suam
479 2569 688 2638 manducant
733 2569 803 2633 Piis
825 2588 905 2632 vero
926 2567 1023 2650 quale
1045 2567 1142 2632 datur
1193 2569 1256 2634 sim
1279 2579 1387 2647 autor,
1416 2569 1517 2636 donec
1545 2569 1714 2636 eeclesiam
1742 2569 1839 2652 plano
1867 2590 1887 2633 a
1915 2571 1980 2636 Dei
2006 2571 2097 2635 cultu
2126 2593 2164 2638 uo

167 2656 385 2724 mandatum?
436 2655 563 2739 Nempe
591 2663 630 2720 ut
657 2675 692 2720 se
721 2655 859 2736 quisque
880 2654 1011 2736 probet,
1042 2662 1075 2717 et
1095 2655 1142 2717 sic
1194 2656 1285 2720 verbi
1307 2655 1547 2739 praedications
1569 2655 1723 2722 defecisse
1751 2675 1941 2739 cognovero.
1985 2656 2079 2722 Haec
2101 2657 2166 2723 les·

169 2745 210 2810 de
231 2763 318 2828 pane
339 2743 397 2807 illo
420 2741 503 2819 edat,
526 2750 560 2806 et
580 2741 621 2806 de
643 2740 743 2807 calice
764 2740 861 2806 bibat.
897 2738 964 2820 Qui
983 2759 1060 2823 ergo
1081 2759 1142 2820 pu·
1194 2741 1354 2819 tinenter‚
1388 2749 1485 2824 atque
1517 2739 1597 2807 adeo
1634 2743 1755 2824 ruptim
1792 2742 1954 2807 subtexui.
2006 2741 2166 2808 Bactrum

62 2834 67 2849 “
168 2851 242 2896 ram
274 2827 399 2894 hubent
436 2827 669 2894 conscientiam
707 2847 808 2908 pravo
849 2825 987 2890 aliorum
1027 2823 1141 2902 abusu,
1193 2825 1300 2893 adhuc
1332 2835 1568 2910 exspectamus.
1619 2827 1766 2893 Ecclesia
1799 2834 1913 2893 nostre
1940 2834 2107 2912 utcunque
2129 2847 2165 2893 se

168 2923 380 3000 praepostera
400 2933 528 3063 guoque
557 2912 856 3012 adminismations,
885 2931 952 2976 non
980 2917 1142 2988 arcentur,
1194 2919 1364 2978 sustentat
1409 2911 1528 2997 Operis
1555 2911 1621 2977 mei
1649 2913 1822 2978 editionem
1849 2913 1885 2977 in
1907 2913 2027 2980 alteras
2046 2911 2167 2978 nundi-

169 3001 269 3067 modo
304 3019 403 3066 secun
427 3019 483 3064 um
518 2999 653 3064 Domini
684 3003 927 3062 1nst1tutronem
965 3003 1143 3079 praeeunte
1194 3017 1255 3062 nas
1284 2997 1408 3063 differri
1429 3017 1561 3066 necesse
1588 2999 1660 3064 erit.
1671 3000 1701 3082 ⁴)
1744 2999 1837 3066 Haeo
1865 3006 1917 3066 est
1937 2999 2026 3066 fides.
2075 2997 2167 3066 Stur-

169 3087 271 3153 rerbo
292 3086 482 3152 celebretur.
526 3085 644 3167 Itaque
672 3084 727 3166 qui
754 3103 808 3147 me
837 3081 993 3148 dissidere
1015 3103 1143 3148 mecum
1193 3084 1280 3150 miae
1308 3089 1342 3150 et
1371 3084 1501 3166 Guepcr
1532 3093 1565 3151 te
1593 3085 1746 3151 salutant.
1798 3085 1891 3151 Vale.
1940 3085 2104 3152 Dominus
2132 3091 2168 3150 te

169 3179 297 3257 putent,
319 3191 487 3254 nunquam
509 3169 675 3253 assequuti
696 3168 772 3252 quid
795 3168 921 3234 vellem.
955 3167 1143 3232 Difficultas
1194 3177 1374 3237 conservet.
1419 3171 1967 3256 Argentorntib.1annarii1539.

168 3279 244 3324 msa
261 3259 298 3322 in
319 3257 502 3322 ministerio
523 3255 722 3321 vertebatur.
765 3255 836 3332 Isti,
860 3252 938 3318 dum
955 3253 1143 3318 ministrum
1897 3307 1903 3322 ,

170 3367 191 3411 a
212 3345 341 3428 privato
362 3343 518 3409 ecclesiae
537 3339 684 3407 membro
702 3361 766 3406 non
782 3338 1002 3422 distinguunt,
1023 3339 1145 3403 misera
1810 3307 1969 3376 Gallffllffl
1995 3315 2080 3376 ⁸⁰⁰⁸·

169 3429 360 3497 confusione
394 3435 430 3493 et
461 3449 497 3494 se
536 3436 570 3493 et
606 3435 711 3492 totum
750 3426 919 3510 negotium
959 3423 1143 3490 involvunt
1700 3433 1702 3438 ·

170 3515 268 3582 Adde
297 3513 384 3598 quod
404 3535 470 3580 non
492 3513 606 3579 hortor
627 3511 669 3578 ad
693 3531 764 3577 eam
792 3511 1053 3577 communionem
1080 3530 1145 3593 qua

169 3611 335 3668 testentur
351 3602 435 3666 bene
452 3601 663 3683 compositam
685 3598 854 3664 ecclesiam
872 3597 933 3662 sibi
950 3594 1067 3674 videri,
1086 3594 1143 3660 sad

169 3709 237 3771 qua
257 3695 388 3752 tantum
415 3687 634 3752 reverentiam
656 3684 782 3750 Ohristi
811 3682 979 3766 evangelio
1000 3701 1038 3746 ac
1055 3701 1089 3744 m
1113 3703 1144 3746 a·

170 3773 265 3839 teriis
286 3773 357 3838 eius
378 3771 541 3848 deferant,
571 3791 613 3835 ne
641 3791 676 3836 se
702 3777 826 3834 temere
847 3767 892 3919 alls)
909 3767 1045 3917 ecclllesia
1099 3768 1144 3830 ie-
1650 3754 1720 3820 157.

170 3868 264 3924 nent.
308 3861 358 3923 Ar
404 3866 515 3922 mente
541 3865 575 3920 et
600 3855 788 3921 testimonia
815 3855 869 3936 qui
892 3875 932 3919 us
984 3871 1041 3918 aso
1070 3871 1144 3916 sen·

171 3945 279 4010 tentia
298 3879 561 4026 escilusupsrque
581 3942 764 4020 roboratur,
787 3940 828 4005 ad
848 3939 1011 4006 Furetlum
1032 3947 1066 4001 et
1088 3937 1145 4002 Ze·
1434 3889 1685 3958 PAREI‘LUS
1708 3889 1925 3957 GALVINO·

170 4029 320 4096 emtam
341 4029 529 4112 perscripsi:
552 4027 613 4093 tibi
631 4025 791 4092 indicasse
814 4026 942 4104 suffieit,
965 4023 1051 4108 quod
1073 4023 1144 4088 sine

171 4133 272 4183 causa
291 4113 532 4182 excandescant
551 4113 629 4179 boni
650 4113 722 4192 viri,
746 4115 801 4196 qui
820 4113 944 4178 utinam
967 4129 1080 4176 veram
1099 4108 1145 4192 pii
1194 4153 1246 4218 Sia
1277 4149 1397 4225 schola,
1425 4148 1595 4230 disciplina
1620 4149 1722 4212 omnis
1750 4153 1778 4210 et
1799 4167 1901 4212 mom
1922 4151 2069 4212 comunt
2092 4169 2153 4230 W

1246 4203 1255 4232 r
2069 4199 2076 4228 ’
2152 4187 2167 4199 ⁸

171 4201 234 4266 “li
255 4201 403 4285 regulam
425 4208 581 4266 lenem*
1194 4242 1273 4318 curt,
1295 4239 1481 4316 evertuntur,
1503 4235 1583 4318 ipsis
1604 4234 1761 4299 ministris
1776 4233 1918 4314 passima
1938 4253 2074 4314 quaeque
2100 4253 2166 4300 mo·

171 4347 252 4452 ..4
259 4283 829 4457 terrasteiras
841 4300 1144 4451 ,retusus
1194 4321 1348 4401 ιιι
1369 4341 1445 4403 ιι
1466 4319 1604 4403 ιιι
1626 4323 1654 4386 ι
1873 4317 2018 4383 ιιι

170 4480 277 4542 spero,
299 4459 418 4524 veniet.
1476 4493 1482 4504 .
2029 4491 2034 4503 .

259 4543 371 4626 Quum
404 4543 491 4628 apud
520 4561 574 4607 mo
606 4541 713 4607 adhue
739 4540 853 4604 literae
880 4539 962 4603 ime
989 4538 1142 4615 imment,
1197 4495 1252 4562 (Ex
1270 4493 1438 4564 autographo
1455 4493 1520 4546 brbl.
1539 4487 1824 4624 pmwrffgggowm'
1847 4487 1917 4558 hipp.
1935 4488 2035 4544 Farellr
2062 4491 2125 4544 iasa
2143 4489 2165 4544 1.

171 4631 285 4712 tuasl)
314 4649 453 4714 quoque·
468 4629 551 4693 mihi
585 4629 688 4693 frater
715 4645 808 4691 meus
835 4623 992 4702 reddidit,
1025 4623 1143 4705 quibus

172 4716 269 4782 Video
291 4724 324 4781 te
346 4735 412 4780 non
433 4733 527 4781 setus
548 4723 646 4796 8111116
668 4713 748 4778 111108
764 4712 865 4776 fuisse
886 4710 1055 4775 affectum:
1086 4729 1143 4772 nll-
1281 4715 1391 4798 Quam
1419 4715 1586 4782 purissimo
1619 4712 1714 4778 fratri
1745 4711 1792 4778 10,
1823 4711 1961 4778 Calvino
1995 4711 2167 4778 Christum

172 4823 237 4886 que
264 4811 375 4866 tamen
403 4802 439 4865 in
467 4799 653 4883 praesentia
680 4817 739 4881 per
765 4795 920 4879 temporis
947 4793 1143 4860 brevitatem
1197 4801 1304 4869 Gallis
1325 4823 1406 4887 pure
1429 4799 1641 4868 adnuneiffnti

171 4895 272 4972 alique
293 4887 540 4970 willlpttlllonum
561 4885 676 4950 11111188
691 4883 870 4966 dlfflflplifll'e
887 4889 994 4946 10011111
1012 4879 1143 4963 longius
1867 4881 2078 4968 Argentinae,

171 4974 541 5144 gllgtitssffiizffig?
555 4967 1146 5140 ggffingggsegffieoeffiffiffiuffiess
1282 5007 1317 5075 S.
1351 5007 1551 5128 Gratulabar
1585 5005 1646 5072 tibi
1673 5003 1763 5088 prius
1796 5000 1882 5086 quod
1914 4998 2024 5084 procul
2052 5020 2166 5086 ageres

1284 4063 1425 4129 Geaevae
1445 4065 1545 4128 duae
1571 4081 1677 4126 rerum
1699 4063 1822 4127 omniuo
1843 4061 2030 4144 deploratus.
2064 4058 2170 4128 Eccle-

1300 5163 1330 5229 4)
1344 5123 1429 5232 uper
1457 5161 1507 5214 coe
1532 5165 1572 5214 eu
1595 5158 1786 5213 racemum
1809 5155 1850 5208 eu.
1873 5153 1934 5218 ιι,
1959 5167 2030 5219 mae
2049 5159 2168 5223 proptor

279 5246 308 5310 3)
326 5245 492 5314 matus.
1170 5169 1176 5282 l
1198 5231 1366 5305 typoprcplti
1387 5229 1545 5286 tarditatem
1570 5229 1659 5283 serius
1682 5244 1764 5296 quum
1788 5219 2081 5358 odulsoetfflditm
2097 5230 2168 5280 erut.
