4852 6022
176 323 235 386 401

175 612 309 698 Optimo
331 621 363 678 et
385 614 579 679 suavissimo
600 613 693 678 fratri
715 633 788 680 meo
805 613 905 680 Petro
923 613 1038 679 Vireto
1056 614 1147 680 Lan-

307 700 480 765 sannensis
501 699 654 765 ecclesiae
676 697 864 765 fidelissimo
886 700 1018 782 pastori.

258 852 372 934 Quum
391 852 505 918 literae
527 861 603 917 tuas
630 861 793 920 venerunt
819 853 886 918 iam
914 852 1077 920 socundus
1105 855 1147 920 ad

173 937 337 1023 principes
363 939 504 1004 nuncius
532 938 686 1004 dimissus
712 948 796 1014 erat,
828 959 1009 1022 perquem
1042 942 1147 1005 nostri

172 1025 341 1108 petierunt
361 1023 453 1088 illam
474 1023 515 1088 de
536 1043 601 1106 qua
621 1026 711 1107 prius
737 1047 755 1090 o
779 1033 875 1089 erent
900 1025 1107 1108 legationem,
1121 1026 1146 1110 ¹)

173 1109 292 1176 deinde
314 1109 450 1176 alteram
473 1129 602 1192 quoque
624 1109 665 1176 ad
688 1047 828 1194 Anpdum
856 1111 951 1188 mitti,
980 1111 1036 1193 qni
1065 1111 1147 1177 duos

172 1197 338 1280 episcopos
346 1197 375 1278 ²)
408 1204 443 1260 et
475 1195 596 1260 multos
618 1195 764 1262 doctores
791 1196 827 1260 in
853 1217 982 1262 carcere
1011 1195 1144 1276 detinet,

172 1281 258 1366 quod
291 1281 422 1346 furiosis
456 1281 526 1346 eius
553 1281 691 1346 decretis
717 1280 919 1347 subscribere
952 1283 1144 1348 recusarint.

172 1368 222 1433 Ne
250 1366 393 1446 dubites,
422 1368 468 1431 mi
495 1367 610 1445 Virde,
644 1388 714 1432 rem
741 1365 882 1433 Senatui
915 1375 1027 1433 nostro
1056 1369 1146 1434 cordi

172 1473 251 1520 esse.
298 1451 351 1518 De
381 1453 474 1518 nobis
502 1465 607 1528 tacco,
634 1473 716 1536 quos
743 1463 854 1518 tamen
881 1474 958 1518 cura
984 1453 1145 1520 bonorum

171 1541 309 1604 botrum
335 1540 469 1624 propius
499 1539 599 1604 afficit
625 1559 723 1622 quam
750 1539 928 1604 existimes.
978 1537 1017 1605 Si
1045 1541 1146 1606 verba

172 1625 243 1690 dari
262 1625 354 1691 vobis
371 1635 476 1707 putes,
499 1625 627 1707 quoties
647 1646 832 1691 successum
848 1645 946 1708 quem
964 1633 1057 1708 optas
1079 1646 1144 1691 non

171 1713 286 1790 cernis,
309 1731 375 1776 non
397 1711 476 1776 satis
498 1711 621 1794 cogitas
643 1711 721 1793 quid
743 1731 762 1776 s
784 1711 878 1776 nobis
895 1711 939 1775 sit
955 1720 1145 1794 exspectan-

171 1797 257 1862 dum.
303 1799 411 1878 Atque
433 1805 469 1860 ut
490 1797 574 1862 seias
596 1797 692 1862 istam
713 1796 901 1861 tarditatem
923 1797 1144 1881 negligentiae

170 1893 302 1948 nostrae
314 1883 448 1948 minimo
460 1903 553 1966 posse
563 1883 727 1964 imputari.
746 1891 880 1948 sanetus
896 1903 1023 1966 quoque
1034 1892 1145 1949 noster

169 1969 265 2035 valde
286 1969 427 2032 miratur
448 1989 516 2032 non
534 1969 658 2033 remitti
676 1967 738 2034 sibi
756 1969 923 2042 nuncium,
947 1990 1021 2034 cum
1040 1969 1143 2052 queli-

170 2074 299 2136 cnnque
313 2054 430 2118 saltem
446 2075 612 2138 responso,
630 2073 690 2120 neo
708 2053 836 2119 dubitat
853 2055 1015 2137 praesenti
1033 2075 1144 2120 rerum

170 2139 354 2206 conditione
386 2140 538 2223 impediri
571 2141 734 2223 prinsipes
772 2161 836 2222 qno
875 2141 984 2204 minus
1018 2150 1144 2206 certum

170 2225 293 2308 aliquid
315 2233 471 2290 statuant.
516 2225 669 2291 Edictum
690 2226 778 2309 regis
787 2227 827 2312 ὃ)
845 2226 999 2291 transtuli
1028 2246 1065 2290 ac
1087 2249 1143 2292 cu-

169 2311 241 2377 ravi
281 2310 538 2377 describendum.
590 2311 683 2376 Nihil
720 2311 926 2396 negligimus.
972 2309 1039 2377 Sed
1078 2333 1143 2376 non

170 2417 299 2479 semper
331 2397 535 2479 assequimur
567 2407 680 2462 nostra
718 2395 889 2482 diligentie
927 2396 1015 2479 quod
1050 2398 1143 2463 bonis

169 2483 320 2548 omnibns
341 2482 520 2566 optandum
542 2491 635 2548 esset.
688 2483 820 2548 Novum
849 2503 976 2567 quoque
1004 2483 1143 2568 impedi-

168 2577 318 2632 mentum
336 2570 596 2652 superaccessit
612 2589 653 2634 ex
674 2569 883 2635 contentione
901 2569 1029 2635 comitis
1050 2569 1143 2634 Gur»

169 2654 254 2720 lelmi
282 2675 356 2720 cnm
385 2655 521 2720 militiae
546 2665 578 2720 et
608 2655 702 2720 aulae
730 2654 838 2740 regiae
865 2655 1036 2736 praelecto,
1060 2675 1142 2737 quas

169 2741 296 2805 utinam
325 2737 457 2805 tandem
486 2740 607 2824 aliquid
637 2739 712 2805 boni
738 2741 853 2824 pariat
906 2738 1013 2805 Simul
1044 2749 1142 2823 atque

169 2823 306 2890 allatum
335 2827 433 2890 luerit
459 2847 667 2910 responsum,
702 2825 916 2910 quodcunque
943 2827 1020 2903 orit,
1051 2827 1142 2892 vobis

169 2911 327 2977 indicabo.
379 2911 514 2979 Utinam
543 2921 621 2977 voto
652 2921 763 2978 nostro
792 2911 995 2995 respondeat.
1048 2911 1142 2990 Quae

169 3017 210 3061 ex
233 2997 305 3062 aliis
335 2997 463 3063 Galliae
490 2997 636 3081 pertibus
664 2999 847 3062 afferuntur
873 2997 987 3063 literae
1017 2998 1142 3062 nullam

168 3083 369 3148 mentionem
386 3083 483 3148 edicti
501 3084 633 3149 iaciunt
678 3083 724 3148 Et
744 3105 823 3148 sane
841 3083 929 3149 inter
946 3085 1142 3150 vertendum
1202 3136 1208 3149 .

168 3169 363 3234 nonnullam
380 3169 462 3234 mihi
481 3171 699 3252 suspicionem
716 3169 827 3235 iniecit
844 3171 1041 3252 compositio,
1061 3191 1143 3252 quac
1242 3222 1248 3234 .

169 3275 285 3338 sapere
302 3256 440 3320 culinam
459 3255 657 3340 elegantiam
674 3275 742 3320 non
760 3253 938 3320 videbatur.
972 3253 1013 3320 Id
1033 3263 1143 3320 tamen

170 3341 258 3425 apud
280 3361 333 3406 me
354 3342 511 3420 continui,
535 3361 576 3406 ne
597 3342 737 3406 fratrum
759 3339 903 3424 periculo
931 3341 1040 3405 minus
1070 3340 1142 3405 dili-

169 3435 286 3510 genter
317 3427 549 3493 consuleretur.
605 3427 690 3492 Oum
722 3425 835 3493 Oorclo
867 3424 984 3509 quibus
1015 3426 1142 3510 legibus

168 3513 273 3576 nostri
301 3515 535 3598 transegerint,
568 3513 703 3598 posthac
733 3534 776 3578 ex
807 3512 947 3578 lectione
979 3511 1141 3578 rescisces.

169 3597 266 3663 Nune
298 3619 425 3681 quoque
457 3599 615 3664 nonnullo
653 3598 759 3666 scribo
787 3597 829 3662 ad
861 3596 1022 3664 Farellum
1060 3617 1142 3681 quae

170 3685 409 3751 communicare
431 3691 538 3750 tecum
557 3685 683 3769 poterit.
727 3686 800 3769 Ego
817 3704 908 3749 more
925 3704 997 3748 mco
1014 3691 1142 3749 coactus

169 3789 244 3835 sum
266 3772 426 3836 sustinere
448 3780 550 3835 totam
578 3771 722 3836 invidiae
744 3770 872 3835 molem.
917 3768 1006 3850 Quia
1031 3777 1142 3834 temen

168 3875 222 3920 res
240 3855 387 3922 confecto.
404 3866 462 3936 est,
484 3856 575 3923 dabis
593 3857 662 3940 ipse
680 3877 806 3940 quoque
823 3875 955 3938 operam
972 3863 1010 3919 ut
1028 3876 1142 3921 omnes

169 3949 297 4007 veteres
306 3943 450 4007 offensas
461 3942 660 4008 aboleantur.
683 3941 776 4020 Vale,
787 3943 832 4006 mi
843 3941 953 4006 irater.
995 3943 1142 4025 Argent,

169 4031 200 4090 8.
214 4025 327 4092 Octob.
352 4026 508 4092 Salutant
525 4037 557 4093 te
574 4049 688 4094 omnes
706 4028 831 4108 fratres,
852 4025 971 4110 Gopilc,
989 4025 1141 4107 Buram,

171 4111 335 4179 Sturmius
356 4121 389 4178 et
410 4113 536 4198 reliqui.

791 4247 949 4315 Calvinus
971 4255 1056 4316 tuus.

187 4469 254 4532 18⁰.
273 4471 302 4536 1)
320 4489 371 4540 pro
391 4471 481 4526 (doliis
496 4473 639 4539 [ratribus.
761 4503 763 4510 ›

273 4539 303 4607 2)
324 4540 489 4596 mmm
508 4540 742 4607 mmm
759 4545 785 4595 d
801 4540 972 4595 mmmm
984 4539 1143 4661 mm'mpj
1195 4574 1357 4638 rationem
1396 4571 1479 4635 mihi
1513 4591 1641 4653 quoqne
1675 4589 1753 4652 prae
1784 4569 1855 4633 aliis
1886 4570 2055 4652 probatam
2088 4575 2166 4632 tunc

170 4623 266 4675 marm,
283 4611 333 4680 qm·
349 4625 396 4664 seo
414 4610 548 4665 Articulis
565 4609 771 4664 cPorlommrc
788 4625 822 4663 m.
842 4607 925 4664 lunio
942 4607 1008 4661 1639
1060 4623 1122 4662 cmo

1040 325 1120 386 1539
1144 319 1307 391 OG'l'OB.

1651 514 1725 587 m.

1452 651 1703 722 LU'PHERUS
1726 649 1924 721 BUOERO.

1286 819 1462 888 mmmium
1481 811 1518 889 'et
1549 821 1715 890 Helviam
1735 830 1905 890 reverenter
1925 827 2062 893 solutori
2082 827 2173 896 iubet.

1200 991 1349 1057 (Sumimns
1371 969 1683 1074 ‘boc'cr'rrconacprdrmr
1712 996 1794 1048 solius
1824 996 1954 1066 epistolae
1982 998 2010 1050 iu
2038 1015 2092 1120 prun
2119 999 2173 1054 Vir

1198 1075 1318 1114 summus
1341 1061 1446 1116 Caluini
1470 1079 1568 1117 nomen
1592 1079 1651 1116 cnm
1675 1064 1754 1116 lunda
1777 1069 2025 1119 commemorator
2065 1083 2117 1122 cm.
2135 1068 2170 1122 V.

1197 1129 1268 1198 Epp.
1296 1130 1442 1184 Variorum
1474 1133 1502 1184 in
1534 1132 1661 1185 Archivis
1693 1131 1839 1185 Thomanis
1869 1134 1984 1203 Argent.
2033 1135 2171 1204 integram

1198 1199 1319 1266 reperies
1342 1217 1385 1269 sp.
1420 1201 1461 1254 De
1485 1201 1576 1256 Wette
1599 1201 1674 1254 Tom.
1698 1201 1729 1254 V.
1753 1218 1779 1270 p.
1802 1200 1860 1254 210.
1902 1204 1965 1271 lpse
1992 1204 2094 1258 Noster
2116 1223 2171 1260 non

1369 1269 1453 1322 semel
1470 1269 1504 1324 de
1522 1270 1573 1324 hoc
1591 1271 1678 1340 elogio
1696 1269 1749 1322 sibi
1765 1271 1916 1340 gratulatus
1934 1274 1999 1338 est.)

1199 1421 2172 1440 ---------------

1283 1471 1376 1536 Bono
1403 1473 1485 1538 vale.
1539 1475 1585 1538 Et
1613 1475 1770 1540 salutabis
1799 1476 1839 1539 D.
1869 1475 2052 1542 Iohannem
2082 1477 2172 1542 Stur-

1196 1559 1295 1622 mium
1312 1567 1345 1622 ct
1362 1557 1431 1622 Ich.
1452 1557 1618 1624 (latriam
1636 1571 1831 1638 reverenter,
1850 1582 1987 1643 quorum
2006 1563 2132 1630 libellos
2146 1561 2170 1650 ¹)

1197 1663 1270 1707 cum
1292 1643 1452 1728 singulari
1474 1645 1642 1728 voluptate
1664 1646 1736 1729 legi.
1784 1645 1926 1712 cadomo
1953 1657 2100 1730 optarem
2132 1657 2172 1714 nt

1196 1727 1343 1794 crederet
1356 1730 1465 1794 Deum
1483 1751 1554 1796 esse
1572 1738 1751 1797 creatorem
1771 1732 1941 1797 hominum
1960 1734 2059 1798 etiam
2077 1743 2172 1800 extra

1196 1813 1338 1880 Italiam.
1389 1813 1456 1880 Sed
1489 1815 1569 1883 haec
1602 1818 1770 1900 persuasio
1802 1839 1867 1882 non
1895 1827 2044 1900 penetrat
2073 1817 2171 1885 corda

1195 1899 1364 1980 Italorum,
1394 1921 1495 1984 quum
1523 1911 1635 1968 tumen
1662 1903 1722 1968 soli
1750 1923 1829 1986 pree
1856 1905 1992 1969 cacteris
2020 1907 2171 1971 aruerint

1196 1985 1291 2068 plane
1309 1986 1492 2052 humanum
1510 2007 1643 2054 sonsum
1661 2008 1739 2071 prae
1757 1987 1915 2072 snperbia.
1948 1989 2073 2055 Iterum
2086 1991 2169 2057 vale.

1196 2069 1260 2136 Die
1283 2071 1443 2154 Oalixti²)
1471 2077 1560 2138 1539.
1866 2075 1868 2081 ’

1739 2211 1775 2276 Τ.
1799 2210 1964 2276 Martinus
1985 2212 2123 2278 Lutber.

1434 2789 1669 2858 GALVINUS
1693 2789 1930 2858 GRYNAEO.

1280 2963 1331 3028 De
1363 2963 1479 3046 optima
1511 2961 1647 3028 methodo
1682 2961 1714 3027 S.
1751 2961 1783 3028 S.
1816 2964 1851 3028 ia
1883 2983 1978 3028 usam
2005 2962 2169 3046 ldeolopioe

1194 3049 1405 3114 studiosorum
1429 3047 1611 3114 merrondi.
1658 3049 1759 3130 Quem
1780 3047 1841 3114 sibi
1856 3049 2057 3132 prepostero
2076 3049 2169 3130 finem

1194 3157 1231 3200 m
1247 3135 1480 3218 inmpremma
1497 3133 1558 3215 Ep.
1578 3134 1621 3199 ad
1638 3133 1806 3214 Romanos,
1825 3139 1852 3199 et
1872 3155 1928 3201 eur
1945 3135 2169 3216 metallorum

1196 3222 1328 3286 eximios
1359 3219 1478 3286 labores
1507 3240 1601 3284 suom
1632 3240 1694 3284 roa
1732 3220 1873 3286 inulrlem
1903 3221 1970 3302 fore
1996 3221 2166 3302 putaverit.

1195 3305 1247 3372 De
1281 3305 1518 3372 Commentariis
1551 3303 1762 3371 Melammnis
1789 3303 1967 3390 Bullinperr'
1993 3311 2022 3372 et
2049 3305 2169 3374 Bmcert'

1195 3393 1362 3460 modestum
1383 3393 1546 3458 iudicium.

1195 3563 1259 3632 (Est
1277 3562 1411 3616 dedicatio
1429 3561 1621 3616 commentarii
1644 3561 1672 3614 in
1691 3559 1841 3630 Epistclnm
1864 3561 1941 3614 Pauli
1964 3560 1999 3614 cd
2022 3561 2166 3628 Romanos,

1195 3649 1212 3684 a
1230 3648 1283 3700 qna
1300 3631 1401 3684 Noster
1419 3632 1581 3701 scriptorum
1603 3647 1711 3684 snorum
1736 3631 1934 3698 exegetioornm
1957 3629 2054 3682 seriem
2078 3629 2167 3698 auspi-

1194 3707 1271 3754 catus
1288 3707 1337 3752 est.
1373 3701 1532 3752 Exeudebat
1554 3700 1728 3768 Argentomti
1752 3698 1926 3752 Wendelinns
1948 3698 2037 3751 Ribel.
2060 3697 2167 3751 1539-

1195 3768 1270 3834 1540,
1289 3785 1381 3822 mense
1399 3768 1498 3822 Martio
1522 3783 1589 3836 opos
1612 3769 1756 3821 obsolvens
1780 3784 1861 3836 quum
1885 3767 1951 3820 hese
1974 3767 2090 3836 epistola
2112 3767 2166 3820 iarn

1195 3839 1313 3894 Octobrc
1325 3841 1436 3892 exarata
1448 3835 1537 3890 inerit.
1566 3835 1742 3890 Recentimes
1759 3835 1891 3890 editiones
1909 3835 2095 3890 commentarii
2112 3835 2166 3890 slio

1530 3905 1588 3958 loco
1606 3905 1828 3970 recensebimus.)

1194 4095 1335 4162 Ioannes
1357 4091 1515 4160 Calvinus
1538 4089 1667 4244 Simogi
1688 4091 1843 4240 grymo
1866 4089 1936 4156 viro
1958 4091 2165 4158 ornatissimo

1279 4315 1426 4394 Memini,
1451 4335 1552 4398 quum
1570 4321 1646 4378 ante
1664 4311 1842 4377 triennium
1865 4311 1905 4378 de
1927 4313 2048 4394 optimo
2070 4334 2164 4379 enar-

1195 4401 1316 4468 randae
1338 4401 1517 4483 scripturae
1543 4419 1662 4484 genere
1680 4399 1766 4462 inter
1784 4419 1843 4462 nos
1861 4398 2062 4464 familiariter
2079 4420 2165 4466 com-

1195 4495 1432 4566 mentaremur,
1474 4505 1546 4550 eam
1585 4505 1667 4567 quae
1705 4483 1883 4566 plurimum
1922 4483 1981 4549 tibi
2020 4485 2166 4568 placebat

168 4679 244 4749 pam
261 4693 289 4733 se
306 4679 458 4734 submittere
476 4685 644 4732 recusarem.
689 4675 773 4747 scrip,
797 4677 898 4746 Aspre.
924 4675 1001 4743 Coss.
1053 4675 1142 4730 ,372Ι
1194 4659 1303 4724 finisse.
1346 4655 1518 4724 Sentiobat
1534 4657 1622 4720 enim
1641 4663 1777 4738 uterque
1794 4662 1942 4720 nostrum
1960 4655 2165 4738 praecipuam

273 4745 304 4812 3)
323 4747 367 4802 De
384 4749 436 4802 mli
451 4748 537 4802 edicto
554 4762 584 4800 eo
602 4748 717 4800 carcia
732 4743 1144 4885 mmmmmcmulpctc
1196 4747 1263 4810 into
1305 4743 1383 4809 retis
1422 4743 1578 4808 virtutem
1618 4740 1653 4804 in
1693 4741 1864 4824 perspicua
1902 4739 2061 4806 brevitate
2094 4755 2166 4802 esec

171 4817 250 4870 nobis
272 4832 327 4870 noa
351 4822 463 4872 metet
506 4815 618 4870 Videtur
639 4817 727 4882 stam
748 4829 785 4883 op

168 4887 334 4954 Μαρίων.

557 5127 760 5136 ——-——·-·

278 5330 388 5388 omem
403 5348 494 5402 opero.
537 5332 592 5388 Vol.
612 5329 647 5386 X.
675 5331 706 5386 P.
726 5331 770 5387 II.

924 4854 932 4881 ,
949 4814 1022 4885 quod
1038 4815 1097 4883 ipse
1116 4813 1143 4868 0.

1215 4965 1281 5026 Μ.
1300 4965 1329 5028 1)
1350 4963 1413 5019 Sorl.
1432 4963 1541 5044 Caluisi
1611 5003 1616 5014 .
1639 4961 1678 5015 nd
1703 4960 1865 5043 Sodcletsml
1879 4962 1912 5015 de
1933 4975 1988 5028 quo
2011 4957 2043 5012 P.
2065 4957 2166 5041 ‚Hm

1196 5051 1252 5115 noa
1271 5035 1406 5115 'captiosae
1429 5048 1536 5088 mrrerss
1561 5037 1572 5096 (
1594 5028 1691 5098 .268),
1709 5037 1733 5086 et
1751 5029 1864 5114 Stemus
1884 5029 1955 5095 Epp.
1981 5026 2013 5080 de
2037 5026 2165 5082 drasidas

1196 5099 1537 5233 'dmobb'ldmo'cdddrbmn
1553 5099 1842 5238 bleibulddeqltprddudd
1851 5179 1900 5218 ruo
1916 5169 2003 5220 morte
2026 5163 2165 5222 Walrmm

1195 5239 1304 5296 eddidit
1323 5239 1413 5306 (xxl.
1430 5235 1521 5304 1465).
1924 5317 1958 5370 26
