4804 6012
138 341 194 404 237
1017 345 1247 417 OONSIIrIA.
2071 361 2136 426 118

139 533 309 600 insolubile
337 535 435 601 161666
463 536 517 602 166
545 540 697 600 naturae:
731 541 830 620 atque
851 535 929 602 inde
951 537 1109 624 eolligunt
1159 559 1274 606 omnes
1301 561 1379 606 snos
1406 540 1471 606 Dei
1498 539 1598 608 verbo
1626 542 1757 626 penitus
1784 541 1920 621 addieot
1970 545 2134 630 Equidem

137 621 225 702 aequi
248 626 284 686 et
303 620 463 686 moderati
484 619 650 701 homines,
678 622 765 686 inter
791 621 881 706 leges
901 623 1051 706 politioas
1073 635 1108 690 et
1158 645 1333 708 persuasus
1361 648 1434 693 anm
1462 625 1525 694 hoe
1551 627 1748 694 desiderium
1774 649 1795 694 a
1820 629 1980 713 probabili
2005 633 2133 700 1611666

134 705 182 771 166
202 713 354 784 naturae,
376 706 1106 792 666611666611661116166666666116166-
1158 720 1267 776 ortum
1288 733 1376 779 ease:
1409 713 1479 778 sive
1499 714 1670 798 utriusque
1691 714 1794 798 partis
1816 715 1958 782 virtutos
1978 727 2132 786 mutuum

135 791 223 856 ninm
246 790 397 858 sordibus
423 792 563 858 infixum
591 793 692 858 statui
719 791 837 860 debere
857 815 1016 880 magnum
1038 795 1105 863 dis·
1157 817 1302 864 amorem
1324 799 1538 879 oonsiliarint,
1562 799 1632 867 sive
1657 803 1758 866 etiam
1781 809 1930 884 speetata
1952 803 2054 870 fuerit
2070 826 2132 888 pu·

135 877 264 943 611666.
297 877 1104 965 Η66166116616661611166161661116,6661)666
1156 881 1241 949 blioa
1272 885 1406 950 61111166.
1450 883 1610 968 Superest
1641 892 1753 951 161666
1786 895 1825 952 61
1850 887 2002 954 effoetum
2032 891 2130 972 huno,

133 962 285 1046 populum
308 985 404 1030 suum
426 985 447 1028 a
468 965 613 1048 profanis
635 965 789 1049 gentibus
810 975 956 1050 separat,
985 989 1104 1051 nempe
1155 969 1416 1054 qualemcunque
1437 970 1514 1037 lieet
1534 971 1695 1056 originem
1723 970 1821 1038 16661
1849 995 1871 1038 a
1894 972 1979 1040 bono
2006 977 2131 1060 prinei·

133 1049 304 1134 Aegyptiis
332 1059 367 1115 et
397 1048 606 1118 Chananaeis
639 1051 737 1133 (Lev.
767 1055 814 1130 18,
840 1054 884 1135 3).
939 1052 981 1118 In
1014 1062 1104 1120 terra
1154 1055 1217 1139 pio,
1240 1055 1488 1122 illustrissimus
1509 1057 1669 1142 Princeps
1696 1065 1858 1142 temperet
1882 1079 1919 1126 66
1940 1061 2132 1128 6161616161

133 1136 214 1200 66161
250 1134 411 1201 01166666
448 1157 520 1202 sese
551 1135 733 1204 miseebant
770 1138 889 1204 iratres
927 1139 1102 1220 sororibus,
1154 1159 1197 1204 ne
1224 1142 1260 1206 in
1286 1163 1463 1227 progressu
1489 1143 1660 1229 impingat.
1713 1144 1822 1210 Multa
1849 1144 1948 1212 116616
1976 1146 2132 1214 admonet

131 1219 315 1304 posthabito
344 1221 473 1288 honesti
501 1236 660 1306 respeotu.
714 1223 756 1288 In
787 1223 960 1310 Aegyptiis
992 1232 1102 1292 sutem
1152 1226 1293 1304 Paulus,
1320 1249 1403 1311 6666
1422 1235 1533 1294 tamen
1555 1251 1623 1295 666
1644 1227 1830 1314 expediunt.
1874 1229 2001 1297 Verum
2023 1235 2130 1299 omni-

133 1305 232 1372 nihilo
256 1307 329 1392 plus
350 1308 453 1386 inisse
473 1307 690 1374 verecundiae
713 1330 755 1374 ox
783 1311 950 1376 veteribus
972 1313 1102 1396 scriptis
1153 1311 1214 1379 bns
1246 1313 1374 1396 plaeidu
1405 1319 1440 1380 61
1470 1317 1649 1398 oomposita
1675 1325 1786 1382 mente
1812 1337 1853 1382 ex
1877 1319 1965 1384 66616
1992 1318 2130 1402 liquebit

131 1401 263 1458 6666161
307 1394 421 1460 Lexe
507 1393 641 1478 politioa
666 1395 878 1461 6666611666
900 1396 1010 1478 16161,
1038 1419 1103 1482 666
1153 1397 1190 1462 16
1211 1397 1273 1466 hae
1296 1419 1393 1466 66666
1419 1401 1519 1474 etism
1548 1422 1617 1466 non
1641 1401 1753 1481 116616,
1782 1337 1876 1486 6661
1898 1424 1963 1469 666
1986 1405 2128 1490 expedit

130 1475 329 1546 Denselaro
350 1500 437 1564 popu
450 1501 508 1546 um
530 1500 628 1546 suum
649 1480 790 1546 retrahit
811 1481 852 1546 ab
873 1483 1102 1565 inquinamen-

131 1563 168 1630 tis
186 1566 346 1649 gentium.
378 1565 425 1633 Ut
446 1587 499 1632 res
518 1565 638 1632 elarius
654 1567 844 1648 innoteseat,
867 1568 992 1636 Paulus
1010 1571 1045 1635 in
1065 1592 1102 1636 re
1757 1627 1759 1632 ,

129 1651 263 1716 minima
279 1651 373 1718 nobis
393 1652 547 1736 proponit
568 1653 673 1735 ipsam
694 1662 833 1718 6616166
854 1653 970 1739 legem.
1014 1655 1102 1721 Nam
1213 1687 1284 1744 sup
1301 1687 1352 1744 [m
1368 1689 1579 1747 6111666661
1597 1691 1646 1745 ns:
1665 1691 1836 1762 6111116116
1853 1689 2061 1764 61666661)

130 1735 181 1801 611
201 1737 298 1802 donet
318 1745 415 1822 turpe
437 1759 507 1804 esse
529 1757 567 1802 ao
588 1737 779 1806 indeeorum
802 1739 956 1807 mulieres
982 1741 1015 1806 in
1040 1763 1101 1825 pu·

131 1819 249 1888 blionm
259 1821 400 1906 prodire,
423 1824 488 1889 nisi
499 1823 634 1902 1616166,
653 1824 822 1892 eonsulere
833 1836 987 1892 naturam
1001 1827 1100 1908 iubet,
1238 1827 1415 1894 Tresobers
1437 1826 1619 1912 Seigneurs
1638 1839 1672 1895 et
1692 1830 1804 1896 ireres.
1839 1831 1936 1900 ·Puis
1980 1853 2022 1898 66
2043 1855 2127 1902 vous

130 1927 167 1974 an
183 1909 299 1975 deoeat
315 1910 471 1976 mulieres
488 1917 583 1976 tonso
600 1911 705 1994 eapite
716 1912 752 1976 in
763 1911 893 1994 publioo
911 1914 1045 1994 versari,
1067 1925 1102 1980 61
1152 1932 1230 1978 aven
1255 1923 1371 1979 trouve
1393 1914 1458 1980 bon
1478 1914 1594 1981 devoir
1614 1923 1725 1982 nostre
1745 1917 1865 1984 6666611
1887 1925 1920 1983 61
1942 1854 2126 1987 61116166-

131 1994 260 2060 1661616
283 1995 428 2062 subiioit:
451 1995 634 2062 Ν6161611
655 2017 722 2062 non
744 1998 869 2080 patitur
889 1997 1028 2083 (1.061.
1051 2005 1098 2079 ll,
1151 1998 1252 2065 ebant
1270 1998 1302 2064 la
1324 2019 1421 2064 euuse
1441 2001 1498 2084 qui
1520 2022 1540 2066 a
1561 2007 1630 2067 este
1652 2000 1807 2068 demenee
1825 2003 1949 2070 devant
1970 2026 2052 2072 vous
2069 2028 2127 2072 661

133 2081 190 2166 11).
236 2080 313 2146 Non
335 2081 431 2147 video
453 2082 570 2166 igitur,
600 2103 659 2148 our
684 2091 859 2166 praetextu
880 2083 964 2168 legis
991 2085 1100 2169 politi·
1150 2085 1181 2150 le
1203 2083 1357 2150 different
1377 2085 1421 2152 du
1444 2087 1525 2151 mari
1570 2097 1703 2153 666116
1725 2087 1801 2153 Sire
1818 2089 1922 2154 Iehan
1942 2090 2071 2158 Foeerd
2092 2099 2129 2158 61

130 2189 181 2236 eae
202 2165 327 2234 aboleri
349 2166 474 2246 debeat,
497 2167 582 2252 quod
603 2177 654 2234 est
675 2190 716 2234 ex
738 2169 811 2235 iure
832 2177 986 2252 naturae,
1015 2171 1101 2238 ideo·
1151 2171 1368 2255 116166611116
1388 2171 1521 2237 Η61616
1563 2193 1596 2238 e:
1619 2175 1651 2238 A
1673 2175 1801 2240 seavoir
1824 2177 1852 2240 si
1873 2174 1920 2240 les
1941 2197 2125 2259 promessss

127 2275 184 2338 qne
204 2256 327 2320 mutari
348 2257 472 2336 666611
627 2255 629 2258 ’
1149 2258 1262 2322 1616166
1283 2265 1377 2323 66116
1399 2258 1476 2323 eulx
1497 2257 1673 2324 debvoient
1693 2260 1785 2325 avoir
1805 2259 1877 2326 leur
1898 2261 2003 2342 611661,
2031 2263 2127 2329 Nous

206 2339 317 2406 Venio
338 2359 426 2406 nune
451 2338 492 2408 ed
514 2339 544 2404 le
587 2359 798 2420 sromanas,
828 2361 912 2424 quae
939 2341 1098 2408 eiusmodi
1150 2352 1259 2409 661666
1280 2343 1456 2410 assemblen
1479 2365 1521 2410 66
1542 2365 1620 2410 nom
1642 2344 1683 2411 de
1704 2347 1791 2412 Dieu
1814 2367 1917 2414 avons
1945 2356 2013 2414 este
2035 2369 2126 2416 reso·

129 2427 276 2509 uoniugia
302 2425 487 2510 repudiant.
569 2426 581 2490 i
608 2446 721 2494 earum
742 2427 826 2491 ratio
854 2427 909 2492 vel
936 2429 971 2492 in
999 2428 1098 2495 unius
1149 2427 1291 2495 166166
1312 2449 1466 2496 eommnn
1488 2429 1603 2496 aoeord
1625 2429 1666 2496 (16
1686 2452 1771 2498 vous
1792 2453 1834 2499 en
1851 2433 2050 2501 1661616166
2067 2436 2124 2520 661

126 2515 233 2598 populi
260 2513 417 2591 utilitate,
446 2511 499 2577 vel
524 2512 559 2576 in
581 2533 643 2578 usu
670 2513 751 2576 oerti
779 2514 950 2596 temporis,
979 2513 1033 2579 vol
1062 2515 1097 2580 in
1147 2516 1281 2581 sensuit
1815 2583 1822 2598 ,

125 2600 287 2683 praesenti
307 2601 510 2677 neeessitate,
532 2597 585 2664 vel
601 2597 638 2662 in
658 2597 733 2664 aliis
754 2599 1097 2666 611666161661116166-
1234 2600 1325 2667 O'est
1344 2602 1492 2685 qu'aians
1513 2622 1577 2668 ven
1597 2601 1647 2668 les
1671 2601 1866 2686 prooedures
1894 2613 1929 2671 et
1955 2613 2043 2673 66166
2065 2629 2123 2673 ex-

127 2685 198 2750 1616
225 2694 326 2764 esset,
358 2681 509 2769 abrogari
535 2695 669 2768 possent
695 2686 790 2750 novis
820 2683 861 2750 de
884 2686 1006 2764 666616,
1039 2693 1098 2752 661
1148 2688 1262 2754 1161616
1280 2687 1326 2780 Ι16
1346 2695 1457 2754 vostre
1478 2688 1617 2772 16616116
1638 2709 1721 2755 6666
1743 2697 1902 2758 11661666
1919 2713 1984 2776 666
2004 2691 2124 2759 1611616

126 2771 202 2838 solvi
224 2779 339 2856 posset
360 2791 474 2838 earum
490 2769 676 2836 observatio
692 2771 728 2836 in
745 2771 844 2836 eertis
860 2769 1007 2856 personis
1028 2772 1096 2854 pri-
1147 2773 1380 2858 Margueritte.
1408 2774 1442 2840 16
1467 2795 1558 2840 mere
1586 2774 1669 2840 delle
1696 2783 1731 2840 et
1756 2795 1793 2842 sa
1820 2797 1917 2842 soeur
1944 2777 2124 2844 deolsirent

126 2857 241 2942 vilegio
263 2857 431 2943 singulari.
474 2853 603 2922 Verum
620 2858 696 2940 quia
716 2857 751 2923 in
773 2857 840 2922 illis
861 2858 1004 2923 ferendis
1022 2865 1096 2922 tan-
1147 2859 1386 2926 formellement
1412 2859 1520 2944 quelle
1546 2881 1567 2926 a
1595 2867 1665 2926 este
1691 2861 1910 2929 eiroonvenne
1939 2870 1973 2928 et
2001 2864 2121 2934 foreas:

126 2949 190 3008 tum
208 2952 357 3028 spectate
373 2944 436 3010 1611
452 2949 611 3027 perpetua
627 2951 766 3010 naturae
783 2943 948 3023 honestas,
969 2963 1012 3008 ne
1030 2943 1095 3009 dis·
1147 2945 1199 3010 La
1220 2953 1310 3011 tante
1332 2944 1417 3010 delle
1438 2947 1534 3012 volve
1556 2945 1596 3011 de
1614 2945 1689 3013 Sire
1705 2947 1821 3013 Pierre
1837 2948 1965 3015 Foeard
1986 2949 2018 3015 16
2037 2949 2122 3018 been

124 3031 266 3112 pensatio
288 3028 418 3113 quidem
441 3038 527 3096 esset
546 3027 734 3096 tolerabilis.
778 3030 919 3114 Impune
941 3039 979 3096 61
999 3029 1097 3096 116661
1146 3031 1370 3097 1161661666
1392 3032 1556 3098 servitenr
1576 3031 1735 3116 deposent
1754 3034 1841 3117 quila
1862 3035 1934 3100 lunt
1950 3035 2046 3120 ainsy
2063 3057 2121 3102 en-

126 3117 221 3180 statni
239 3123 360 3199 potest:
391 3116 486 3183 sienti
514 3114 549 3179 in
572 3115 706 3181 arbitrio
727 3117 883 3200 principis
903 3123 954 3182 est
973 3137 1096 3202 poenas
1146 3115 1247 3182 16616
1269 3123 1304 3182 61
1319 3137 1451 3203 eongnu
1471 3118 1641 3184 toutesfois
1663 3116 1780 3202 depuis
1801 3120 1895 3186 16616.
1938 3121 1969 3185 Il
1990 3145 2013 3208 y
2034 3131 2123 3189 16616

125 3203 303 3268 remittere:
330 3223 447 3268 verum
474 3210 515 3266 61
541 3201 694 3266 vitiosum
722 3224 789 3268 non
818 3204 863 3268 611
890 3202 976 3288 6661
998 3204 1095 3269 vitio·
1145 3204 1226 3270 trois
1252 3205 1433 3288 tesmoings
1462 3203 1612 3288 desquela
1640 3203 1698 3271 lun
1725 3227 1856 3272 nomme
1883 3206 1998 3273 Alexis
2025 3208 2124 3293 Myot

125 3307 191 3352 sum
211 3309 284 3354 6666
304 3297 425 3355 natura
445 3287 555 3367 dietat,
576 3287 687 3353 nullus
707 3287 875 3372 legislator
896 3289 1023 3354 6116161
1147 3287 1265 3373 depose
1286 3289 1529 3356 formellement
1555 3290 1623 3374 quil
1651 3311 1671 3355 6
1697 3299 1766 3357 6616
1792 3301 1926 3375 present
1950 3295 2123 3377 66661166

204 3372 244 3440 Si
266 3373 433 3454 obiicitur,
463 3393 529 3439 non
555 3371 721 3456 prohiberi
741 3395 801 3442 nos
822 3374 859 3439 in
880 3394 968 3440 novo
989 3381 1095 3440 testa·
1145 3375 1269 3458 parties
1290 3397 1325 3442 66
1348 3376 1520 3442 666116161
1541 3373 1896 3462 donnationdeoorps.
1929 3379 1980 3444 Le
2002 3379 2124 3446 seoond

124 3467 231 3525 mento
259 3481 280 3525 6
306 3459 425 3527 talibus
457 3457 632 3544 eoniugiis:
666 3460 846 3543 respondeo
873 3481 980 3544 neque
1007 3462 1095 3526 inter
1145 3481 1277 3526 nomme
1299 3459 1415 3528 Simon
1438 3460 1588 3528 Gaillard
1610 3461 1677 3527 diet
1704 3471 1807 3546 quant
1833 3485 1871 3530 66
1896 3465 1973 3528 vint
1994 3486 2014 3530 a
2035 3473 2125 3532 66616

124 3553 247 3626 petrem
268 3545 424 3612 etlilium
447 3545 636 3632 onningium
657 3546 772 3625 161611,
794 3567 900 3630 neque
922 3546 1020 3612 matri
1041 3548 1093 3612 in·
1146 3546 1325 3612 donnation
1347 3547 1388 3613 16
1409 3569 1506 3630 eorps
1527 3547 1559 3613 16
1577 3547 1645 3612 1116
1661 3549 1879 3632 Margueritte
1900 3571 1943 3615 ne
1965 3550 2031 3615 diet
2051 3559 2124 3618 mot

123 3631 233 3696 terdioi
255 3632 385 3697 661116
408 3651 468 3698 666
490 3631 601 3697 nubat.
645 3632 700 3697 An
721 3633 795 3698 ideo
834 3633 994 3698 romiseue
1016 3632 1093 3700 liee-
1145 3633 1213 3716 quil
1235 3633 1411 3699 entendist
1456 3635 1507 3699 Le
1530 3637 1563 3698 3⁹
1586 3633 1644 3698 Μ’·
1667 3635 1782 3700 Pierre
1803 3635 1970 3701 Nemauso
1995 3637 2124 3704 notaire

123 3713 169 3780 bit
188 3719 439 3803 consanguineis
468 3720 557 3783 inter
582 3738 618 3783 se
647 3718 755 3782 661161
807 3655 874 3785 god
901 3719 964 3783 boo
985 3719 1092 3786 obieo·
1145 3717 1328 3804 royaldiot
1354 3719 1775 3803 6666111166166661166
1803 3719 1843 3786 16
1870 3720 2027 3804 procedet
2048 3723 2122 3789 616

124 3807 191 3866 1616
213 3803 311 3870 Ρ6611
333 3805 520 3870 testimonio
550 3803 644 3869 166116
672 3803 816 3870 diluitur.
867 3803 954 3870 Nam
977 3804 1093 3870 Corin-
1145 3805 1300 3870 donation
1322 3804 1363 3870 de
1385 3826 1480 3890 corps
1507 3805 1576 3889 quil
1603 3813 1751 3890 oongnnt
1776 3827 1838 3890 pur
1860 3805 1893 3872 16
1920 3815 2122 3876 6661666666

122 3886 226 3954 thium
246 3889 504 3973 reprehendens,
523 3890 579 3973 qui
607 3909 643 3955 66
669 3911 828 3956 novercae
849 3891 999 3975 soniugio
1020 3893 1091 3974 pol·
1145 3891 1185 3956 de
1212 3891 1245 3956 la
1272 3891 1358 3957 diets
1386 3891 1604 3975 Margueritte
1637 3891 1744 3974 quelle
1776 3913 1823 3976 ny
1849 3893 1980 3976 prenoit
2005 3893 2121 3976 plaisir

122 3971 234 4052 lueret,
255 3976 392 4054 1661666,
414 3977 529 4060 166611,
552 3975 709 4055 toleratis,
732 3975 1092 4061 66616616161666-
1145 3975 1424 4060 16611661666116
1451 3977 1592 4060 pleuroit
1614 3977 1670 4059 qui
1692 3978 1758 4042 1661
1785 3999 1883 4042 66666
1912 3979 1979 4062 quil
2001 3987 2120 4046 166166

122 4065 168 4124 tes
187 4061 319 4144 quidem
340 4061 474 4128 auditur
496 4067 539 4146 (l.
559 4061 683 4148 (1665,
705 4063 747 4147 l).
791 4061 828 4128 Si
851 4063 924 4145 6616
941 4057 1090 4147 excipiat,
1144 4063 1176 4128 le
1196 4063 1254 4130 don
1278 4071 1311 4130 61
1332 4062 1438 4128 n'ouit
1460 4063 1532 4128 rien
1555 4062 1613 4128 des
1634 4062 1764 4146 paroles
1786 4084 1872 4146 6666
1896 4073 2119 4132 66666616166

120 4134 185 4210 6611
206 4151 259 4232 agi
282 4147 433 4214 666616
454 4148 604 4232 eoniogio
625 4148 770 4233 privigni
791 4159 1016 4227 et·novereae,
1039 4169 1092 4214 so·
1144 4149 1185 4215 de
1206 4169 1397 4233 prononoer.
1441 4148 1470 4212 Il
1493 4147 1614 4231 depose
1636 4169 1735 4232 aussy
1765 4169 1828 4231 que
1851 4148 1966 4233 depuis
1988 4173 2024 4218 ee
2045 4151 2119 4218 ionr

120 4232 199 4299 16116
230 4235 462 4319 intempestiva
493 4237 566 4304 erit.
626 4233 719 4298 Nihil
752 4235 842 4300 enim
880 4234 969 4300 aliud
1006 4234 1089 4313 volo,
1143 4235 1176 4300 16
1197 4242 1302 4319 66661
1322 4235 1345 4299 11
1373 4233 1492 4300 6616611
1517 4234 1636 4299 1611616
1658 4233 1876 4318 Murgueritte
1905 4235 1950 4301 du
1977 4257 2054 4301 nom
2076 4237 2118 4302 (16

121 4341 217 4402 66661
237 4319 380 4388 dedoens
407 4321 501 4387 nobis
528 4321 664 4404 proponi
692 4321 728 4384 in
755 4319 905 4404 exemplo
926 4321 1089 4406 gentium:
1143 4323 1265 4388 166666
1292 4320 1401 4404 666116
1429 4320 1488 4405 lny
1510 4341 1530 4384 a
1556 4320 1720 4385 tonsionrs
1748 4319 1913 4404 respondu
1935 4321 2042 4405 quelle
2073 4345 2117 4388 ne

121 4413 156 4470 ut
176 4405 293 4472 saltem
315 4427 377 4472 nos
398 4405 536 4490 pudeat,
565 4405 592 4472 si
619 4405 693 4490 plus
719 4407 754 4470 in
781 4407 847 4473 illis
874 4406 1091 4472 verecundiae
1142 4396 1252 4476 16111611
1272 4427 1331 4490 pas
1353 4417 1386 4471 61
1406 4427 1468 4488 666
1490 4405 1547 4490 luy
1568 4403 1600 4469 le
1625 4405 1751 4471 soavoit
1775 4406 1861 4472 bien.
1911 4407 2118 4474 1161666661

122 4499 153 4556 61
173 4492 352 4559 modestiae
374 4493 527 4558 oernitur.
579 4492 626 4556 Et
648 4512 727 4556 sane
753 4490 795 4556 ad
822 4491 909 4558 bano
931 4514 999 4557 rem
1022 4515 1090 4560 una
1141 4491 1165 4556 il
1188 4515 1207 4558 6
1228 4491 1347 4576 depose
1368 4491 2116 4576 66166116161166666666611616611666611

119 4577 198 4642 mibi
220 4577 318 4644 Pauli
340 4577 517 4645 admonitio
545 4579 680 4644 suffieit:
714 4577 768 4662 qni
798 4577 840 4643 ed
860 4578 1089 4662 Philippenses
1140 4599 1200 4662 pas
1221 4579 1321 4644 vouln
1342 4578 1488 4652 reoevoir
1508 4576 1539 4641 le
1561 4587 1706 4642 66611661
1727 4575 1768 4642 16
1786 4579 1935 4662 mariage
1962 4579 2067 4663 lequel
2089 4580 2113 4644 ii

118 4667 269 4748 66111666,
290 4666 527 4751 (quaeeunque,
555 4666 678 4750 inquit,
704 4672 783 4730 sunt
803 4685 898 4744 vere,
925 4684 1089 4748 quaeeun·
1140 4666 1376 4744 evoitminute,
1395 4682 1514 4746 pouroe
1535 4663 1603 4746 quil
1624 4663 1750 4730 seavoit
1765 4663 1841 4729 bien
1860 4685 1923 4747 666
1941 4685 1977 4730 ee
1994 4665 2116 4731 nestoit
2162 4740 2167 4748 Ι

118 4771 179 4834 que
205 4752 357 4833 honesta,
388 4773 599 4836 quaeeunque
626 4750 849 4830 aeoommoda,
876 4771 1088 4836 quaeeunque
1139 4773 1199 4836 pas
1228 4752 1319 4817 selon
1346 4751 1433 4815 Dieu
1459 4749 1533 4834 puis
1566 4769 1630 4832 que
1656 4749 1690 4814 la
1717 4749 1821 4832 partie
1853 4771 1900 4834 ny
1932 4751 2114 4817 6666661611

118 4835 192 4904 boni
215 4839 371 4917 nominis,
396 4841 425 4905 si
445 4859 511 4922 666
537 4839 657 4917 virtus,
687 4844 722 4902 61
749 4837 777 4903 61
804 4837 978 4920 6661666,
1005 4837 1088 4906 haee
1138 4838 1238 4922 point

118 4925 256 5009 eogitate
276 4925 377 5009 (Phil.
396 4932 427 5004 4,
446 4927 490 5008 8).
584 5010 591 5026 ι
680 5009 687 5024 .
773 5009 779 5024 .
1069 4980 1074 4989 .

118 5009 1087 5178 ,6111111111111111111111
1137 5075 1236 5200 ‚my
1255 5075 1388 5200 666
1397 5072 1618 5198 ,966666
1632 5071 1697 5210 pp
1719 5073 1772 5195 6,
1791 5072 2114 5212 mgrpprq,

117 5183 221 5248 verba
239 5205 312 5250 mea
331 5185 480 5270 dirigam,
500 5185 635 5266 eiusque
655 5182 891 5250 celsitudinem
909 5188 942 5247 et
962 5181 1087 5264 suppli-
1137 5221 1218 5268 6166
1234 5211 1316 5268 166
1332 5214 1409 5268 666»
1423 5213 1488 5282 666
1504 5209 1623 5266 66616.-
1639 5211 1705 5266 ave
1723 5211 1858 5266 666666
1875 5211 2110 5280 6116616666

118 5267 196 5333 61161
215 5269 342 5355 rogabo,
365 5267 741 5349 61666616616661616,
768 5268 1086 5352 61666166166666
1136 5298 1182 5340 rev
1199 5283 1375 5351 1661611616.
1561 5313 1567 5328 ·
