4846 6016
159 381 198 442 '13
986 371 1338 440 ORDONNANCES.
2116 383 2156 444 74

158 585 262 641 mens,
285 561 331 627 du
351 561 456 628 matin
478 567 512 628 et
533 559 661 644 d'spres
682 557 771 638 midi,
795 567 828 625 et
848 581 890 626 eu
913 559 1131 626 Ceteehisme:
1186 559 1345 643 templum
1368 559 1601 627 conveniunto:
1625 567 1658 626 et
1677 561 1745 626 suis
1755 559 1834 628 locis
1846 560 1995 630 sedentes
2007 563 2157 650 religiose

160 657 192 714 et
213 649 379 732 qu'estans
401 648 483 712 ossis
505 669 547 714 en
570 646 657 712 leurs
685 645 794 728 plures
815 646 857 712 ils
878 653 979 730 oyent
1000 647 1133 712 attenti·
1186 654 1218 710 et
1240 653 1364 712 attente
1386 647 1556 712 conciones
1579 645 1745 711 audiunto.

159 743 292 800 voment
315 743 348 800 et
369 756 412 799 en
431 752 607 798 reverenee
627 731 658 796 11
681 751 820 797 sermon.
1717 749 1721 760 ’

245 907 328 985 [page
348 907 379 984 1]
402 903 487 986 Qu'il
515 925 539 988 y
567 903 612 968 sit
645 903 733 970 aussi
765 923 807 968 en
840 901 981 986 chesque
1012 901 1133 986 temple
1271 901 1313 966 In
1352 901 1491 986 singulis
1535 901 1668 985 templis
1712 903 1829 987 eliquis
1875 924 1916 968 ex
1959 904 2156 990 hypodidas-

160 989 299 1073 quelque
321 991 467 1073 Repent:
490 1001 524 1054 et
545 987 625 1072 qu'il
647 1011 669 1074 y
693 988 756 1054 seit
778 987 922 1066 d’heure,
945 1007 965 1050 1
985 989 1033 1052 fin
1055 987 1133 1070 qu’il
1186 987 1265 1054 celis
1295 989 1488 1070 tempestive
1516 987 1643 1052 adesto:
1677 1009 1752 1054 sues
1779 988 1954 1072 diligenter
1975 991 2155 1060 observato.

182 1096 286 1141 renne
313 1074 414 1162 garde
443 1095 502 1142 aur
529 1095 566 1139 su
593 1085 717 1156 troupe.
769 1074 819 1138 Le
848 1094 977 1140 sermon
1001 1075 1075 1152 fini,
1106 1075 1133 1138 si
1185 1072 1300 1138 Finita
1322 1074 1488 1152 eeneiene,
1517 1095 1618 1156 quum
1640 1075 1686 1139 ita
1708 1095 1790 1157 epus
1812 1076 1890 1154 erit,
1920 1077 2050 1142 recitari
2070 1087 2158 1145 eata·

160 1099 297 1246 beseing
318 1169 382 1238 est,
412 1161 492 1244 qu’il
513 1160 583 1226 face
609 1159 669 1224 lire
681 1159 712 1224 le
734 1159 822 1236 rolle,
846 1169 879 1224 et
900 1159 1069 1241 qu’ilnote
1085 1157 1134 1224 les
1185 1155 1297 1244 logum
1320 1158 1444 1224 iubeto:
1468 1170 1501 1225 et
1521 1160 1671 1226 absentes
1693 1161 1849 1226 neminen
1871 1169 2014 1227 attentes
2035 1171 2156 1231 neteto.

160 1247 279 1313 absens
297 1255 331 1312 et
358 1246 454 1312 eeulx
482 1249 538 1329 qui
566 1253 687 1309 aurent
714 1253 782 1310 este
810 1243 1014 1310 nenehslens
1041 1264 1133 1310 aes·
1185 1244 1315 1309 livere
1338 1245 1506 1328 postridie,
1534 1246 1562 1310 si
1591 1245 1626 1308 in
1655 1245 1752 1329 eulpa
1778 1245 1915 1324 fuerint,
1943 1269 2003 1332 pro
2029 1249 2156 1316 ratione

159 1344 273 1398 neuter
293 1331 327 1396 la
347 1332 471 1416 perella
493 1333 533 1396 de
543 1331 649 1396 Dieu:
672 1331 813 1412 lesquels
830 1330 861 1394 11
879 1328 1064 1395 lendemsin
1082 1349 1134 1396 se·
1185 1330 1332 1396 oriminis
1354 1331 1388 1395 in
1412 1329 1522 1396 schola
1543 1329 1673 1413 publice
1694 1330 1881 1415 puniuntor.

160 1425 236 1483 rent
274 1418 355 1501 (s'ils
389 1439 424 1484 se
456 1427 609 1482 trouvent
646 1415 847 1500 coulpables)
887 1415 1134 1499 publiquement

159 1503 300 1570 ehsstier
322 1523 365 1569 au
386 1501 519 1587 college
540 1501 632 1568 aelon
651 1502 722 1566 leur
743 1501 907 1567 demerito.

245 1673 320 1756 Qus
348 1675 398 1740 les
425 1673 601 1740 oseheliers
628 1695 663 1738 se
690 1681 843 1738 trouvent
871 1693 911 1738 en
940 1671 1012 1736 leur
1040 1671 1132 1736 audi·
1268 1671 1393 1738 Diebus
1432 1673 1564 1750 Lunae,
1617 1673 1751 1752 Martis,
1795 1674 1886 1740 Ievis
1928 1683 1961 1740 et
2000 1675 2151 1760 Veneris,

160 1761 257 1838 teire,
284 1760 410 1838 Lundi,
440 1759 565 1860 111111,
593 1759 703 1836 leudi,
738 1769 771 1824 et
799 1757 999 1836 Vendredri,
1033 1777 1052 1822 a
1081 1758 1132 1824 six
1184 1756 1377 1858 scholastici·
1401 1767 1542 1837 aestate,
1579 1757 1661 1859 bere
1693 1767 1789 1860 sexta
1813 1761 1990 1860 matutina:
2025 1763 2154 1864 hyeme,

161 1845 281 1912 heures
303 1844 346 1912 du
368 1861 472 1911 maten
485 1867 526 1910 en
549 1853 626 1924 este,
649 1855 683 1910 11
704 1853 814 1928 nsept
830 1842 950 1910 heurcs
963 1841 1131 1928 enhyver.
1184 1849 1339 1925 septrma,
1367 1865 1403 1907 11
1433 1863 1528 1908 suum
1558 1864 1677 1927 qurque
1707 1844 1902 1912 auditorium
1926 1859 2153 1917 conveniunto.

245 2015 350 2098 Qu'en
373 2014 514 2098 chasque
539 2016 641 2082 classe
671 2015 712 2082 ils
739 2021 856 2099 seyent
876 2015 981 2098 partis
1002 2036 1062 2098 par
1083 2013 1131 2079 di·
1268 2014 1310 2080 In
1351 2015 1489 2100 singulis
1529 2015 1687 2082 elassibus
1720 2015 1911 2083 decuriatim
1952 2019 2154 2088 distribuun-

162 2103 278 2180 reinss,
302 2113 414 2186 etque
436 2101 577 2184 chesque
606 2101 732 2166 dimine
759 2100 932 2166 s'erdonne
954 2100 1045 2166 selon
1068 2121 1132 2184 que
1183 2107 1243 2166 tor.
1276 2099 1507 2186 Decuriaepro
1518 2102 1643 2168 ratione
1664 2103 1838 2186 profectus,
1860 2103 1953 2170 11111
1972 2127 2033 2172 nee
2054 2123 2154 2191 gene·

161 2187 303 2254 ehaseun
325 2207 405 2254 eura
426 2189 549 2272 prefite,
571 2207 647 2252 suns
669 2187 761 2252 avoir
783 2185 900 2270 esgard
922 2187 956 2251 ni
978 2207 998 2251 a
1018 2185 1132 2270 l'aege,
1183 2186 1229 2252 ris
1251 2207 1312 2252 nec
1334 2187 1450 2254 aetatis
1472 2185 1585 2254 habite
1606 2188 1739 2268 ratione,
1768 2187 1999 2256 deseribunter.
2045 2193 2153 2259 Deou-

161 2275 194 2338 ni
222 2295 243 2338 1
270 2273 305 2338 la
330 2274 464 2338 maison.
521 2272 594 2354 Qus
621 2271 763 2356 ehesque
791 2272 936 2337 dizenier
964 2273 1027 2338 seit
1049 2272 1131 2338 essis
1183 2272 1292 2338 rienes
1313 2273 1410 2355 primi
1437 2273 1473 2338 in
1502 2274 1570 2340 suis
1597 2271 1737 2341 decuriis
1765 2273 1914 2354 sedente,
1944 2285 1978 2342 11
1999 2297 2054 2343 eas
2078 2277 2152 2344 diti-

160 2358 190 2424 11
209 2359 353 2510 premider
374 2377 415 2424 en
438 2379 475 2424 sa
493 2358 629 2438 dimine,
653 2369 686 2423 et
707 2359 827 2445 qu'ily
850 2358 915 2422 soit
936 2378 1060 2424 eemme
1077 2380 1131 2424 su·
1183 2365 1299 2443 genter
1320 2357 1524 2425 observante.
1831 2365 1834 2372 ’

159 2447 307 2530 perinten
330 2453 397 2510 ant

244 2615 422 2697 Qu‘estans
450 2614 627 2681 assemblez
649 2614 790 2682 choseun
812 2637 854 2680 en
880 2635 940 2680 sen
963 2615 1131 2695 auditeire,
1269 2613 1333 2681 Ubi
1356 2617 1584 2694 convenerint,
1615 2617 1649 2681 in
1678 2617 1816 2702 singulis
1845 2615 2014 2686 auditoriis
2046 2642 2066 2686 1
2095 2643 2152 2707 pe·

160 2701 200 2766 ils
222 2713 498 2770 cemmencement
526 2721 586 2784 par
613 2700 645 2765 11
673 2702 796 2784 priere,
824 2699 879 2784 qui
907 2710 956 2767 est
977 2699 1131 2784 speciale·
1183 2699 1358 2767 culieribus
1376 2703 1548 2784 precibus,
1576 2723 1659 2786 quae
1686 2703 1721 2768 in
1743 2703 1950 2770 Oateehismo
1977 2705 2151 2788 habentur,

159 2795 250 2852 ment
270 2787 367 2854 111111
388 2808 470 2870 pour
492 2785 568 2852 eulx
590 2807 632 2852 au
656 2785 876 2864 Oeteehisme,
898 2795 931 2851 et
952 2807 1015 2870 que
1037 2785 1130 2852 chas-
1182 2786 1373 2870 incipiente,
1396 2807 1516 2870 easque
1537 2807 1649 2870 preces
1678 2807 1738 2868 sue
1764 2791 1898 2872 quisque
1925 2791 1978 2856 die
2005 2792 2152 2858 vicissim

159 2894 223 2938 eun
254 2872 288 2938 la
319 2892 483 2957 prononce
510 2893 531 2936 a
557 2893 614 2938 son
642 2881 717 2938 teur
744 2872 959 2939 devotement.
1013 2874 1130 2956 Apros,
1182 2880 1374 2938 reverenter
1404 2873 1548 2939 recitate.
1599 2874 1719 2940 Postea
1742 2875 1937 2941 nominatim
1951 2892 1954 2900 ’
1968 2877 2088 3027 111ἔ111
2110 2899 2152 2944 ex

160 2979 221 3042 que
242 2958 386 3026 ehaseun
414 2957 478 3024 seit
505 2957 619 3040 appele
646 2956 737 3058 selon
759 2957 791 3022 11
812 2957 902 3024 rolle.
954 2956 1014 3024 S’il
1036 2980 1058 3044 y
1088 2977 1130 3022 11
1182 2958 1328 3058 eatalogo
1350 2958 1535 3024 recitantes.
1566 2958 1604 3026 Si
1622 2959 1700 3110 §uis
1716 2960 1864 3040 abluerit,
1886 2961 1941 3028 vel
1957 2969 2011 3028 tar
2033 2963 2152 3032 iusve·

160 3043 354 3128 aquslques
376 3043 508 3123 absens,
535 3065 578 3109 ou
600 3065 656 3128 qur
678 3051 835 3109 viennent
856 3050 930 3127 trop
951 3041 1034 3122 tsrd,
1067 3064 1130 3127 que
1181 3051 1278 3142 nont,
1301 3061 1400 3110 cause
1420 3045 1567 3146 cognita,
1597 3065 1623 3111 v
1674 3045 1865 3126 obsolviter,
1900 3047 1955 3114 vel
1985 3047 2152 3117 moderate

160 3127 190 3194 11
209 3128 480 3282 Βειίςεωῗῦῗὲῧξ
502 3131 790 3280 ppulrgsueoffltigp
800 3127 1130 3280 ‹iiiulltiesmbiiimhbrrii
1181 3137 1365 3212 eastrgeter.
1410 3129 1583 3197 Meudeera
1604 3131 1658 3198 hio
1677 3133 1712 3196 in
1733 3132 1849 3216 primis
1869 3133 2057 3216 puniuntor.

160 3235 239 3366 bileti
252 3303 349 3385 qu’en
371 3309 440 3367 test
460 3265 591 3366 endroit
610 3300 658 3366 les
669 3320 864 3385 mensenges
886 3265 1127 3386 seyent'punis.

243 3471 325 3539 Cela
345 3472 436 3552 taint,
464 3472 560 3556 qu’ils
579 3478 697 3556 seyent
717 3471 890 3556 enseignee
917 3492 958 3536 en
981 3479 1050 3537 este
1069 3493 1130 3556 per
1267 3469 1396 3537 Deinde
1434 3479 1676 3556 praeceptorem
1716 3479 1839 3539 aestate
1876 3495 1935 3558 per
1982 3475 2150 3559 sesquiho·

161 3557 298 3642 l’espacs
320 3556 418 3624 d’une
445 3558 546 3624 heure
574 3563 609 3622 et
629 3557 750 3623 demis:
778 3558 853 3641 puis
874 3556 968 3640 qu’ils
990 3566 1092 3641 nyent
1105 3557 1128 3642 ¹)
1181 3576 1253 3622 ram
1285 3555 1454 3622 audiunto.
1513 3557 1635 3624 Postea
1667 3557 1831 3625 semihora
1864 3559 2043 3641 ientaculo,
2077 3561 2149 3628 sine

161 3641 265 3710 demis
292 3643 394 3710 heure
421 3663 507 3728 pour
535 3643 725 3722 desieuner,
760 3663 836 3708 sans
865 3641 956 3708 bruit
990 3649 1025 3708 et
1049 3663 1130 3708 eveo
1180 3641 1412 3718 ullotumultu,
1436 3643 1862 3728 [peg.1t]etpraeeuntibus
1881 3643 2041 3730 precibus,
2063 3645 2148 3726 dats,

159 3730 294 3812 priores.
349 3727 648 3812 Consequemmsnt
674 3727 769 3812 qu'ils
804 3735 922 3813 seyent
956 3729 1129 3813 enseigner
1180 3727 1305 3794 1111111
1326 3727 1368 3794 ed
1390 3739 1512 3794 nonam
1534 3729 1852 3812 usqueerudiunter:
1877 3727 1995 3816 hyeme
2015 3751 2106 3814 vere,
2129 3755 2150 3798 a

158 3815 292 3899 iusques
313 3836 334 3880 a
354 3815 436 3880 naut*
452 3814 579 3880 heures.
613 3815 668 3880 En
685 3813 802 3898 hyver,
824 3815 921 3898 qu’ils
937 3823 1055 3900 seyent
1071 3836 1129 3880 en·
1181 3815 1320 3896 septima
1341 3813 1383 3880 sd
1404 3834 1534 3890 nonam,
1561 3815 1792 3895 instituuntor,
1819 3817 1866 3880 ita
1888 3823 1927 3881 ut
1947 3815 2149 3884 ientaculum

160 3902 289 3986 seigner
310 3898 350 3966 de
372 3907 445 3984 sept
465 3901 596 3984 iusques
616 3904 691 3982 [pse.
709 3903 743 3980 6]
766 3919 786 3964 e
806 3901 893 3978 neus,
915 3921 993 3966 sans
1015 3920 1077 3984 qus
1099 3899 1129 3966 11
1180 3921 1247 3964 111
1268 3899 1426 3983 impediat
1448 3899 1707 3983 praelectionem,
1728 3909 1895 3985 sumptum
1913 3899 2147 3970 videlieetten-

159 3983 461 4070 desieunsrrompe
482 3979 642 4069 1111111,
671 4007 714 4051 en
742 3993 852 4052 111111
877 3987 970 4074 prins
992 3985 1129 4071 logiere·
1180 3985 1282 4068 tisper
1303 3985 1380 4050 dum
1403 3985 1496 4069 pueri
1513 3985 1653 4050 recitant
1673 3993 1801 4051 textum
1823 4007 1918 4069 quem
1931 3996 2055 4053 vocant.
2087 3987 2146 4055 Fi·
2268 4061 2276 4074 ‚

158 4079 258 4152 ment,
282 4071 404 4137 durent
424 4085 487 4155 111
508 4073 557 4137 les
578 4073 693 4138 enfans
715 4070 825 4137 diront
845 4071 917 4137 leur
927 4079 1027 4138 texte.
1061 4072 1129 4138 Les
1180 4071 1259 4136 nitis
1292 4069 1562 4154 praelectionibus
1601 4071 1789 4150 matutinis,
1833 4073 1936 4138 oratio
1973 4073 2148 4140 Dominiea

158 4155 268 4241 lepons
291 4156 336 4223 du
356 4158 463 4223 matin
484 4157 659 4236 aehevees,
682 4179 744 4242 que
766 4157 907 4224 ehescen
935 4178 1038 4223 ason
1054 4165 1129 4222 tour
1180 4177 1255 4222 eum
1276 4157 1367 4223 brevi
1389 4157 1568 4242 gratiarum
1590 4158 1715 4221 actione
1736 4157 1770 4222 in
1793 4157 1842 4222 sin
1891 4157 1932 4223 lis
1954 4157 2149 4227 elassibusa

159 4243 258 4309 reeite
279 4263 322 4309 en
343 4243 485 4328 ebesque
507 4243 609 4310 111111
630 4242 784 4309 l'oraisen
805 4241 1020 4322 Dominiesle,
1049 4265 1128 4310 aveo
1179 4243 1331 4325 quopiam
1353 4243 1519 4326 pervices
1540 4243 1703 4306 recitator.
1735 4239 1833 4308 Disce
1856 4255 1948 4309 entes
1970 4244 2068 4310 oflicii
2090 4244 2147 4310 ad-

159 4329 294 4413 quelque
316 4329 429 4395 111111
450 4330 555 4396 oetion
573 4327 614 4395 ds
635 4349 756 4414 greces.
790 4327 1009 4407 Finalement,
1031 4349 1127 4413 apres
1178 4335 1360 4393 monentor.
1410 4329 1457 4393 Et
1477 4328 1523 4391 its
1545 4325 1813 4393 tendememnee
1836 4327 1969 4394 domum
1994 4329 2146 4396 demere

158 4412 204 4482 les
225 4415 320 4481 aveir
340 4413 570 4484 admonnester
586 4413 626 4480 de
647 4414 874 4488 leurdebveir.
897 4415 994 4499 qu‘ils
1010 4426 1128 4500 seyent
1179 4412 1397 4492 deducuntor,
1427 4434 1447 4478 a
1471 4411 1556 4499 binis
1578 4412 1700 4478 infimis
1722 4411 2000 4498 hypodideseslis,
2028 4436 2147 4500 nempe

158 4501 293 4568 eenduis
315 4521 356 4566 11
377 4501 465 4567 leurs
484 4503 627 4567 maisons
648 4519 709 4585 par
730 4497 818 4565 deux
838 4499 987 4585 Regens:
1015 4521 1126 4566 esee·
1178 4499 1349 4582 septimae,
1383 4507 1509 4576 sextae,
1545 4498 1676 4581 quintae
1710 4506 1744 4564 et
1774 4501 1908 4584 quartae
1936 4500 2064 4582 elassis,
2096 4502 2146 4570 vi·

158 4589 228 4654 voir
248 4585 306 4653 des
326 4597 441 4670 quatre
460 4585 534 4670 plus
562 4587 674 4653 besses
696 4584 830 4663 elesses,
858 4585 998 4670 lesquels
1019 4587 1127 4653 ferent
1177 4585 1295 4651 eissim.

158 4681 224 4740 1111
243 4673 336 4740 effice
358 4671 444 4738 deux
466 4693 486 4738 a
507 4669 593 4738 deux
609 4693 671 4756 per
687 4673 877 4756 septmaine,
898 4693 940 4738 eu
961 4693 1021 4758 par
1041 4680 1124 4738 tour.

241 4843 348 4928 Qu'ils
379 4851 573 4910 reteument
601 4865 644 4910 au
681 4842 804 4929 eellege
842 4843 949 4928 hyver
980 4851 1015 4909 et
1045 4851 1125 4924 este,
1261 4841 1294 4906 A
1327 4837 1479 4940 prandio·
1500 4837 1614 4905 iisdem
1648 4838 1913 4940 diebusuhyeme
1950 4849 1983 4940 11
2003 4847 2144 4940 ‘aestate

159 4953 251 5016 apres
273 4931 385 4997 disner
407 4951 427 4996 a
448 4951 529 4996 onae
542 4929 685 5030 Ι1111111
707 4928 866 5030 sequela
886 4929 1126 5030 ilss’srereent
1176 4925 1258 4992 hera
1278 4925 1504 4992 undecimam
1525 4924 1640 4990 ludum
1662 4947 1798 5006 reversr,
1827 4925 1868 4992 ad
1895 4925 2066 5026 meridiem
2087 4949 2144 5029 us-

159 5017 518 5085 achanterPseeumos
538 5020 664 5100 rusqu'e
685 5015 775 5082 mrdr.
806 5015 934 5098 Depurs
954 5014 1124 5100 mrdrqu’rl
1176 5011 1399 5097 quePsalmes
1421 5018 1610 5078 reverenter
1626 5021 1778 5078 1111111.
1809 5013 1842 5078 Α
1863 5010 2144 5165 111111111εά311-

159 5101 766 5188 leurseitfaictuneleeoniusques
788 5121 895 5168 1111
917 5099 1029 5167 heure.
1073 5101 1125 5168 Dc
1176 5097 1449 5164 mam'doeentor.
1499 5093 1582 5162 Inde
1609 5096 1691 5162 hers
1718 5119 1785 5162 una
1810 5098 1932 5182 partim
1958 5117 2069 5164 meren
2095 5121 2143 5180 se,

1110 5245 1114 5252 .
1176 5181 1297 5267 partim
1318 5181 1494 5268 scriptioni,
1524 5193 1581 5247 aut
1602 5182 1674 5248 eliis
1696 5181 1812 5248 studiis
1833 5182 1924 5262 deta,
1953 5202 1973 5248 1
2001 5183 2144 5252 secunde

226 5289 254 5360 l)
271 5287 339 5345 leet
357 5289 461 5359 111111
478 5305 539 5347 ene.
916 5249 919 5262 Ι
1122 5315 1126 5322 -
1177 5269 1218 5335 ad
1239 5277 1387 5354 quartam
1409 5268 1631 5336 instituuntor.
1674 5265 1740 5334 Ubi
1761 5275 1880 5353 quarte
1901 5267 2013 5335 audita
2033 5270 2142 5350 fuerit,
