4852 6022
176 331 236 393 385
1040 331 1120 393 1539
1143 328 1304 397 OCTOB.
2106 337 2171 399 386

174 519 412 606 ignorationem
435 525 469 580 et
490 513 704 580 diffidentiam
726 513 799 594 Dei,
823 535 966 581 aurorem
994 516 1058 595 sui,
1087 538 1146 582 ne·
1196 514 1329 583 ditionis
1348 520 1510 584 maximae
1532 517 1684 583 utilitatis
1702 527 1735 582 ot
1754 518 1994 602 praescribendi
2011 523 2169 588 exercitia

174 605 317 690 glectum
345 602 500 686 proximi,
529 601 754 684 perturbatam
787 607 822 666 et
855 601 997 666 maxime
1030 623 1144 668 verum
1196 605 1415 685 poenitentiae
1435 603 1623 680 incitabant,
1646 604 1693 668 ita
1709 624 1770 669 uos
1792 605 1983 688 praecipuae
2006 607 2167 687 utilitatis,

175 689 318 770 enimw)
338 688 559 770 cupiditatem,
582 685 633 768 qd.
646 685 723 769 s.³⁰)
742 693 893 750 naturam
911 687 1015 769 ipsam
1033 695 1143 766 totam,
1196 689 1425 756 consolationis
1457 709 1498 754 ox
1534 691 1661 772 privata
1696 689 1899 755 absolutione
1931 710 2074 774 veroque
2103 714 2167 759 usn

175 785 297 860 quanta
323 781 446 856 quanta
472 781 536 851 est,
566 771 638 836 Deo
665 778 698 836 et
724 771 789 854 legi
817 772 887 836 eius
914 777 1071 854 perpetuo
1093 793 1144 837 re-
1196 775 1280 840 sacri
1300 775 1484 841 ministerii.
1528 775 1615 838 Vere
1637 775 1723 838 enim
1741 777 1939 857 perturbatis
1959 779 2171 844 conscientiis

174 871 385 946 pugnantem,
408 860 454 923 ita
475 868 513 922 ιιι
535 856 772 956 ιὶιίοιοιίςὶιιὶι
798 857 926 941 perdita
947 867 1005 922 cst.
1050 858 1145 939 Quae
1196 868 1229 923 et
1256 869 1367 926 tamen
1400 861 1441 926 ad
1475 860 1645 926 Christum
1683 861 1921 943 suspirantibus
1944 862 2061 946 ingens
2089 885 2168 929 con-

174 946 388 1015 consideratio
426 943 505 1008 facit
544 942 692 1007 homines
731 940 771 1006 dc
808 944 898 1006 omui
928 944 1053 1008 iustitia
1085 965 1145 1009 sua
1196 945 1310 1010 solatio
1338 946 1460 1012 accedit
1494 967 1595 1029 quum
1632 946 1762 1010 nomine
1790 947 1943 1012 ecelesiae
1976 957 2008 1012 et
2042 947 2168 1014 Christi

173 1035 305 1118 penitus
327 1030 498 1113 desperare
519 1028 647 1110 sibique
667 1027 852 1109 displicere,
880 1035 964 1094 totos
991 1027 1142 1110 pendere,
1194 1031 1350 1113 privatim
1372 1034 1471 1096 etiam
1492 1042 1625 1114 peccata
1642 1031 1764 1095 remitti
1792 1033 1852 1096 sibi
1880 1031 2035 1118 audit.⁸⁷)
2080 1036 2166 1098 Nam

174 1139 254 1202 quos
276 1117 397 1202 premit
417 1122 584 1198 peccatum
608 1113 663 1178 rei.
714 1112 843 1178 Deinde
871 1135 913 1179 ne
942 1116 1081 1200 vetlem)
1109 1117 1143 1179 in
1194 1115 1276 1180 illud
1304 1118 1375 1182 iure
1398 1117 1658 1202 magnifacimus:
1688 1115 1837 1196 Quorum
1871 1119 2063 1183 remiseritis
2091 1141 2167 1202 pec·

173 1205 234 1270 hac
267 1202 522 1269 consideratione
555 1201 602 1263 rei
634 1199 744 1262 minus
775 1199 930 1264 insistant
964 1221 1142 1278 movemur,
1194 1209 1337 1268 cataste.
1374 1202 1490 1285 Itaque
1500 1203 1672 1266 hortamur
1688 1209 1816 1268 nostros
1842 1211 1880 1266 ut
1902 1203 2002 1268 verba
2023 1205 2167 1270 ministri

174 1289 230 1356 sed
252 1290 422 1354 hortamur
450 1287 584 1350 veniant
611 1293 708 1367 atquc
734 1296 911 1368 agnoscant
936 1287 1143 1369 sentiantque
1193 1287 1227 1351 in
1250 1287 1451 1354 absolutione
1473 1288 1633 1370 accipiant
1649 1297 1806 1370 tanquam
1825 1309 1865 1352 ex
1883 1289 1953 1370 ipso
1971 1309 2027 1354 ore
2038 1289 2165 1356 Christi

174 1397 208 1440 se
237 1383 321 1440 totos
348 1371 490 1456 perditos
518 1370 718 1453 inpeccatis
745 1378 778 1434 et
799 1377 969 1453 conceptos
996 1379 1029 1436 et
1049 1383 1144 1437 natos
1195 1373 1347 1454 profecta.
2071 1429 2073 1436 .

174 1481 243 1527 esse
265 1479 456 1542 semperque
477 1457 601 1521 vixisse
629 1465 662 1520 et
690 1457 816 1535 vivere,
846 1466 883 1519 ut
908 1455 951 1520 ad
973 1456 1143 1522 Christum
1281 1460 1381 1523 quta
1407 1459 1488 1524 haec
1516 1465 1549 1522 et
1582 1459 1768 1541 generalem
1800 1467 2007 1540 peccatorum
2039 1461 2165 1527 confes·

173 1547 353 1612 Dominum
375 1564 445 1609 sese
467 1542 618 1608 attollant
639 1542 695 1623 qui
712 1541 802 1606 iubet
819 1540 861 1606 ad
885 1563 920 1606 ss
938 1543 1050 1607 venire
1071 1544 1143 1624 qui·
1196 1545 1320 1608 sionem
1348 1555 1382 1609 et
1408 1544 1659 1621 absolutionem,
1688 1565 1770 1626 quae
1797 1545 1833 1606 in
1854 1544 1998 1609 ecclesiis
2020 1547 2066 1622 fit,
2088 1555 2166 1610 sunt

173 1651 300 1714 cunque
322 1629 469 1694 laborent
490 1635 524 1692 et
545 1627 671 1692 onerati
694 1636 780 1705 sunt,
802 1629 856 1709 qui
879 1635 930 1692 est
957 1628 1144 1711 propitiatio
1196 1630 1408 1695 nihilominus
1447 1638 1537 1695 certa
1574 1631 1678 1712 magis
1716 1649 1798 1711 quae
1838 1629 2013 1694 utilitatem
2045 1631 2166 1696 habere

172 1738 231 1801 pro
253 1715 539 1800 peccatisnostris,
559 1713 1142 1796 etinipsaremissionepeecatorum
1196 1715 1403 1781 affirmamus.
1444 1715 1566 1780 Nostra
1587 1715 1698 1796 itaque
1720 1715 1936 1796 sententiam)
1959 1725 1993 1780 ct
2017 1715 2165 1781 doctriua

173 1802 375 1886 apprehensa
408 1801 494 1882 patri
528 1797 674 1875 coelesti,
706 1797 834 1882 cum⁸²)
867 1811 906 1862 ut
937 1800 970 1862 in
1003 1799 1142 1882 gradem
1195 1800 1235 1864 de
1270 1802 1470 1867 confessione
1505 1809 1538 1864 et
1571 1800 1760 1864 remissione
1788 1809 1993 1882 peecatorum
2022 1821 2105 1884 quae
2128 1802 2164 1866 in

172 1888 315 1954 restituti
342 1886 399 1951 tilii
429 1892 516 1951 recte
544 1883 662 1961 fidant,
691 1883 831 1965 factique
858 1884 904 1948 ita
935 1883 975 1948 de
997 1886 1086 1948 omni
1107 1887 1142 1950 in
1194 1887 1338 1952 eeclesiis
1361 1887 1505 1952 exerceri
1523 1885 1630 1964 debet,
1659 1886 1720 1950 hoe
1747 1885 1782 1948 iu
1804 1887 1919 1968 primis
1940 1905 2071 1951 necesse
2093 1907 2165 1953 esse

174 1997 209 2042 sc
237 1981 373 2056 paterno
401 1972 510 2034 animo
539 1971 706 2048 certiores,
735 1969 858 2034 scilicet
879 1975 916 2033 ιιι
939 1991 1017 2034 vero
1040 1971 1142 2053 ipsius
1194 1981 1233 2036 ut
1261 1971 1363 2036 adulti
1391 1993 1503 2037 omnes
1531 1979 1664 2054 peccata
1685 1991 1744 2036 sua
1766 1972 1999 2036 confiteantur:
2022 1972 2083 2037 hoc
2105 1981 2164 2052 est,

174 2063 220 2125 ita
242 2069 276 2124 et
301 2057 443 2123 iustitiae
470 2055 593 2132 studio,
621 2053 840 2132 mandantiss).
884 2054 938 2119 Ad
959 2055 1044 2120 hanc
1066 2076 1143 2122 vcro
1195 2079 1229 2122 se
1250 2059 1285 2122 in
1307 2060 1394 2123 omni
1417 2059 1487 2121 vita
1509 2077 1570 2121 sua
1591 2077 1661 2122 esse
1684 2067 1868 2139 peccatores
1894 2055 1990 2138 plane
2012 2057 2164 2140 perditos,

174 2145 349 2211 salutarem
358 2139 772 2224 resipiscentiamdoccmas
780 2141 1141 2221 eaerumministerium,
1194 2143 1250 2208 scd
1273 2144 1334 2208 nisi
1358 2143 1398 2208 de
1420 2143 1581 2227 singulari
1601 2142 1709 2224 aliquo
1732 2141 1795 2206 alio
1817 2140 1933 2206 delicto
1961 2142 2001 2207 ab
2030 2142 2166 2208 ecclesia

174 2231 230 2296 sed
257 2229 389 2313 privata
420 2228 624 2292 institutione
657 2235 690 2290 et
717 2225 935 2304 absolutione,
965 2226 1143 2308 plurimum
1194 2229 1384 2311 reprehensi
1406 2230 1481 2306 sint,
1505 2229 1586 2294 satis
1603 2237 1654 2292 est
1670 2227 1703 2291 id
1720 2227 1792 2291 fieri
1810 2227 2009 2292 confessione
2021 2227 2165 2311 generali

173 2317 327 2384 conferre.
362 2312 473 2394 Quare
484 2321 521 2376 ut
535 2321 708 2394 atramque
724 2311 872 2377 homines
889 2313 1000 2396 magni
1022 2313 1144 2378 faciant
1194 2316 1264 2378 sine
1283 2314 1499 2397 explicatione
1515 2314 1886 2395 omniumpeccatorum.
1918 2313 2051 2376 Domini
2064 2313 2165 2379 eccle-

174 2401 392 2468 admoncmus.
1194 2401 1243 2464 sia
1263 2409 1396 2484 peecata
1417 2400 1560 2483 primum
1580 2399 1751 2462 remittens
1760 2399 1804 2480 80)
1823 2397 2024 2479 baptizando,
2048 2395 2166 2464 deinde

258 2485 325 2552 Sed
344 2493 382 2549 ut
399 2483 528 2568 singula
545 2501 645 2565 praue
661 2481 747 2546 facta
757 2481 917 2548 ministris
928 2495 1140 2565 exponantur,
1167 2484 1169 2514 ¹
1194 2485 1400 2569 generalibus
1428 2485 1493 2550 illis
1521 2483 1776 2549 absolutionibus
1804 2504 1886 2564 quas
1909 2483 2053 2565 quotidie
2082 2483 2167 2548 fiunt

173 2583 230 2637 aut
258 2581 295 2636 ut
323 2570 478 2654 privatim
500 2567 622 2651 singuli
631 2567 674 2643 ³⁴)
699 2568 749 2631 sel
771 2569 806 2631 in
828 2589 923 2650 quem
947 2569 1046 2632 etiam
1068 2590 1142 2651 pec·
1193 2570 1377 2654 praebendo
1403 2570 1643 2636 eucharistiam.
1695 2569 1870 2633 Praeterea
1900 2569 2061 2651 privatam
2089 2591 2165 2634 con·

174 2667 246 2724 cata
268 2678 327 2722 sua
345 2656 441 2721 certis
459 2653 657 2736 temporibus
675 2654 833 2718 ministris
851 2655 1065 2718 confiteantur
1076 2677 1142 2719 non
1194 2657 1367 2722 fossionem
1379 2665 1414 2722 et
1427 2652 2163 2733 ahsolutionemhominibuscemmendandam,

172 2744 378 2827 requirimus,
401 2749 573 2824 propterea
595 2738 679 2822 quod
708 2738 741 2803 id
768 2739 858 2804 nullo
881 2740 978 2804 verbo
1001 2740 1063 2804 Dei
1083 2759 1142 2804 nec
1195 2742 1344 2807 utilitatis
1365 2744 1513 2825 privatae
1534 2739 1725 2805 eruditionis
1736 2746 1770 2802 et
1779 2738 2061 2816 consolationis⁴⁰)
2074 2740 2165 2804 usui·

173 2829 322 2911 exemplo
355 2826 528 2910 apostolico
567 2825 632 2888 ullo
665 2823 824 2890 doceatur.
881 2823 935 2889 Ad
966 2823 1000 2888 id
1032 2833 1143 2890 autem
1195 2849 1257 2910 que
1275 2829 1359 2894 sacri
1381 2827 1572 2892 ministerii:
1594 2826 1788 2892 necessitate
1809 2833 1920 2888 autem
1942 2825 2056 2889 salutis
2076 2847 2166 2891 ane-

172 2914 344 2979 hcrtamur
377 2921 415 2976 ut
448 2911 593 2976 iuniores
622 2917 744 2986 aetate,
779 2917 812 2974 et
842 2911 1025 2992 quicunque
1060 2931 1142 2994 epus
1194 2913 1283 2978 mine
1304 2933 1398 2996 posse
1420 2913 1508 2996 exigi
1528 2919 1565 2976 ut
1585 2911 1739 2994 privatim
1762 2909 1911 2974 minister
1936 2908 2073 2988 iudicet,
2102 2911 2166 2976 nisi

173 2999 354 3065 eruditione
381 2998 519 3076 habent,
548 3015 618 3061 sese
646 2995 805 3060 ministris
830 2993 1003 3078 aliqnando
1024 2997 1143 3062 sistant
1194 3001 1298 3081 possit
1320 2998 1359 3064 de
1381 3007 1469 3064 certo
1491 2997 1599 3078 aliquo
1620 3002 1751 3080 peccato
1774 2995 1932 3060 convinci.

173 3085 358 3167 erudirique
381 3103 416 3148 se
438 3081 478 3147 de
500 3082 587 3146 omni
610 3081 794 3163 cognitione
817 3080 942 3145 Christi
965 3084 1140 3164 patientur.
1279 3085 1377 3151 Ultra
1403 3085 1483 3148 haec
1508 3081 1592 3146 nihil
1617 3101 1712 3164 posse
1741 3103 1782 3144 ex
1808 3081 1849 3146 iis
1879 3082 2059 3163 scripturae
2085 3080 2163 3147 locis

173 3172 227 3236 Ita
258 3171 428 3235 hortamur
453 3189 513 3232 nos
535 3167 667 3247 eosqui
690 3167 894 3250 perturbatas
921 3167 1043 3232 habent
1064 3189 1142 3234 eon·
1195 3171 1300 3236 emaci
1328 3190 1410 3252 quae
1439 3167 1479 3232 de
1511 3165 1716 3232 remittendis
1749 3167 1888 3248 peccatis
1920 3186 1979 3248 por
2009 3164 2163 3232 eeclesiae

174 3257 335 3333 scientias,
358 3257 426 3320 eive
448 3253 558 3336 iuopia
578 3251 689 3316 iudicii
711 3250 751 3316 de
775 3252 842 3316 suis
862 3253 1051 3332 actionibus,
1073 3254 1141 3318 sive
1194 3255 1412 3321 ministeriam
1435 3261 1603 3319 testantur.
1648 3251 1733 3316 Nam
1756 3253 1888 3316 tametsi
1916 3251 2048 3316 omnino
2069 3271 2163 3334 opor-

173 3341 396 3407 imbeeillitata
417 3337 554 3404 fiduciae
582 3337 624 3402 de
651 3339 841 3404 remissione
863 3345 1077 3419 peecatorum,
1106 3347 1144 3404 ut
1194 3349 1405 3424 teatpeocata
1426 3339 1606 3404 ministerio
1625 3335 1750 3401 remitti
1767 3336 1947 3402 secundum
1957 3335 2052 3401 illud:
2072 3336 2164 3418 Quo-

172 3428 310 3512 privatis
338 3423 593 3492 confessionibus
622 3423 793 3488 consilium
826 3433 860 3486 et
892 3423 1143 3489 consolationem
1192 3449 1267 3496 rum
1293 3426 1483 3492 remiseritis
1509 3433 1641 3509 peccata
1668 3431 1745 3498 ete,
1772 3421 1884 3487 nullus
1916 3430 2026 3487 temen
2054 3428 2164 3487 exstat

173 3514 260 3598 apud
282 3531 359 3579 suos
378 3519 522 3594 pastores
544 3525 710 3592 quaerant.
744 3509 1028 3574 Mcnemusetiam
1040 3510 1142 3574 multo
1193 3513 1373 3595 scripturae
1400 3511 1490 3577 locus
1519 3531 1581 3592 quo
1607 3506 1754 3574 concludi
1783 3514 1872 3572 certe
1893 3515 2003 3590 posset
2024 3506 2163 3572 admini-

173 3600 285 3684 plures
305 3619 374 3662 esse
396 3597 432 3660 in
454 3595 596 3662 ecclesiis
624 3595 678 3677 qui
704 3593 767 3660 hac
788 3595 916 3678 privata
943 3595 1142 3661 confessione
1193 3599 1291 3663 strati
1319 3597 1404 3663 hauc
1433 3596 1656 3661 remissionem
1681 3614 1740 3676 per
1767 3593 1935 3658 eeclesiam
1964 3613 2030 3656 non
2059 3613 2161 3674 posse,

173 3686 303 3770 egregie
324 3683 431 3748 iuvari
452 3690 573 3765 queant
595 3688 691 3763 (quae
713 3679 811 3762 vulgo
834 3679 1026 3764 patent).⁸⁵)
1073 3681 1141 3745 Ita-
1193 3684 1256 3748 nisi
1290 3683 1330 3748 iis
1363 3682 1420 3765 qui
1453 3693 1487 3746 et
1520 3680 1673 3762 privatim
1709 3679 1853 3743 fatentur
1884 3699 1920 3742 se
1952 3697 2101 3760 peccasse
2128 3687 2163 3744 et

172 3793 234 3854 quc
263 3777 413 3854 optamus
440 3767 544 3833 multo
573 3785 699 3848 quoque
727 3766 882 3830 maiorem
904 3785 975 3830 esse
996 3768 1141 3831 omnium
1193 3763 1673 3850 enumerentsingulatimquid
1687 3764 1861 3846 peccarint.
1895 3761 1962 3828 Sed
1980 3763 2162 3829 manifestis

173 3857 208 3921 in
231 3853 374 3922 ecelesiis
395 3874 472 3919 cum
492 3852 675 3936 pastoribus
697 3853 765 3916 suis
792 3851 1075 3931 constratudinem,
1103 3860 1142 3916 ut
1193 3855 1285 3920 factis
1313 3853 1528 3937 apostolorum
1557 3859 1590 3914 et
1616 3851 1737 3915 veteris
1767 3848 1918 3915 ecclesiae
1949 3849 2161 3930 cognoscitur,

172 3942 327 4024 privatim
350 3947 382 4004 et
403 3938 588 4003 confirmari
610 3937 808 4002 commodius
837 3937 964 4019 possint
985 3946 1142 4021 quotquot
1192 3940 1341 4005 sufficere
1363 3960 1397 4004 se
1418 3936 1563 4022 profiteri
1586 3942 1786 4018 peecatorem
1809 3943 1843 3998 et
1863 3933 2085 3998 remissionem
2104 3953 2163 4016 per

173 4048 211 4093 eo
233 4025 354 4090 habent
375 4045 456 4106 opus
478 4032 511 4088 ot
532 4022 575 4087 ad
591 4021 677 4087 hanc
695 4019 963 4088 consuetudinem
980 4044 1140 4106 usumque
1174 4025 1363 4104 ‚Christum
1389 4031 1513 4108 petere,
1543 4021 1612 4086 sive
1638 4019 1671 4084 id
1699 4021 1771 4102 quis
1796 4019 1903 4101 pelam
1932 4027 1965 4083 et
1992 4037 2067 4083 cum
2088 4019 2160 4086 ahie

173 4113 258 4178 sacri
284 4109 459 4176 ministerii
486 4110 585 4174 etiam
612 4109 742 4190 privata
768 4127 869 4190 quum
897 4107 1042 4173 doctrina
1069 4115 1141 4174 tum
1193 4113 1262 4178 sive
1290 4111 1444 4194 privatim
1472 4128 1530 4192 pro
1557 4129 1591 4172 se
1619 4107 1726 4170 faeiat.
1776 4105 1860 4168 Nam
1883 4105 2160 4170 enumerationem

171 4197 393 4265 consolatione
415 4195 588 4278 diligenter
609 4193 788 4258 hortamur.
1193 4197 1396 4281 singulorum
1427 4195 1587 4259 factorum
1620 4213 1724 4274 neque
1756 4192 1791 4255 in
1824 4189 1953 4272 publica
1986 4211 2089 4272 noque
2126 4191 2162 4254 in

259 4281 379 4360 Sed³⁶)
401 4291 438 4346 ut
459 4288 568 4366 patres
591 4279 632 4343 ad
654 4279 807 4362 privatim
829 4279 1049 4344 confitendum
1067 4301 1140 4345 eru·
1193 4283 1321 4366 privata
1341 4281 1540 4348 confessione
1557 4285 1653 4343 vetus
1671 4276 1805 4342 ecelesia
1821 4295 1963 4357 unquam
1983 4275 2159 4358 requisivit.

173 4388 374 4398 —..-..-—-—

257 4417 304 4484 29)
326 4417 565 4472 morereretur
585 4417 731 4484 perticalis
754 4431 822 4484 qaae
847 4415 983 4470 audenter
996 4431 1141 4484 perperam
1617 4417 1689 4478 Art,
1713 4419 1741 4477 8,

172 4491 290 4557 scriptor
307 4495 371 4540 cant
388 4485 558 4540 desideratur
575 4501 659 4538 anum
677 4485 845 4540 adiectionis.
1348 4538 1353 4550 ¹
1809 4532 1815 4546 ,
1990 4532 1996 4544 1

257 4555 304 4618 3))
322 4556 379 4610 ιιι)
1278 4539 1372 4603 Fecit
1397 4533 1543 4600 Karalus
1567 4543 1641 4616 post
1669 4532 1750 4597 haee
1774 4539 1872 4595 ettam
1898 4539 2095 4596 mentionem
2118 4526 2158 4591 de

257 4623 303 4690 31)
329 4623 386 4678 l'0t
419 4627 563 4690 meist,
593 4629 618 4676 et
648 4621 772 4690 emim
801 4623 940 4690 coemtio
968 4623 1034 4689 ΡΜ
1060 4637 1141 4690 Μ
1165 4683 1168 4697 ,
1192 4621 1508 4697 extremauncticne,
1521 4613 2161 4700 dequarogabatancuiquamecelcsiae

172 4695 304 4822 &milii
323 4777 382 4814 eum
401 4756 540 4812 delendum
558 4757 665 4811 eidette
683 4763 712 4810 at
728 4756 875 4812 tolerebrlie
891 4758 990 4812 modat
1007 4773 1108 4812 emaus.
1193 4711 1272 4774 Viti⁰
1287 4705 1436 4810 .d⁰¹f¹dum
1458 4713 1620 4803 pqoemus.
1631 4705 1658 4768 Si
1679 4703 1769 4768 illam
1791 4704 1836 4766 ita
1854 4717 1890 4766 ιη
1909 4701 2004 4766 dim
2022 4695 2160 4763 1⁸⁰⁰bu⁸

259 4828 307 4892 33)
324 4833 451 4882 maneant
468 4828 508 4890 (t)
1193 4796 1362 4878 descnpsrt
1383 4801 1523 4876 aegrotus
1546 4789 1707 4854 adhrbeat.

259 4897 303 4959 34)
321 4897 444 4966 singula?

259 4965 306 5026 35)
325 4968 381 5020 sic!

259 5033 304 5098 36)
324 5033 450 5104 Sequitur
467 5033 541 5086 locus
558 5031 787 5098 corruptissimus.
832 5029 934 5083 Seuere
951 5045 1008 5084 esee
1025 5031 1142 5100 edetur,
1277 5028 1324 5093 et)
1343 5029 1463 5082 audiunt.

174 5105 301 5159 ascito
323 5105 418 5156 irrisere
442 5101 586 5168 dinetus,
610 5099 668 5152 bie:
695 5105 789 5167 petrea
814 5100 940 5165 priuatae
963 5099 1142 5166 maseaatoais
1277 5097 1324 5160 38)
1342 5097 1424 5152 adde.-
1443 5101 1485 5150 cst

172 5174 318 5228 utilitatem
334 5174 365 5223 ta
382 5171 519 5225 dictandis
527 5167 661 5223 sceatta
668 5168 850 5236 praecariae
862 5169 993 5236 mesiae,
1010 5169 1141 5238 reform
1277 5165 1323 5230 39)
1342 5167 1458 5219 remittit
1476 5167 1512 5231 tt)
1531 5165 1686 5217 remittente
1705 5167 1744 5230 tt)

173 5241 293 5298 tereste
310 5240 482 5294 αὺιιοίιιιιοιιι.
1277 5233 1322 5300 ta)
1341 5235 1401 5288 eide
1418 5241 1447 5288 tu
1464 5251 1502 5286 aa
1519 5232 1703 5287 atterendam.-
1720 5249 1806 5295 cansa
1826 5233 1901 5282 caete

281 5323 390 5378 (felitius¹
406 5338 496 5391 opera
538 5322 593 5377 Vol.
613 5319 648 5374 X.
678 5319 708 5374 P.
728 5318 771 5374 11.
1922 5309 1952 5362 lt
