4820 6016
298 357 361 423 270
1064 349 1325 420 urlsrom
1350 354 1516 417 lte-150
2221 356 2276 419 280

295 550 394 609 aeret.
427 541 540 606 Nostri
550 541 577 622 ⁴)
595 541 629 606 in
649 540 837 624 disciplinae
853 541 1125 606 instaurationem
1146 559 1265 624 magno
1319 538 1459 622 &yscoi
1479 559 1574 605 mens
1596 539 1673 618 brit,
1701 561 1743 604 ne
1771 540 1883 605 vinum
1904 541 1939 604 in
1962 541 2121 605 rationem
2143 540 2276 622 venna,

298 633 418 694 conatu
440 626 497 692 sed
520 625 762 692 dissimulanter
782 625 968 690 incumbere
989 633 1145 710 pergunt,
1174 647 1216 690 ne
1237 629 1265 689 si
1316 625 1401 706 quod
1422 644 1442 688 a
1463 645 1497 690 se
1519 645 1771 707 sumpseramus.
1784 627 1812 708 ⁹)
1864 625 1937 708 Ego
1960 633 2070 690 tamen
2092 647 2192 708 quum
2215 627 2276 692 vidi

297 711 486 795 intelligunt
505 711 652 793 improbi,
675 711 761 776 inter
778 712 848 860 ipsa
869 711 1028 794 principia
1050 709 1264 794 impedimen·
1318 709 1492 790 oporinum
1526 719 1640 792 sponte
1676 731 1742 774 non
1769 731 1806 776 eo
1841 711 1998 776 inclinare
2024 710 2149 776 hiscere
2183 711 2274 778 nolui

298 805 370 861 turn
398 797 544 861 afferant.
589 793 628 860 Si
656 797 727 878 quis
757 803 789 860 to
802 797 932 861 orabilis
961 796 1039 861 ordo
1069 795 1264 861 constitutus
1315 795 1366 859 ru
1383 803 1508 878 septem
1525 794 1742 861 hebdomadas
1760 803 1793 860 et
1810 795 1944 861 biduum
1963 795 2049 879 apud
2066 817 2142 861 enm
2159 799 2275 877 vixisti,

299 883 352 948 hio
369 883 476 960 fuerit,
498 882 617 946 bonam
636 882 705 946 eius
729 881 770 945 ad
793 903 851 947 vos
874 879 1065 947 traducendi
1083 881 1170 947 riam
1189 901 1263 963 pro·
1315 899 1375 963 ego
1413 901 1543 946 menses
1582 881 1661 947 duos
1697 888 1730 946 et
1771 881 1899 948 circiter
1938 880 2109 950 duodecim
2148 882 2227 948 dies.
2241 887 2275 960 ¹⁰)

300 968 408 1050 spicio,
432 968 460 1031 si
482 967 647 1031 communi
658 968 794 1031 fratrum
810 966 1041 1032 deliberatione
1062 967 1167 1049 primo
1190 987 1264 1031 con·
1317 963 1467 1045 Quodn)
1491 967 1571 1032 eitra
1598 965 1775 1032 notabilem
1803 981 1892 1032 tuam
1919 967 2078 1033 iacturam
2099 967 2223 1034 iactum
2241 969 2276 1034 iri

299 1061 399 1119 ventu
426 1059 565 1135 petatur.
616 1050 683 1116 Sed
718 1051 777 1117 hoo
811 1052 997 1134 dispiciatur
1032 1059 1108 1116 ante
1141 1072 1264 1116 annum
1307 1057 1410 1132 puto,
1443 1052 1489 1117 sio
1521 1053 1706 1135 partiemur.
1761 1053 1834 1136 Ego
1863 1053 2005 1136 quinque
2032 1063 2215 1131 coronatos,
2244 1065 2275 1120 tu

298 1145 491 1206 vertentem.
537 1135 621 1202 Ses
649 1137 736 1202 enim
764 1137 855 1202 nulla
882 1137 1068 1202 maturioris
1098 1157 1264 1202 successus
1315 1145 1453 1218 quatuor
1473 1137 1588 1203 solves.
1633 1137 1716 1204 Octo
1743 1147 1911 1204 coronatos
1940 1137 2133 1204 dederamus
2161 1139 2276 1205 aBal

298 1244 333 1288 se
353 1221 436 1286 mihi
466 1158 617 1288 ostendit.
657 1222 742 1286 Nam
771 1223 999 1288 siconventus
1020 1229 1092 1304 post
1112 1221 1263 1306 hyemem
1314 1221 1448 1287 tueare.
1462 1224 1500 1300 ¹²)
1544 1221 1656 1302 Unum
1678 1223 1735 1306 qui
1762 1244 1802 1288 ex
1833 1224 1997 1290 communi
2019 1225 2158 1308 pecunia
2178 1233 2275 1290 rests-

297 1307 538 1390 impetrabitur,
568 1307 661 1373 cuius
690 1327 781 1389 spem
809 1305 901 1372 nobis
921 1307 1069 1374 iecerunt
1090 1307 1167 1371 illae
1191 1306 1264 1372 Sul·
1314 1305 1379 1371 bat.
1424 1307 1473 1372 Tu
1496 1329 1553 1374 sex
1577 1307 1616 1373 de
1642 1317 1698 1374 tuo
1720 1330 1967 1387 numeraveras,
1991 1330 2051 1393 ego
2072 1331 2184 1375 unum.
2229 1310 2275 1376 Ita

296 1393 511 1470 militares,
543 1392 614 1458 aliis
641 1393 737 1458 rebus
767 1391 991 1457 destinabitur.
1040 1392 1114 1458 Nisi
1142 1393 1265 1456 lortea
1315 1389 1372 1457 abs
1394 1399 1427 1456 te
1449 1394 1583 1475 profecti
1606 1401 1701 1459 erant
1723 1391 1833 1460 decem
1852 1414 1888 1462 ao
1907 1393 2071 1460 dimidius.
2116 1395 2273 1479 Recepisti

298 1477 469 1544 eoncordia
497 1478 538 1542 ad
567 1477 819 1544 ecclesiasticum
849 1477 996 1542 ordinem
1017 1478 1177 1542 transitus
1197 1479 1262 1542 fiet
1314 1498 1373 1562 per
1392 1477 1503 1544 fratris
1524 1499 1643 1544 manus
1672 1479 1821 1562 quinque.
1866 1477 2016 1560 Quatuor
2042 1482 2181 1563 impensi
2204 1489 2274 1546 sunt

382 1563 505 1628 Videor
527 1563 610 1645 mihi
632 1562 827 1628 subolfacore
850 1583 933 1645 quae
955 1583 1054 1629 causa
1072 1563 1262 1628 Morandum
1313 1561 1349 1626 in
1378 1563 1509 1628 victum.
1560 1561 1866 1648 Sesquicoronatum
1897 1563 2004 1630 adhuc
2032 1563 2147 1646 debeo,
2183 1588 2272 1650 quam

297 1656 331 1714 st
352 1647 562 1714 Marourtiam
583 1649 727 1713 Bernam
754 1650 898 1713 traxerit.
943 1647 1030 1730 Quia
1051 1649 1264 1730 experiuntur
1314 1647 1439 1712 solvam
1462 1649 1560 1714 simul
1582 1657 1679 1800 atfflua
1700 1650 1836 1715 licuerit
1869 1649 1944 1730 Hic,
1967 1649 2031 1716 nisi
2048 1651 2147 1718 velim
2170 1653 2271 1716 iratri-

297 1734 383 1816 quod
404 1755 470 1797 non
493 1732 748 1818 provideruntl)
770 1743 807 1797 ut
828 1755 862 1798 se
884 1734 966 1800 citra
986 1733 1129 1798 levitatis
1149 1741 1263 1798 notam
1313 1733 1374 1799 bus
1397 1754 1466 1799 esse
1488 1735 1587 1812 oneri,
1639 1755 1751 1800 emec
1773 1735 1952 1801 vivendum
1974 1736 2044 1802 erit
2090 1739 2201 1802 Antea
2220 1737 2270 1802 tibi

296 1818 437 1885 liberent
457 1817 676 1884 censebuntur
703 1819 838 1883 nimiam
865 1839 943 1902 erga
964 1839 999 1884 se
1025 1819 1261 1902 malignitatem
1314 1827 1379 1882 tros
1400 1820 1539 1886 florenos
1560 1827 1593 1885 et
1615 1819 1783 1886 dimidium
1806 1819 1970 1886 debebam.
2015 1823 2044 1886 Ε
2066 1843 2131 1905 qua
2152 1844 2271 1888 summa

297 1923 410 1970 eorum
432 1904 487 1986 qui
514 1924 642 1970 causam
673 1915 817 1969 nostram
845 1905 965 1970 fovent.
1011 1905 1120 1970 Simul
1142 1913 1260 1983 tamon,
1313 1903 1558 1970 subducendum
1580 1905 1644 1969 erit
1672 1905 1757 1988 quod
1780 1906 1854 1989 equi
1879 1905 2009 1972 domino
2030 1909 2172 1989 pretium
2194 1909 2270 1975 loca·

295 1990 360 2055 nisi
381 1989 476 2054 fallor
501 1989 667 2071 opinione,
695 1991 858 2074 stringent
879 1989 1002 2072 stylum
1023 2009 1101 2055 suae
1130 2011 1261 2056 accusa·
1312 1989 1411 2056 tionis
1442 1990 1584 2072 persolvi
1618 2011 1655 2057 uc
1686 1989 1857 2056 dimidium
1889 1993 1959 2058 eius
1991 1992 2076 2075 quod
2108 1996 2269 2059 numerari

295 2075 393 2139 tionis
420 2075 455 2138 in
484 2081 588 2139 totam
610 2071 829 2140 Gene'vatium
851 2077 1023 2139 nationem.
1068 2075 1121 2139 Ita
1142 2093 1259 2140 novam
1311 2081 1478 2140 matronae
1500 2097 1520 2140 a
1546 2097 1610 2158 qua
1638 2076 1760 2142 lectum
1782 2077 2010 2144 habueramus.
2056 2077 2145 2144 Sunt
2156 2078 2198 2164 ¹⁸)
2219 2101 2268 2145 au-

295 2158 356 2224 sibi
378 2159 487 2224 sedem
517 2157 671 2242 quaerere
700 2179 830 2226 necesse
852 2159 1025 2226 habebunt.
1069 2161 1171 2224 Faxit
1192 2161 1260 2225 Do·
1312 2168 1378 2224 tem
1407 2159 1501 2226 solidi
1526 2161 1715 2227 basilienses
1744 2162 1818 2246 plus
1847 2163 1956 2228 minus
1984 2164 2112 2248 viginti.
2164 2165 2269 2248 Equus

295 2246 404 2310 minus
427 2253 464 2308 ut
486 2243 684 2326 alloqueris
714 2266 748 2309 se
769 2245 876 2328 potius
905 2254 1085 2311 exonerent
1106 2265 1203 2328 quam
1224 2246 1260 2310 in
1311 2246 1397 2310 enim
1420 2244 1558 2312 sedecim
1581 2246 1692 2312 solidis
1714 2269 1751 2314 ao
1773 2247 1905 2313 dimidio
1929 2249 2083 2314 constitit.
2128 2249 2219 2330 Quos
2237 2252 2267 2314 in

294 2337 437 2395 vestram
464 2330 625 2394 viciniam.
678 2327 717 2395 Si
746 2330 939 2395 haberemus
965 2331 1019 2396 hie
1047 2330 1179 2395 idoneos
1205 2332 1260 2413 qui
1310 2338 1461 2414 nepotem
1483 2339 1575 2396 tuum
1597 2341 1746 2416 sumptus
1767 2335 1904 2398 feceram
1922 2335 2037 2418 recepi,
2061 2336 2204 2418 exceptis
2222 2357 2267 2400 so-

293 2421 427 2498 possent
448 2435 577 2480 accessu
598 2415 679 2480 tales
699 2424 808 2497 pestes
832 2436 950 2495 arcere,
978 2437 1038 2500 ego
1060 2417 1167 2499 potins
1187 2437 1260 2482 mea
1309 2415 1385 2482 lidis
1407 2417 1536 2483 circiter
1558 2417 1678 2496 decom,
1701 2440 1780 2501 quos
1802 2421 1962 2485 missurus
1984 2428 2054 2485 erat
2075 2420 2159 2484 mihi
2184 2419 2266 2487 Olea

184 2537 186 2544 .
293 2519 394 2564 manu
426 2499 504 2566 illuc
536 2520 637 2582 usque
659 2499 839 2578 traderem,
873 2521 969 2584 quam
996 2523 1054 2566 vos
1087 2501 1259 2567 obiicerem
1309 2501 1390 2566 dire.
1435 2502 1519 2567 Erat
1546 2504 1632 2567 enim
1655 2503 1792 2584 abundo,
1822 2503 1909 2570 undo
1931 2526 2093 2570 summam
2116 2506 2266 2571 tantulam

173 2587 183 2602 ⁸
294 2591 390 2682 tanto
404 2583 544 2666 periculo
561 2592 718 2668 quantum
736 2586 908 2650 imminere
931 2585 1022 2652 vobis
1043 2607 1149 2665 cerno,
1172 2587 1201 2652 si
1217 2586 1259 2652 ad
1309 2588 1488 2652 conficeret.
1533 2589 1649 2654 Nescio
1676 2589 1753 2671 quid
1780 2590 1949 2656 obstiterit.
1994 2590 2033 2655 ld
2060 2589 2132 2656 dico
2154 2613 2194 2656 ne
2219 2611 2265 2655 me

294 2689 354 2735 vos
380 2671 565 2752 irruperint.
620 2671 688 2735 Nos
720 2672 860 2753 primam
888 2672 923 2735 in
951 2671 1118 2737 ecclesiola
1146 2679 1259 2737 nostra
1309 2672 1474 2737 existimes
1502 2673 1586 2738 nihil
1608 2674 1775 2756 recepisse.
1820 2675 1920 2756 Vale,
1950 2676 2051 2741 frater
2072 2676 2156 2742 mihi
2176 2676 2264 2742 dilec-

293 2773 427 2820 coenam
454 2755 633 2820 secundum
661 2755 723 2820 loci
750 2757 851 2821 ritum
874 2755 1123 2834 celebravimus,
1159 2779 1257 2840 quam
1308 2757 1440 2835 tissime,
1464 2779 1536 2823 cum
1559 2759 1713 2824 fratribus
1735 2761 1856 2825 nostris
1880 2761 2041 2841 omnibus,
2065 2782 2146 2844 quos
2167 2770 2262 2828 tetum

293 2840 431 2924 singulis
453 2841 618 2905 mensibus
640 2841 843 2906 instituimus
865 2841 1058 2925 repeterefl)
1095 2841 1203 2924 Capite
1225 2851 1258 2908 et
1308 2843 1470 2909 Dominus
1493 2852 1601 2910 servet
1621 2845 1809 2911 incolumes.
1824 2847 1865 2928 ¹⁴)

290 2923 437 2991 Borma
457 2932 490 2990 te
512 2947 549 2991 ac
570 2927 686 2990 iratres
711 2945 823 2992 omnes
839 2935 967 2991 nostros
988 2927 1153 2992 iusserant
1174 2929 1256 2992 ami-

291 3011 420 3076 cissime
441 3031 499 3075 suo
521 3011 651 3075 nomine
673 3011 857 3089 resalutari,
886 3033 1022 3095 quorum
1050 3011 1104 3078 hic
1125 3013 1256 3096 longam

292 3101 388 3177 atque
405 3095 467 3160 hoc
485 3101 628 3178 tempore
646 3097 725 3160 anni
742 3095 1003 3162 molestissimam
1026 3098 1168 3180 suscepit
1184 3120 1256 3182 pro·

290 3179 471 3246 iectiomm.
529 3181 583 3245 Ad
614 3181 851 3266 Londpraoium
885 3183 1057 3260 concessit,
1095 3183 1185 3250 illinc
1218 3184 1256 3248 in
1392 3181 1459 3248 Sed
1487 3183 1564 3266 quid
1591 3183 1631 3248 de
1658 3183 1783 3251 ludicro
1817 3185 2068 3253 bombardorum
2096 3189 2260 3254 certamine

290 3263 470 3334 Saxoniem
491 3285 592 3348 usque
609 3275 823 3348 perrecturus.
870 3266 954 3333 Oum
977 3268 1188 3352 Luadpravio,
1209 3269 1255 3332 ci·
1306 3265 1424 3338 audio?
1458 3267 1544 3350 quod
1565 3268 1600 3332 in
1621 3267 1798 3336 ludibrium
1820 3274 1922 3338 totius
1943 3274 2083 3339 viciniae
2104 3275 2257 3350 ursum¹⁵l

289 3351 446 3417 vitatibus
475 3350 666 3434 quibusdam
688 3352 812 3430 liberis,
842 3353 976 3418 Leibero
1004 3364 1038 3418 et
1067 3353 1254 3420 Saxcmbus
1306 3373 1376 3418 esse
1398 3361 1541 3418 narrant.
1587 3353 1729 3434 Quanta,
1751 3358 1893 3435 obsecro,
1917 3357 2141 3441 impudentia?
2173 3359 2256 3425 Scili-

289 3455 420 3503 causam
452 3437 551 3501 habet
587 3437 789 3503 tractandam
822 3435 861 3502 de
893 3438 987 3502 bonis
1019 3438 1252 3518 ecclesiasticis,
1305 3449 1450 3504 estnon
1477 3440 1554 3504 satis
1584 3440 1701 3522 ubique
1730 3441 1832 3508 odiosi
1859 3451 1953 3520 sunt,
1988 3444 2052 3508 nisi
2080 3463 2255 3510 novamen

289 3543 371 3604 quae
398 3521 533 3604 cupiunt
559 3543 711 3588 revocare
739 3523 773 3586 in
801 3523 984 3602 legitimum
1016 3545 1122 3588 usum.
1167 3524 1254 3590 Dedi
1305 3524 1448 3606 qualibet
1475 3524 1617 3589 stultitia
1643 3528 1817 3591 materiam
1845 3535 1985 3612 captent.
2031 3528 2090 3596 Sic
2111 3531 2255 3595 Dominus

289 3608 319 3671 ei
341 3606 382 3671 ad
402 3606 585 3688 Philippum
595 3609 620 3690 ⁷)
639 3607 760 3685 literas,
782 3609 899 3690 quibus
920 3610 1033 3692 rogavi
1051 3621 1089 3674 ut
1109 3629 1163 3674 me
1184 3631 1253 3676 oer-
1305 3609 1413 3675 hostes
1434 3629 1509 3674 suos
1531 3609 1584 3676 vol
1605 3611 1640 3674 in
1660 3612 1787 3678 frivolis
1816 3633 1853 3680 ao
1875 3613 1971 3678 nihili
1994 3615 2092 3680 rebus
2112 3622 2254 3681 excaecat

288 3692 404 3756 tiorem
426 3713 504 3756 suae
526 3693 705 3757 sentcntiae
727 3694 856 3758 faceret.
900 3694 1064 3759 Articulos
1086 3694 1253 3761 duodecim

289 3775 407 3854 addidi,
430 3796 510 3860 quos
533 3777 560 3841 si
582 3777 664 3840 mihi
682 3777 843 3856 concedat,
866 3777 949 3842 nihil
967 3779 1053 3844 ultra
1074 3782 1196 3862 possim
1213 3781 1253 3846 ab
1388 3779 1538 3862 Migrabo
1560 3781 1648 3846 intra
1668 3780 1805 3847 biduum
1827 3782 1868 3848 ad
1889 3783 1985 3850 aedes
2006 3785 2133 3852 Bucari.
2147 3785 2184 3870 ¹⁶)

288 3863 359 3944 ipso
381 3871 439 3926 aut
461 3861 594 3928 Lutltero
621 3863 683 3929 hac
709 3863 743 3927 in
771 3885 807 3928 ro
827 3865 966 3948 exigere.
1011 3863 1049 3930 Si
1071 3865 1148 3948 quid
1170 3867 1252 3931 aoei-

289 3947 377 4030 piam
399 3949 546 4030 responsi
568 3956 674 4012 tecum
696 3969 773 4012 mox
795 3950 1046 4015 communicabo.
1080 3949 1172 4015 Adeo
1190 3952 1252 4016 fes-
1387 3949 1459 4014 Has
1480 3950 1592 4016 literas
1613 3954 1741 4020 servari
1765 3953 1876 4020 decem
1894 3955 1962 4021 dies
1985 3955 2064 4021 dum
2086 3979 2150 4022 non
2170 3957 2250 4022 offer·
2291 3957 2299 3974 ⁰

289 4031 433 4099 tinenter
454 4033 568 4115 scripsi
586 4041 623 4098 ut
639 4032 801 4099 retinendi
819 4035 1014 4117 exemplaris
1031 4035 1168 4101 facultas
1186 4057 1253 4100 non
1302 4041 1357 4100 tur
1378 4035 1525 4101 nuncius.

289 4115 395 4180 fuerit.
450 4117 629 4183 Germania
667 4139 777 4184 rerum
816 4139 973 4184 novarum
1013 4121 1252 4202 exspectatione

289 4200 438 4282 trepidat.
482 4199 520 4268 Si
543 4203 582 4268 de
610 4203 729 4270 ducatu
749 4203 985 4280 GueldrensiD
1014 4205 1114 4270 armis
1143 4205 1251 4270 decer·
1404 4237 1433 4300 9)
1452 4241 1566 4293 temese
1583 4240 1618 4292 ho
1636 4241 1690 4294 hod
1708 4243 1849 4298 besenes
1865 4243 1888 4298 io
1905 4245 2019 4298 mesols.

289 4291 387 4350 netur
407 4307 480 4350 cum
503 4287 583 4354 duce
606 4289 768 4366 Olivensi,
797 4290 976 4372 periculum
1004 4299 1054 4355 est
1080 4313 1122 4356 ne
1148 4292 1251 4356 nostri
1404 4305 1449 4374 10)
1470 4307 1560 4376 Qum
1576 4307 1634 4375 sare
1651 4315 1753 4366 roseta
1764 4307 1794 4365 0.
1811 4316 1837 4366 et
1850 4311 1887 4366 F.
1904 4313 1985 4367 aare
2002 4314 2105 4370 mnis
2121 4313 2249 4369 russas·

288 4371 324 4434 in
346 4389 476 4434 causam
498 4372 623 4456 oblique
640 4374 881 4456 pertrahantur.
926 4373 1009 4456 Quis
1031 4376 1122 4440 nobis
1144 4376 1250 4441 calcu·
1302 4374 1396 4429 ”lm
1416 4378 1536 4444 vm,
1563 4384 1720 4446 ww
1742 4380 1830 4436 Μᾶῑθ
1852 4381 1952 4435 Μ
1968 4382 2092 4452 ΑΜ
2112 4385 2185 4438 ¹²2³*
2204 4383 2250 4436 ὴ·

287 4455 342 4520 lus
371 4473 444 4520 cum
472 4455 608 4538 Opertae
634 4459 744 4538 luerit,
778 4481 820 4524 ex
847 4461 917 4525 eins
942 4459 1044 4526 literis
1078 4461 1249 4545 intelliges.
1301 4445 1528 4568 mad*
1536 4447 2132 4587 fflffffmffimfflffss
2154 4449 2249 4506 ’Μ

1302 4581 1626 4664 quoapadoporium
1650 4587 1920 4656 commutassent,
1945 4527 2249 4660 &samm

388 4689 419 4815 ἐξ
437 4690 496 4812 ἰῇ·
513 4690 923 4832 semmam
1022 4770 1081 4820 m
1097 4766 1136 4820 in,
1175 4767 1249 4822 Ρω-
1301 4666 1388 4719 mm
1404 4651 1757 4804 mhffinbwill
1774 4735 1885 4778 amount
1906 4729 1935 4779 to
1957 4727 2011 4780 less
2029 4727 2094 4781 then
2112 4729 2158 4782 tha
2173 4729 2245 4791 ren

487 4797 494 4812 .
1137 4805 1143 4820 ·
1301 4803 1419 4856 expanso
1437 4787 1524 4842 which
1543 4807 1597 4858 yon
1613 4792 1785 4860 anucrpatad.

286 4829 325 4898 &⁰
342 4827 502 4884 mim
524 4827 581 4882 mm
603 4835 660 4885 Μ
676 4835 757 4888 ”W
774 4833 935 4890 ΜΜΝ
952 4841 977 4889 ⁶⁸
1021 4851 1121 4890 m
1136 4839 1163 4891 ‘l
1177 4837 1248 4891 ΒΨ·
1403 4853 1448 4924 12)
1465 4857 1610 4912 Baitharar
1627 4859 1681 4914 had
1697 4861 1778 4930 given
1795 4879 1826 4915 us
1844 4861 1919 4932 sight
1936 4865 2061 4916 protrusi

287 4897 392 4965 παισί·
410 4895 651 4964 Ramnetum·
669 4899 791 4970 &lur-
1403 4923 1446 4990 ra)
1465 4923 1479 4978 1
1497 4925 1573 4978 save.

387 4965 416 5102 a
433 4965 1049 5105 sauss...
1065 5045 1091 5094 .
1108 5039 1248 5095 a...
1401 4992 1448 5129 a
1466 4991 1601 5116 aa
1614 4993 1856 5119 m...
1874 5013 1965 5052 re

285 5101 1022 5293 fffffftemwssamm
1045 5175 1253 5272 ΜΨ
1400 5130 2018 5204 inflammatorem.

1907 2983 1997 3048 Tuus
2021 2983 2186 3050 Calvinus.
