4782 6010
232 295 428 363 mum
1125 291 1396 362 EPIS'POLAE.

232 481 384 565 Quarum
406 502 536 550 summa
556 489 606 548 est
628 485 699 548 330.
743 480 811 549 Sed
832 482 1034 566 paucissimis
1062 482 1207 566 exeeptis
1235 491 1348 548 nostra
1369 502 1436 549 non
1459 484 1615 549 referunt.
1658 482 1745 550 Nam
1766 482 1970 552 calvinianae
1992 483 2124 556 nonnisi
2146 483 2224 552 duo-

230 592 335 659 decim
357 592 487 674 adsum,
509 593 545 658 in
568 592 684 677 quibus
706 613 765 660 sex
783 613 825 659 ex
847 593 926 660 (lod.
948 597 1012 658 450
1032 594 1200 677 repetitae,
1222 615 1290 662 una
1311 593 1445 660 aliunde
1466 603 1605 678 sumpta,
1627 603 1768 680 quatuor
1786 594 1993 680 apographaa
2014 596 2147 679 quidem
2167 594 2224 664 sed

229 704 307 771 alibi
328 726 395 770 non
417 711 636 782 occurrentes,
665 724 734 769 una
762 704 902 790 denique
929 705 1133 788 autographa
1159 725 1261 789 eaque
1282 725 1360 789 prae
1382 705 1519 772 caeteris
1540 705 1799 773 commendanda
1827 727 1864 772 66
1891 707 2024 772 nomine
2045 705 2132 792 quod
2153 707 2224 790 ipsa

229 815 492 902 antiquissimum
514 813 581 880 stili
607 815 730 900 proprii
759 816 881 882 autoris
902 823 1153 881 monumentum
1181 825 1231 882 est
1257 816 1344 900 quod
1369 815 1466 883 hodic
1492 819 1685 902 reperiatur.
1732 819 1795 886 Est
1816 815 1951 884 Sinneri
1977 818 2018 884 N.
2041 821 2092 885 43.
2138 819 2223 898 Nam

229 928 294 993 alia
314 926 473 1012 quaedam
496 946 593 1010 quam
615 925 703 992 idem
725 927 786 992 sub
808 927 849 992 N.
872 930 933 992 237
956 934 1104 994 recenset
1126 927 1256 993 (lalvini
1285 928 1326 992 ad
1349 929 1537 1008 Danielem,
1566 949 1605 994 ea
1631 930 1702 1013 ipsa
1729 950 1813 1013 quae
1834 930 1942 1012 prima
1963 936 2014 996 cst
2035 930 2123 998 iuter
2145 929 2224 1000 olim

186 1061 189 1068 ·
229 1040 357 1106 6Β666
379 1037 493 1117 editas,
515 1036 612 1102 hodia
633 1039 668 1102 in
690 1037 798 1103 codice
820 1059 886 1103 non
908 1045 1017 1104 exstat
1038 1045 1070 1104 et
1092 1040 1173 1104 citra
1195 1039 1331 1106 dubium
1353 1039 1443 1105 haud
1464 1041 1510 1104 ita
1531 1040 1658 1124 pridem
1681 1041 1767 1106 furto
1789 1039 1918 1106 sublata
1939 1047 1998 1106 est.

382 1148 446 1214 111.
491 1147 572 1214 cod.
594 1149 634 1214 A.
660 1152 700 1213 30
724 1147 870 1226 (Sinncr.
894 1147 957 1214 111.
982 1153 1069 1228 268).
1112 1150 1204 1216 Inter
1227 1153 1289 1214 230
1311 1151 1463 1234 epistolas
1485 1152 1554 1216 sere
1582 1173 1694 1218 omnes
1719 1151 1937 1236 autographae
1965 1173 2065 1216 unam
2094 1159 2226 1217 tantum

228 1260 359 1329 Oalvini
382 1258 425 1325 ad
447 1259 637 1326 Musonium
659 1258 813 1324 vidimus.

379 1372 440 1437 IV.
486 1371 565 1438 Ood.
589 1375 629 1436 A.
654 1375 694 1434 46
719 1369 864 1455 (Siuner.
887 1371 950 1436 III.
977 1375 1061 1458 164).
1106 1371 1328 1456 Epistularum
1350 1393 1370 1436 a
1395 1373 1495 1440 variis
1518 1373 1671 1440 ecclesiae
1693 1377 1887 1440 reformatae
1909 1373 2096 1442 doctoribus
2119 1375 2223 1460 scrip-

227 1489 337 1548 tarum
359 1482 514 1552 collectio.
558 1483 678 1548 Insunt
704 1482 863 1566 plurimae
884 1483 1007 1562 Betae,
1036 1482 1094 1548 sed
1122 1485 1327 1550 recentiores.
1377 1485 1492 1550 Prima
1519 1485 1665 1551 omnium
1693 1493 1743 1554 est
1772 1485 1903 1552 calvini
1929 1485 1977 1552 ad·
1998 1486 2225 1552 Protectorem

229 1594 369 1680 Angliae
391 1593 522 1676 saepius
543 1594 579 1658 in
601 1591 763 1660 codicibus
785 1614 967 1674 occurrens,
990 1601 1024 1658 61
1045 1595 1102 1662 vix
1124 1594 1185 1661 hoc
1206 1594 1276 1661 loco
1294 1595 1462 1680 speciatim
1483 1597 1634 1664 notanda.

381 1705 424 1771 V.
470 1704 1063 1774 OodcxintchSS.hist.Helvet
1087 1706 1150 1771 III.
1175 1707 1364 1772 34166666
1384 1728 1472 1774 max.
1516 1709 1558 1774 In
1579 1707 1640 1774 hoc
1662 1708 1829 1774 volumine
1850 1708 1937 1774 inter
1958 1708 2102 1794 plurima
2124 1707 2224 1776 docu-

227 1825 341 1884 menta
361 1838 419 1884 sex
443 1815 576 1882 Oalvini
597 1816 755 1903 epistolae
776 1817 984 1901 reperiuntur
1010 1817 1190 1901 exquibus
1218 1827 1285 1883 tres
1308 1818 1547 1906 autographae;
1575 1826 1744 1902 praeterea
1771 1841 1830 1886 sex
1859 1819 1924 1886 alia
1952 1820 2159 1906 autographa
2179 1822 2220 1886 ad

228 1950 282 1995 res
303 1929 501 1995 calvinianae
523 1928 723 2010 pertinentia
729 1952 738 2010 ;
760 1925 898 2012 denique
920 1929 1063 2012 quinque
1085 1928 1292 1996 librariorum
1313 1928 1476 1994 industria
1497 1931 1616 2013 partim
1639 1951 1680 1996 ex
1701 1931 1843 1998 archivis
1865 1931 2082 1998 turicensibus
2104 1932 2224 2016 partim

229 2062 271 2108 ex
293 2040 471 2124 archetypo
501 2059 589 2104 nuno
610 2039 778 2124 deperdito
799 2040 965 2124 repetitae.
1009 2039 1183 2106 Pertinent
1211 2061 1322 2106 omnes
1350 2041 1523 2108 61666666
1550 2041 1678 2126 publice
1708 2049 1878 2124 tractatas,
1906 2042 2034 2109 Bolseci
2062 2042 2223 2122 videlieet,

229 2153 478 2220 Oonsensumve
500 2151 704 2236 Tigurinum,
728 2158 785 2216 aut
806 2151 1095 2218 Lausannensium
1117 2173 1191 2218 cum
1212 2151 1437 2218 Beruensibus
1460 2151 1718 2236 disceptationes.

381 2259 442 2328 VI.
486 2260 588 2330 Mas.
611 2261 709 2328 theol.
734 2260 812 2328 cod.
839 2265 899 2326 122
922 2284 990 2328 666
1012 2261 1076 2328 6161
1098 2263 1285 2348 apographa
1307 2264 1460 2330 continet.
1496 2263 1561 2330 Hic
1583 2264 1694 2344 habes,
1715 2275 1875 2349 quantum
1896 2262 1938 2331 ad
1961 2273 2075 2330 nostra
2096 2265 2223 2344 attinet,

229 2374 391 2459 triplicem
413 2373 682 2442 documentorum
704 2373 830 2439 seriem.
868 2377 903 2436 1⁰
924 2372 992 2457 (fol.
1015 2378 1028 2436 l
1054 2375 1157 2461 seqq.)
1178 2375 1274 2458 plura
1296 2374 1335 2440 de
1357 2373 1519 2442 Stancaro
1541 2383 1575 2442 et
1594 2376 1824 2443 controversiis
1847 2397 1884 2442 eo
1906 2384 2019 2442 autore
2042 2375 2224 2442 inPolonia

229 2487 310 2554 ortis
332 2507 359 2550 a.
385 2489 476 2550 1560.
522 2487 559 2548 2⁰
581 2485 649 2570 (fol.
672 2489 712 2549 49
736 2484 839 2569 seqq.)
861 2485 1038 2570 Martyris,
1068 2485 1208 2552 Sturmii
1239 2494 1272 2552 et
1292 2487 1399 2552 Besae
1427 2487 1604 2554 relationes
1626 2487 1666 2552 de
1688 2488 1785 2554 rebus
1806 2488 1931 2573 gallicis
1953 2509 1981 2553 a.
2008 2491 2084 2552 1561
2112 2487 2222 2573 gestis.

230 2601 268 2662 3⁰
291 2597 357 2683 (fol.
381 2599 420 2659 96
444 2595 546 2682 seqq.)
569 2595 732 2662 nonnulla
752 2595 827 2661 Vel
850 2595 992 2662 Gentilis
1014 2598 1144 2680 scripta

381 2818 424 2883 In
446 2817 602 2884 Archivis
623 2817 766 2885 civitatis
788 2817 913 2884 duobus
933 2819 1123 2885 chartarum
1145 2817 1319 2903 6666611166
1342 2840 1435 2886 ouras
1457 2826 1587 2885 nostras
1603 2818 1831 2902 impendimus.
1875 2821 2025 2886 Primum
2042 2818 2224 2887 evolvenda

228 2939 323 3000 erant
344 2936 417 2996 acta
438 2935 571 2996 senatus
593 2935 627 2995 ct
648 2927 841 2996 documenta
862 2929 1009 3014 publiea,
1039 2929 1095 2997 ubi
1123 2938 1253 3016 praeter
1279 2929 1379 2997 libros
1407 2931 1542 2996 diurnos
1563 2952 1588 2998 s.
1610 2930 1780 2996 manuales
1808 2931 1951 3016 plurima
1971 2931 2225 3020 suppeditarunt

229 3045 383 3110 thesauro
405 3047 517 3107 nostro
540 3039 689 3108 addenda
710 3041 971 3108 Instructionum
992 3049 1026 3108 61
1047 3042 1260 3109 Miseivorum
1282 3062 1366 3128 6666
1387 3042 1541 3108 dicuutur
1563 3041 1777 3122 collectiones,
1804 3043 1948 3110 maxime
1969 3042 2036 3108 tria
2054 3041 2225 3108 volumina

229 3154 303 3222 eius
323 3152 419 3220 seriei
440 3171 522 3236 quae
544 3152 734 3218 inscribitur
762 3151 882 3220 Weleclr
905 3152 1319 3220 Μ6661666-Β6616611.Β.
1346 3156 1527 3234 1537-42;
1550 3152 1586 3219 0.
1613 3154 2062 3234 1543-63;1).1654-68.
2107 3153 2226 3220 Altera

229 3287 309 3332 vere
331 3286 372 3332 ex
394 3271 489 3350 parte
510 3283 577 3328 666
595 3265 774 3348 praeterire
796 3263 968 3332 debuimus
990 3286 1063 3332 eam
1084 3263 1309 3350 Epistolarum
1329 3264 1529 3349 farraginem
1550 3264 1643 3332 cuius
1664 3265 1751 3330 16616
1770 3286 1877 3348 nuper
1897 3286 1957 3350 per
1978 3264 2125 3332 virorum
2148 3263 2225 3331 doc-

228 3381 338 3444 torum
359 3385 490 3444 nostrae
512 3377 629 3442 aetatis
651 3375 767 3457 studia,
790 3375 1074 3462 Hundeshagenii,
1097 3375 1284 3456 Trechselii,
1314 3376 1466 3458 aliorum,
1495 3377 1594 3443 latius
1616 3378 1809 3460 percrebuit,
1828 3377 1922 3442 «siout
1943 3377 2010 3442 iam
2031 3376 2111 3442 olim
2134 3374 2225 3444 Sim-

227 3489 317 3556 lerus
338 3489 527 3555 innumeras
554 3487 690 3554 schedae
717 3487 795 3552 inde
821 3487 991 3571 repetitas,
1020 3488 1087 3554 imo
1109 3494 1267 3571 quantum
1288 3487 1433 3554 vidimus
1462 3486 1504 3555 ad
1523 3507 1622 3584 unam
1644 3509 1756 3554 omncs
1778 3509 1856 3554 suas
1877 3488 1961 3554 fecit.
2006 3489 2088 3554 Mox
2110 3495 2226 3554 161666

227 3601 439 3668 manifestum
460 3599 552 3666 nobis
573 3600 636 3666 fuit
656 3598 742 3666 hanc
764 3598 986 3665 collectionem
1007 3598 1090 3664 nulli
1112 3599 1203 3665 nobis
1221 3600 1295 3666 usui
1312 3621 1392 3678 6666,
1415 3600 1502 3666 6116
1518 3606 1683 3684 posterum
1701 3600 1783 3668 citra
1800 3598 1957 3666 damnum
1974 3600 2098 3686 negligi
2119 3621 2226 3684 posse.

226 3713 278 3779 Nc
299 3728 411 3778 166166
433 3711 512 3795 quid
534 3711 672 3775 nimium
703 3709 810 3775 dicare
838 3709 1010 3776 videamur
1038 3711 1234 3776 incuriosius
1266 3710 1394 3791 intuiti,
1427 3711 1536 3794 accipe
1572 3710 1652 3793 quid
1679 3711 1728 3776 rei
1756 3711 1807 3776 eit.
1851 3711 1929 3776 Duo
1956 3719 2034 3778 sunt
2055 3711 2226 3778 volumina

227 3825 351 3892 formae
373 3823 617 3908 quaternariac,
646 3822 792 3894 numeris
813 3821 873 3886 VI.
898 3828 930 3887 et
951 3821 1030 3888 VII.
1060 3823 1189 3907 signata
1218 3843 1355 3906 quorum
1383 3823 1475 3906 priua
1502 3822 1570 3888 1666
1600 3828 1784 3902 sexcentas,
1813 3822 1976 3904 posterius
2003 3829 2166 3889 trecentas
2187 3829 2224 3888 et

228 3935 467 4020 quinquaginta
495 3933 648 4017 epistolas
676 3933 836 4014 continet,
865 3955 907 3999 ex
934 3934 1051 4018 quibus
1079 3941 1186 4000 autem
1211 3934 1291 3999 satis
1318 3932 1439 3998 multae
1466 3931 1516 3999 bis
1538 3940 1596 4008 aut
1621 3941 1671 3999 ter
1693 3941 1878 4000 occurrunt
1923 3931 1990 4014 Qui
2012 3953 2068 4000 cas
2090 3933 2223 4017 collegit

227 4045 375 4112 ordinem
403 4053 588 4128 temporum
615 4045 709 4130 sequi
737 4045 880 4112 voluisse
901 4046 1046 4126 videtur,
1069 4067 1166 4130 quem
1192 4053 1303 4110 tamen
1329 4067 1395 4111 666
1424 4044 1545 4130 611666
1572 4065 1686 4128 66666.
1701 4051 1852 4112 accurate
1873 4043 2083 4111 observatum
2104 4044 2224 4130 depre-

227 4155 411 4224 hendimus.
456 4157 632 4224 Praeterea
659 4155 791 4238 accidit,
818 4157 927 4224 neseio
956 4177 1021 4242 666
1043 4177 1137 4236 casu,
1165 4163 1202 4222 ut
1231 4157 1431 4240 antiquiores
1458 4177 1560 4242 usqua
1582 4156 1624 4224 ad
1645 4176 1674 4220 a.
1701 4161 1781 4220 1649
1804 4155 1972 4221 volumine
1993 4156 2082 4238 vla,
2105 4177 2222 4223 reeen-

226 4269 326 4334 tiorce
346 4266 423 4332 inde
444 4268 484 4333 ab
507 4289 534 4334 a
557 4271 638 4333 1550
656 4267 716 4334 VI.
740 4268 976 4336 contineantur.
1009 4267 1135 4334 Omnes
1155 4288 1245 4350 vero,
1267 4267 1354 4354 quod
1375 4268 1555 4335 declarasse
1576 4269 1672 4334 unice
1693 4269 1802 4348 refert,
1822 4289 1913 4334 mera
1934 4277 2012 4334 sunt
2032 4267 2223 4354 apographa

227 4376 413 4463 etquidem
434 4387 471 4444 ut
490 4379 670 4462 plurimum
683 4379 930 4448 Genevensium
951 4379 1196 4474 exemplarium,
1219 4380 1385 4446 rarissime
1401 4380 1638 4446 1666666166.
1672 4377 1763 4462 Quid
1784 4379 1871 4464 quod
1891 4379 2083 4464 plerumque
2104 4401 2222 4446 earum

227 4489 441 4578 epistolarum
462 4511 601 4574 quarum
622 4491 689 4556 iam
712 4491 866 4558 Genavae
893 4490 991 4578 plura
1012 4492 1185 4558 exstabant
1206 4491 1414 4576 exemplaria,
1436 4512 1553 4576 nempe
1574 4498 1704 4576 praeter
1726 4492 1949 4558 authenticum
1971 4493 2136 4558 recentius
2158 4491 2222 4557 ali·

228 4601 315 4691 quod
336 4623 356 4668 6
378 4601 552 4666 16661166
574 4599 726 4668 videlicet
744 4601 952 4686 descriptum,
973 4602 1143 4670 Beruense
1165 4623 1207 4668 ex
1228 4602 1290 4670 hcc
1312 4625 1378 4668 non
1400 4624 1441 4669 cx
1463 4603 1639 4689 archetypo
1661 4601 1844 4668 derivatum
1866 4601 2017 4670 vidimus.
2051 4603 2222 4670 Nonnulla

227 4716 268 4782 ab
290 4695 404 4781 ecdem
425 4711 482 4776 illo
503 4710 635 4778 librario
656 4721 790 4780 exarata
817 4722 895 4781 sunt
921 4713 1013 4782 cuius
1033 4713 1217 4782 industriae
1243 4713 1399 4780 debenter
1420 4713 1556 4782 (lodices
1578 4714 1791 4782 Genevcnses
1812 4715 1842 4782 Ε
1864 4721 1897 4780 61
1918 4713 1957 4780 F'.
2001 4712 2095 4796 Quae
2116 4735 2222 4798 quum

226 4827 276 4894 ita
296 4828 364 4894 sint
384 4845 454 4890 non
477 4825 540 4890 erit
560 4825 616 4910 qui
638 4825 718 4892 vitio
741 4826 835 4892 nobis
856 4834 973 4905 vertat,
996 4826 1025 4894 si
1046 4833 1174 4894 textum
1196 4827 1401 4892 Beruensem
1427 4847 1488 4891 nos
1514 4825 1551 4892 16
1577 4825 1717 4911 singulis
1745 4847 1812 4892 666
1834 4826 2016 4894 mauratica
2036 4827 2222 4912 inspexisse

227 4959 332 5021 neque
353 4957 428 5002 cum
450 4936 587 5002 caeteris
608 4936 852 5020 exemplaribus
873 4959 933 5022 per
951 4939 1062 5005 omnia
1082 4937 1257 5005 contulisse
1279 4939 1482 5004 confitemur.

380 5047 531 5132 Denique
560 5047 694 5113 tertium
728 5048 869 5134 aliquem
895 5049 1038 5118 codicem
1067 5048 1212 5118 ciusdem
1238 5049 1431 5116 conditionis
1459 5057 1491 5114 ct
1520 5047 1703 5118 autoritatis
1730 5047 2055 5116 commemorabimus
2086 5070 2107 5113 a
2139 5049 2227 5118 viris

227 5157 330 5225 doctis
351 5166 389 5223 ut
408 5157 539 5224 ridetur
560 5157 757 5249 neglectum.
800 5159 855 5226 Ad
872 5159 994 5228 calcem
1013 5161 1112 5227 Vitae
1132 5159 1303 5230 cuiusdam
1314 5160 1439 5228 Farelli
1459 5182 1559 5228 manu
1580 5159 1731 5246 scriptae,
1751 5160 1792 5226 dc
1813 5179 1879 5244 qua
1898 5179 1977 5226 mcx
1996 5159 2033 5228 in
2053 5157 2228 5231 codicibus
