4804 6012
139 371 197 434 ltb
1020 361 1250 432 CONSILIA.
2075 357 2138 430 166

136 553 323 623 sedetiam
351 557 483 622 frustm.
532 555 685 638 Denique
712 555 807 622 siostti
837 553 934 637 primi
965 551 1108 618 heminis
1160 571 1226 616 non
1249 551 1417 636 attingam.
1448 547 1489 616 Iu
1507 551 1702 634 explicanda
1722 549 1799 618 fidei
1820 549 2049 618 iustificatione
2067 571 2137 617 me·

135 643 315 708 deiectione
336 641 438 708 deleri
459 641 566 725 potuit
587 663 629 706 ex
646 641 717 706 eius
737 646 848 706 mente
868 645 901 705 et
922 639 1109 704 animaDei
1161 637 1207 702 ris
1228 637 1414 722 praestigiis
1441 657 1477 703 se
1496 638 1604 721 ipsum
1626 637 1816 717 fascinavit,
1846 646 1879 704 et
1900 637 1981 702 alios
2003 635 2134 704 delusit.

136 731 260 813 imago,
290 729 337 792 ita
366 729 483 792 mirum
514 746 581 792 non
610 733 676 806 est,
706 727 735 792 si
762 725 955 810 quibusdam
983 727 1108 808 gratias
1160 721 1316 787 Admittit
1333 721 1465 806 quidem
1486 721 1572 806 quod
1593 743 1827 808 negareausus
1848 745 1915 788 non
1937 729 1996 802 est,
2020 724 2136 789 romis-

136 835 213 880 suae
236 813 337 879 radiis
358 812 505 898 reprobis
526 812 675 891 illuceat,
704 833 784 895 quos
806 818 920 894 postea
940 810 1108 894 exsangui
1160 807 1285 874 sionem
1319 817 1526 892 peecatorum
1558 809 1759 876 intercedere
1791 811 1825 875 in
1856 809 1990 874 homine
2018 809 2138 875 iustifi-

135 900 270 984 patitur.
314 900 385 966 Nee
406 921 483 964 vero
500 898 676 982 quidquam
699 897 844 983 impedit,
866 897 1040 981 quominus
1061 895 1108 960 le·
1160 892 1279 958 cando:
1316 893 1373 959 sed
1395 895 1430 959 in
1452 895 1558 978 primo
1578 903 1613 960 et
1633 917 1762 962 summo
1784 893 1889 980 gradu
1910 893 2022 961 locans
2044 913 2137 978 speo-

136 988 220 1054 viter
241 985 324 1051 alios
346 987 455 1068 tingat
475 985 636 1069 evangelii
654 987 705 1050 sui
727 983 852 1063 notitia,
875 983 955 1048 alios
976 983 1109 1066 penitus
1161 985 1249 1044 trum
1283 980 1466 1046 essentialis
1497 981 1655 1060 iustitiae,
1690 979 1777 1064 qnod
1805 982 1875 1064 ipss
1907 981 2018 1060 finxit,
2051 977 2138 1046 nihil

136 1072 270 1138 imbuat.
322 1071 396 1137 Ηοο
428 1070 562 1136 interim
589 1068 770 1136 tenendum
796 1075 861 1149 est,
897 1068 1108 1152 quantumvis
1162 1064 1252 1130 aliud
1263 1065 1420 1150 relinquit
1433 1068 1596 1150 gratuitae
1606 1067 1671 1132 Dei
1686 1065 1907 1150 assentationi,
1927 1087 2026 1152 quam
2038 1075 2076 1130 ut
2092 1067 2139 1132 sit

137 1159 256 1242 exigua
284 1159 328 1222 sit
356 1178 394 1222 ac
423 1156 538 1222 debilis
566 1157 601 1220 in
627 1153 739 1221 electis
766 1154 862 1222 fides:
892 1155 969 1238 quia
998 1163 1109 1218 tamen
1161 1151 1296 1218 inferior
1318 1152 1478 1235 quaedam
1506 1152 1680 1236 appendix.
1729 1153 1949 1218 Essentialem
1977 1152 2138 1218 iustitiam

138 1243 271 1327 spiritus
293 1242 357 1308 Dei
385 1253 475 1309 certa
503 1242 568 1308 illis
596 1241 697 1306 arrha
724 1249 776 1307 est
797 1263 834 1308 ac
864 1240 1007 1326 sigillum
1030 1259 1109 1305 suae
1162 1235 1224 1301 sibi
1247 1237 1339 1302 nulla
1359 1237 1486 1303 ratione
1508 1239 1707 1322 imaginatus
1728 1247 1786 1305 est.
1820 1237 1907 1306 Nam
1929 1239 1990 1304 etsi
2012 1258 2051 1302 eo
2070 1244 2138 1302 tra·

138 1329 328 1412 adoptionis,
351 1349 520 1412 nunquam
538 1350 579 1393 ex
597 1347 708 1392 eorum
728 1327 877 1394 cordibus
895 1325 995 1392 deleri
1013 1345 1109 1409 posse
1161 1321 1213 1387 hit
1234 1324 1414 1407 scripturae
1437 1323 1639 1404 testimonie,
1668 1345 1751 1408 quae
1772 1325 1882 1390 Deum
1903 1325 1939 1389 in
1961 1324 2055 1390 nobis
2077 1322 2138 1388 ha·

138 1416 206 1482 eius
236 1415 453 1497 sculpturam:
492 1412 647 1498 reprobos
675 1433 753 1482 vcro
783 1413 843 1478 tali
877 1411 951 1478 lucc
979 1411 1110 1495 aspergi
1161 1407 1264 1473 bitere
1286 1418 1446 1488 asserunt,
1470 1417 1504 1474 et
1527 1430 1586 1475 nos
1609 1431 1711 1475 uuum
1740 1409 1908 1493 cumipse
1930 1410 2018 1474 lieri:
2052 1407 2137 1472 nihil

138 1521 218 1586 quas
246 1509 359 1585 postea
385 1499 560 1582 dispereat:
591 1519 699 1582 neque
726 1507 837 1564 tamen
866 1497 1013 1564 fallacem
1038 1517 1110 1562 esse
1161 1501 1271 1559 mmen
1292 1494 1370 1559 inde
1391 1495 1557 1578 probatur,
1580 1517 1678 1578 quam
1701 1517 1821 1562 arcana
1845 1495 1980 1578 spiritus
2001 1494 2138 1576 virtute,

138 1588 297 1671 spiritum,
320 1587 448 1652 etiamsi
468 1607 580 1651 semen
602 1585 687 1669 qnod
710 1585 744 1649 in
767 1605 880 1650 eorum
904 1581 1001 1650 corda
1022 1583 1108 1662 iacit,
1163 1579 1239 1644 dum
1263 1580 1473 1646 coalescimus
1490 1581 1525 1646 in
1537 1579 1663 1648 Christi
1685 1603 1814 1666 eorpus,
1835 1581 1924 1646 uniri
1945 1579 2044 1646 simul
2055 1579 2136 1646 Deo.

137 1694 201 1738 non
224 1673 376 1750 vivificet,
399 1681 436 1738 ιιι
457 1691 587 1755 semper
608 1679 742 1736 maneat
763 1669 1023 1754 incorruptibile,
1051 1669 1111 1735 sio·
1163 1664 1267 1744 Adde,
1290 1665 1377 1749 quod
1399 1666 1582 1732 essentialis
1604 1666 1663 1731 illa
1685 1667 1935 1733 communicatio
1963 1686 2005 1730 ex
2027 1666 2138 1741 Mani-

138 1760 183 1824 uti
204 1761 240 1823 in
262 1758 382 1824 clectis.
1163 1749 1337 1816 abacorum
1361 1751 1482 1817 deliriis
1505 1761 1636 1836 sumpta
1657 1762 1716 1818 est.
1767 1753 1836 1819 Neo
1859 1752 1953 1818 video
1975 1749 2137 1836 quomodo

1164 1839 1315 1902 excusari
1336 1839 1439 1921 possit
1460 1837 1523 1904 hoe
1545 1837 1735 1918 absurdum,
1758 1838 1964 1904 essentialem
1986 1837 2052 1903 Dei
2070 1838 2139 1903 ius-

1162 1923 1270 1988 titiam
1293 1943 1364 1989 esso
1386 1923 1544 2002 accidens,
1567 1924 1653 2006 quod
1676 1923 1789 1990 adesse
1811 1946 1898 1990 nunc
1920 1923 2045 1988 homini
2062 1943 2140 2006 pos·

1163 2007 1214 2085 sit,
1238 2029 1326 2074 nuno
1348 2009 1470 2074 abesse.
1504 2007 1703 2092 Quanquam
1723 2010 1823 2093 longa
1839 2009 2035 2074 refutatione
2056 2029 2139 2092 opus

222 2101 336 2182 Quum
358 2122 399 2165 ex
417 2102 597 2184 scripturae
619 2097 767 2166 doctrina
789 2107 822 2164 et
843 2096 1030 2180 quotidiano
1048 2119 1110 2163 usu
1162 2115 1227 2158 non
1250 2102 1309 2172 est,
1333 2096 1360 2160 si
1383 2095 1580 2178 principium
1602 2095 1684 2161 illud
1707 2102 1867 2174 tenemus,
1897 2095 2056 2160 iustitiam
2080 2095 2140 2159 hoss

138 2195 262 2254 constet
296 2187 453 2270 reprobos
486 2184 653 2251 interdum
694 2185 779 2252 asfiei
819 2184 951 2250 divinae
985 2184 1111 2268 gratiae
1162 2181 1260 2244 minis
1275 2181 1310 2244 in
1327 2182 1398 2263 ipsa
1415 2181 1580 2246 creatione
1597 2182 1698 2247 luisse
1715 2181 1955 2258 rectitudinem,
1978 2180 2020 2246 ad
2038 2201 2139 2264 quam

138 2295 244 2350 sensu,
267 2272 430 2356 quoddam
452 2272 558 2337 mutui
573 2272 693 2336 amoris
708 2271 906 2336 desiderium
924 2271 960 2333 in
978 2269 1111 2334 illorum
1161 2266 1322 2331 formatus
1344 2273 1424 2344 erat,
1448 2276 1485 2331 ut
1506 2269 1540 2331 in
1558 2267 1698 2352 singulis
1715 2267 1843 2332 animae
1860 2266 2017 2350 partibus,
2041 2266 2138 2331 adeo-

137 2360 289 2426 eordibus
312 2359 445 2424 excitari
463 2377 596 2424 necesse
618 2364 676 2424 est.
711 2355 769 2423 sio
790 2357 823 2422 in
848 2354 948 2422 Saule
969 2354 1011 2420 ad
1028 2363 1111 2420 tcm-
1162 2371 1226 2434 qne
1248 2351 1283 2416 in
1305 2353 1376 2436 ipso
1398 2371 1531 2435 corpora
1553 2355 1693 2438 fulgeret
1702 2353 1767 2418 Dei
1782 2352 1895 2438 gloria.
1929 2350 2041 2433 Quum
2060 2371 2140 2436 ergo

137 2467 198 2530 pus
221 2445 329 2529 viguit
349 2445 424 2527 pius
445 2446 592 2523 affectus
615 2453 652 2507 ut
673 2463 750 2508 euro
772 2451 906 2516 amaret,
930 2461 1032 2524 aquo
1053 2461 1111 2524 pa·
1162 2436 1234 2504 lues
1256 2437 1493 2522 intelligentiae
1520 2439 1687 2522 praeditus
1714 2451 1800 2504 esset
1826 2438 1938 2516 homo,
1967 2447 2000 2502 et
2022 2438 2139 2504 volun·

302 1963 475 2046 Responsio
495 1963 538 2028 od
559 1967 706 2046 quartam
727 1962 945 2043 qaaestionem.

138 2541 229 2596 terne
251 2551 286 2595 se
309 2531 442 2595 tractari
464 2531 578 2609 sciens,
600 2529 712 2612 aliqua
733 2528 803 2594 eius
824 2528 979 2594 bonitatis
1002 2527 1111 2592 dulce·

138 2616 215 2682 dine
237 2617 435 2699 capiebatur.
480 2615 547 2682 Sed
569 2613 843 2697 quemadmodum
864 2611 1021 2679 radicitus
1043 2632 1112 2678 nou

138 2703 252 2768 haeret
272 2703 308 2767 in
330 2702 477 2786 reprobis
499 2709 657 2786 paternus
678 2701 743 2766 Dei
765 2721 870 2779 amor,
900 2699 947 2764 ita
970 2721 1036 2764 non
1059 2719 1111 2764 so-

137 2787 202 2854 lide
222 2808 299 2854 eum
322 2787 493 2852 redamant
513 2795 551 2852 ut
571 2787 641 2862 filii,
664 2786 722 2851 sed
745 2785 948 2852 mercenarie
970 2784 1110 2868 quodam

138 2875 255 2940 affectu
279 2873 453 2939 ducuntur.
486 2873 572 2938 Nam
595 2873 655 2937 soli
677 2871 812 2938 Christo
834 2871 896 2938 hac
918 2871 991 2954 lege
1013 2869 1111 2936 datus

138 2970 187 3025 est
205 2961 340 3043 spiritus
361 2959 419 3024 ille
440 2961 569 3036 amoris,
591 2967 629 3023 ut
650 2977 727 3022 eum
741 2956 897 3024 membris
912 2959 980 3022 suis
1001 2956 1111 3022 instil-

138 3045 191 3110 let
237 3046 307 3111 Neo
329 3053 417 3110 certe
434 3045 564 3129 longus
585 3065 684 3126 quam
706 3045 747 3109 ad
777 3043 896 3110 eleates
917 3050 1009 3127 patet
1029 3041 1111 3107 illud

138 3131 234 3196 Pauli
257 3131 369 3216 (Rom.
390 3136 419 3208 5,
440 3133 490 3210 5):
513 3131 644 3196 Diffusa
665 3137 716 3195 est
736 3129 855 3195 caritas
873 3129 937 3194 Dei
959 3127 993 3193 in
1016 3128 1112 3194 corda

138 3227 252 3282 nostra
281 3237 340 3300 per
363 3217 515 3300 spiritum
539 3224 705 3294 sanctum,
735 3216 792 3298 qui
814 3215 908 3282 datus
930 3223 982 3280 est
1002 3215 1110 3280 nobis:

137 3323 256 3386 nempe
277 3304 414 3381 caritas,
442 3321 526 3386 qnae
546 3303 638 3366 illam
659 3321 757 3384 quam
780 3321 882 3384 supra
903 3301 997 3384 attigi
1018 3302 1112 3366 invo-

139 3389 276 3454 cationis
297 3388 451 3455 fidueiam
469 3397 612 3472 generat.
657 3387 742 3453 Dico
763 3387 864 3452 etiam
881 3387 990 3452 Deum
1012 3389 1111 3452 mira·

138 3473 247 3540 biliter
268 3476 363 3539 irasci
385 3475 462 3540 filiis
484 3475 551 3539 suis
569 3493 650 3556 quos
668 3493 779 3538 amare
801 3493 867 3538 non
885 3471 1021 3538 desinit:
1044 3493 1112 3537 non

138 3561 222 3644 quod
246 3559 334 3642 apud
357 3583 392 3625 se
414 3581 469 3624 eos
489 3559 610 3636 oderit,
639 3559 696 3624 ssd
718 3559 795 3642 quia
817 3579 872 3624 eos
894 3569 1017 3622 terrere
1039 3559 1113 3623 vult

137 3647 205 3711 irae
225 3665 306 3712 suae
328 3667 436 3726 sensu,
459 3655 496 3710 ut
517 3645 703 3728 superbiam
725 3645 834 3710 carnis
856 3643 1015 3720 humiliet,
1046 3659 1112 3710 tor-

137 3753 248 3814 porem
272 3731 432 3810 excubat,
461 3731 504 3796 ad
530 3731 764 3814 poenitentiam
792 3730 951 3796 sollicitat.
996 3729 1112 3813 Itaque

137 3817 252 3883 codem
275 3831 421 3900 tempere
442 3825 476 3883 et
496 3819 615 3882 iratum
645 3816 708 3882 sibi
733 3815 786 3881 vel
816 3817 956 3898 peccans
982 3815 1050 3882 suis
1080 3823 1113 3880 et

135 3904 316 3986 propitium
343 3903 506 3968 sentiunt:
543 3903 620 3986 quia
647 3923 713 3967 non
742 3903 816 3967 flete
843 3904 926 3966 iram
956 3903 1026 3966 eius
1055 3901 1111 3967 de·

136 3997 329 4070 precantur,
364 3989 522 4072 adquam
549 3999 658 4054 tamen
690 4007 763 4054 oum
795 3986 972 4070 tranquilla
993 3987 1112 4054 fiducia

135 4075 337 4160 confugiunt

425 4363 568 4418 CONTRA
586 4363 804 4420 OSIANDRUM.
816 4367 838 4430 ¹)

224 4503 264 4570 Si
286 4503 402 4578 luisset
429 4502 516 4568 ultro
544 4503 748 4580 moderatus,
777 4500 931 4584 prodesse
958 4500 1113 4567 ecclesiae

137 4588 202 4654 Dei
235 4596 379 4673 poterat,
412 4586 470 4653 sed
504 4587 580 4652 dum
611 4586 704 4654 ardet
734 4586 921 4652 ostentandi
953 4587 1113 4653 acuminis

137 4673 258 4754 studio,
280 4675 373 4740 nulla
394 4673 509 4758 religio
529 4674 587 4744 vel
605 4673 779 4750 modestia,
809 4673 864 4737 vel
892 4673 991 4737 otiam
1019 4691 1112 4739 vere·

136 4761 261 4828 cundia
282 4781 358 4826 eum
381 4761 497 4838 tenuit,
525 4761 605 4844 quin
625 4761 735 4825 omnio
754 4758 938 4838 convellere
959 4765 1111 4824 tentaret

137 4847 250 4931 Atque
271 4848 321 4912 ita
343 4846 420 4910 dum
442 4846 510 4911 suis
539 4843 816 4929 speculationibus
844 4842 1009 4929 indulget,
1038 4865 1112 4928 per-

136 4936 243 5000 versis
265 4931 389 4998 deliriis
410 4932 587 5016 genuinam
615 4939 649 4996 et
676 4931 854 5016 simplicem
885 4930 1015 5013 pietatis
1038 4929 1113 4997 doo-

137 5019 262 5085 umam
294 5019 386 5084 varie
418 5019 570 5102 corrupit
622 5017 690 5084 Sed
718 5017 782 5083 alia
811 5023 995 5082 commenta
1023 5035 1113 5082 nuno

209 5223 240 5286 1)
260 5221 292 5276 Ε
308 5223 421 5292 petiis
471 5221 572 5278 moad.
588 5221 654 5278 Cea.
693 5221 767 5291 1103,
786 5221 873 5277 Loco,
881 5186 980 5292 pauo,
999 5221 1111 5277 Hence.

139 5307 166 5352 a.
185 5290 250 5361 615,
269 5239 368 5348 Closs!
385 5309 411 5362 p.
447 5289 488 5360 lb,
506 5291 594 5347 Amat
608 5307 637 5358 p.
656 5239 714 5346 llo.

1162 2529 1229 2589 tato
1249 2525 1445 2607 compositus
1474 2525 1510 2588 in
1538 2523 1728 2608 obsequium
1750 2525 1830 2601 Dei,
1859 2533 1892 2589 et
1914 2521 2028 2588 eadem
2046 2545 2136 2609 sym-

1163 2611 1279 2674 metria
1301 2619 1385 2676 esset
1407 2611 1442 2674 in
1464 2611 1603 2694 singulis
1625 2611 1843 2688 facultatibus,
1871 2609 2011 2676 dicimus
2032 2609 2139 2674 homi·

1163 2715 1241 2760 nem
1262 2697 1361 2760 luisse
1383 2697 1515 2762 iustum.
1549 2696 1622 2762 Hac
1644 2695 1858 2780 descriptione
1880 2715 1947 2760 non
1966 2702 2139 2760 conentur

1163 2779 1342 2859 Osiander,
1370 2781 1542 2847 Christum
1561 2783 1657 2866 fingit
1686 2803 1750 2847 non
1779 2780 1875 2846 mede
1897 2782 1995 2846 fuisse
2015 2781 2138 2860 Ideam,

1164 2866 1222 2932 sed
1243 2867 1438 2950 primarium
1460 2865 1636 2952 exemplar,
1659 2875 1697 2932 ut
1717 2867 1827 2933 Adam
1848 2866 2031 2932 essentialis
2052 2874 2141 2932 esset

1163 2953 1234 3018 eius
1255 2953 1372 3038 imago.
1424 2953 1512 3020 Hinc
1533 2963 1755 3020 commentum
1783 2953 1859 3032 hoe,
1888 2953 1923 3016 in
1945 2971 2008 3035 quo
2035 2952 2082 3018 ita
2103 2973 2139 3020 sa

1162 3038 1349 3118 inebriavit,
1372 3047 1410 3104 ut
1430 3059 1451 3104 a
1469 3039 1570 3104 nullis
1592 3040 1742 3106 absurdis
1763 3039 1826 3106 sibi
1848 3049 1988 3105 caveret.

1249 3125 1347 3191 Nunc
1365 3133 1534 3210 postquam
1556 3126 1716 3191 alienatus
1738 3134 1789 3191 est
1805 3125 1902 3190 homo
1920 3145 1941 3188 a
1957 3125 2038 3204 Deo,
2061 3145 2139 3192 eum

1164 3208 1303 3276 dicimus
1324 3211 1456 3278 restitui
1477 3213 1610 3290 iustitia,
1640 3219 1674 3276 et
1695 3211 1968 3290 sanctificatione,
1998 3231 2139 3294 quarum

1163 3298 1253 3380 prior
1284 3298 1460 3382 gramitam
1493 3296 1788 3363 reconciliationem
1821 3298 1848 3361 si
1895 3297 1996 3361 ilicet:
2035 3297 2140 3364 altera

1163 3385 1406 3448 renovationem
1427 3383 1577 3448 hominis.
1610 3383 1701 3467 Ergo
1723 3381 1846 3466 quoda
1885 3401 1980 3448 voces
2002 3389 2139 3466 spectat,

1164 3489 1335 3552 perperam
1358 3468 1522 3534 Osiandcr
1549 3471 1831 3554 regenerationem
1864 3468 2035 3534 confundit
2061 3489 2139 3536 cum

1164 3555 1295 3619 iustitia.
1347 3553 1470 3620 Fixum
1500 3555 1589 3620 enim
1621 3563 1732 3620 manet
1764 3553 1846 3619 illud
1878 3554 1990 3631 Pauli,
2024 3575 2138 3622 veram

1163 3640 1306 3704 iustitiae
1328 3639 1551 3706 definitionem
1563 3641 1639 3724 poni
1655 3640 1814 3707 aDavide
1836 3640 1888 3705 his
1909 3639 2034 3705 verbis:
2053 3639 2140 3704 Res-

1164 3735 1219 3791 tus
1241 3725 1292 3791 vir
1314 3727 1453 3791 cirinen
1475 3727 1617 3810 imputat
1638 3725 1730 3792 Deus
1758 3737 1891 3809 peecata
1912 3725 2022 3803 (Rom.
2042 3731 2071 3804 4,
2091 3727 2138 3809 6).

1164 3812 1255 3877 Dicit
1273 3809 1446 3890 Osiander,
1474 3813 1643 3879 iustificari
1665 3829 1724 3877 nos
1746 3833 1813 3877 non
1835 3817 1965 3876 tantum
1985 3809 2140 3876 obedien·

1165 3898 1210 3961 tia
1232 3919 1329 3981 quam
1344 3897 1498 3962 Christus
1516 3899 1689 3982 praestitit,
1711 3907 1743 3963 et
1760 3896 1979 3962 satisfactione
2001 3915 2065 3980 qna
2082 3894 2139 3962 de·

1164 3985 1296 4050 functus
1318 3993 1369 4050 est
1389 4003 1448 4066 pro
1471 3983 1643 4067 expiandis
1658 3984 1807 4068 peccatis,
1830 3981 1886 4048 sed
1901 3981 2015 4047 divina
2032 3990 2139 4048 aeter-

1164 4091 1272 4153 naque
1293 4071 1363 4135 eins
1385 4069 1518 4134 iustitia.
1562 4070 1677 4152 Longo
1699 4068 1794 4132 aliter
1814 4067 1949 4146 Paulus,
1979 4069 2036 4152 qui
2058 4069 2139 4134 sim·

1163 4156 1293 4240 pliciter
1315 4156 1465 4235 affirmat,
1486 4155 1655 4220 iustificari
1675 4173 1736 4219 nos
1757 4152 1941 4218 obedientia
1957 4155 2055 4220 unius
2077 4155 2138 4220 ho-

1164 4241 1263 4308 minis
1291 4242 1449 4324 (Remi,
1473 4246 1542 4320 19),
1570 4247 1604 4304 οι
1629 4239 1705 4305 alibi
1738 4239 1916 4322 aequaliter
1941 4239 2140 4322 pronunciat

1166 4327 1279 4393 datum
1319 4347 1389 4393 esse
1421 4326 1516 4392 nobis
1554 4323 1725 4390 Christum
1757 4325 1792 4389 in
1820 4324 2076 4408 redemptionem
2104 4333 2139 4392 et

1164 4413 1325 4480 iustitiam
1343 4418 1388 4490 (l.
1402 4411 1477 4478 Cor.
1501 4416 1526 4490 l,
1547 4411 1612 4496 30).
1645 4407 1731 4476 Item
1749 4411 1871 4476 laetum
1888 4431 1959 4477 esse
1977 4411 2138 4496 sublege,

1165 4507 1204 4563 ut
1231 4519 1292 4564 nos
1319 4519 1339 4564 a
1365 4497 1592 4563 maledictione
1620 4495 1702 4580 legis
1728 4495 1904 4562 redimeret
1933 4496 2022 4584 (Gal.
2042 4503 2071 4578 4,
2090 4495 2137 4583 4).

1165 4585 1257 4650 Haec
1277 4604 1374 4668 porro
1395 4592 1445 4649 est
1466 4583 1599 4661 iustitia,
1628 4582 1668 4648 de
1690 4601 1755 4666 qua
1776 4583 1896 4666 ubique
1918 4582 2057 4662 disserit,
2080 4583 2138 4649 de-

1164 4670 1232 4736 leto
1253 4678 1361 4748 reatu,
1390 4670 1490 4752 re'eipi
1511 4689 1571 4735 nos
1593 4687 1613 4734 a
1639 4669 1711 4734 Dae
1732 4669 1767 4732 in
1788 4669 1938 4752 gratiam.
1982 4670 2029 4734 Et
2048 4677 2138 4736 certe

1164 4756 1206 4822 ad
1227 4755 1406 4820 humanam
1425 4754 1550 4820 Christi
1569 4763 1723 4820 naturam
1745 4755 1885 4820 refertur
1905 4753 2000 4820 illud:
2032 4753 2138 4838 Prop-

1164 4851 1216 4907 ter
1244 4863 1299 4907 eos
1328 4841 1496 4908 sanctifico
1522 4861 1575 4905 me
1609 4841 1719 4924 ipsum
1745 4841 1875 4924 (Ioann.
1901 4844 1948 4916 17,
1971 4840 2033 4924 19).
2081 4839 2137 4906 Ad

1164 4927 1244 4994 hacc
1266 4927 1295 4993 si
1315 4945 1391 4993 caro
1413 4925 1539 4992 Christi
1561 4947 1639 4994 vero
1661 4937 1712 4992 est
1732 4927 1833 5005 cibus,
1855 4931 1889 4990 et
1910 4927 2043 5007 sanguis
2064 4927 2137 4994 eius

1164 5035 1242 5081 vere
1265 5021 1315 5079 est
1335 5021 1445 5096 potus,
1474 5013 1657 5098 colligimus
1678 5033 1747 5077 non
1771 5011 1866 5077 aliter
1885 5009 2054 5076 iustificari
2075 5033 2137 5081 nos

1164 5100 1199 5164 in
1221 5100 1305 5182 ipso,
1331 5099 1395 5165 nisi
1422 5107 1582 5182 quatenus
1604 5106 1655 5164 est
1673 5097 1874 5180 propitiator.
1918 5095 1970 5161 De
1991 5098 2138 5164 reconci-

1163 5185 1313 5264 liatione,
1341 5205 1437 5268 quam
1462 5185 1579 5251 inseite
1606 5205 1645 5250 ao
1669 5203 1824 5266 perverse
1844 5183 1997 5264 loquatur
2018 5179 2138 5248 Osian-

1164 5269 1231 5350 der,
1254 5271 1334 5336 satis
1354 5291 1517 5356 superque
1536 5275 1629 5353 patet
1648 5289 1690 5335 ex
1712 5288 1779 5336 uno
1795 5267 1892 5334 Pauli
1913 5266 1984 5335 loeo
2004 5266 2048 5355 (1.
2061 5265 2142 5336 Cor.

1883 5367 1935 5422 11*
