4820 6016
298 313 370 378 ιιι
797 288 800 294 ’
1078 299 1339 370 ιΡΙιιοιιι
1364 305 1529 369 ιιι-ιιι
2217 309 2271 372 ere

308 515 421 564 eornm
442 492 594 560 manibus
616 493 768 574 aeoipsra,
798 499 868 556 tnm
891 489 988 555 edam
1007 509 1081 554 oum
1102 497 1196 554 tanta
1217 489 1276 555 bo-
1326 491 1437 556 minus
1463 509 1555 570 spem
1581 509 1710 554 omnem
1737 489 1912 572 superavit
1956 487 2170 572 Impetratum
2193 491 2272 573 quid·

308 581 435 646 minum
467 579 605 645 oolluvie
637 576 842 660 partieipare.
900 573 985 641 Mihi
1017 595 1091 640 oum
1126 574 1277 656 Capitone
1327 573 1406 658 quid
1417 573 1579 658 petiimus.
1608 573 1793 640 Videbatur
1809 573 1902 638 initio
1916 572 2064 639 Sossios
2083 594 2176 658 aegre
2190 575 2272 658 ferre,

308 664 391 730 nihil
413 665 475 728 luit
495 665 531 728 in
552 663 613 726 hae
634 683 670 726 re
688 660 906 727 dissensionis.
940 658 1079 725 Summa
1101 660 1181 726 bwe
1198 661 1293 750 luite
1327 659 1411 743 quod
1433 661 1621 744 exigeretur
1641 657 1853 726 eonleesionis
1882 659 2034 734 formida:
2067 658 2198 742 putabat
2221 661 2272 729 boo

307 751 453 816 'lantum
475 748 591 813 debere
613 748 701 811 inter
722 745 927 811 Ohristianos
949 765 1019 810 esse
1041 743 1150 814 odium
1172 746 1275 812 subis·
1327 765 1393 810 uno
1429 745 1545 811 debere
1584 747 1705 810 nostrie
1744 744 1913 822 satisfieri,
1946 743 2032 828 quod
2066 766 2086 810 a
2118 765 2152 810 se
2183 743 2273 812 edocti

308 835 422 912 matis,
457 843 494 898 ut
520 853 647 914 semper
674 831 778 914 quoad
806 831 882 897 lieet
913 831 1084 914 refugiant.
1136 832 1275 896 Tantam
1326 837 1444 896 essent.
1488 831 1608 895 Postea
1629 837 1740 895 tamen
1768 850 1836 894 non
1864 829 1944 895 adeo
1966 829 2165 908 reelemavit,
2191 837 2273 914 atque

308 919 482 986 ministerii
505 939 542 983 au
559 923 837 982 sacramentorum
854 917 1074 982 reverentiam
1091 937 1164 981 esse
1180 936 1276 998 opor·
1327 917 1425 980 etiam
1447 914 1575 1000 qualem
1603 915 1779 998 ooneoripsi
1805 935 1917 980 eorum
1938 916 2086 994 nomine,
2116 915 2185 981 sine
2209 937 2273 984 eou-

309 1012 388 1084 tere,
409 1013 446 1068 ut
467 1003 650 1084 ubieunque
672 1009 801 1068 exstare
823 1001 904 1067 haee
925 1007 1077 1078 oemunt,
1107 1001 1275 1067 eeclesiam
1326 1001 1486 1067 troversia
1507 1000 1748 1086 approbavit‘l)

310 1111 380 1157 esse
401 1095 563 1154 oenseant.
608 1087 748 1168 Quando
769 1087 871 1170 igitur
891 1087 1027 1151 Domini
1048 1087 1210 1168 permissu
1228 1087 1274 1165 fit,
1410 1085 1536 1151 Vereor
1556 1107 1600 1152 ne
1620 1085 1680 1151 tibi
1697 1085 1874 1170 plurimum
1896 1086 2035 1152 laosssat
2052 1108 2094 1152 ne
2138 1088 2273 1154 tilisou-

310 1183 348 1242 ιιι
368 1195 427 1257 per
447 1173 529 1250 illos,
553 1173 793 1256 qualeseunque
814 1171 947 1236 tandem
968 1173 1043 1250 sint,
1066 1171 1201 1237 eeolesia
1218 1171 1275 1237 ad-
1326 1171 1377 1236 ius
1406 1181 1516 1254 partes
1548 1178 1628 1236 sunt
1657 1179 1690 1236 te
1721 1173 1850 1237 invare:
1889 1170 1946 1238 sed
1977 1173 2129 1256 patiano
2159 1173 2274 1238 tandem

310 1259 522 1338 ministretur,
543 1259 570 1322 ei
591 1257 744 1324 eeclesiae
766 1259 860 1341 signa
886 1257 954 1322 illio
975 1257 1195 1340 eonspioiunt,
1223 1278 1274 1323 sa·
1326 1255 1527 1323 eluetaberis
1571 1255 1703 1338 Quaeso
1723 1263 1766 1334 te,
1788 1256 1834 1320 mi
1854 1257 1969 1335 frater,
1997 1258 2033 1321 in
2054 1265 2147 1323 tants
2167 1265 2274 1341 tempo·

309 1346 472 1411 tiuslore
500 1345 682 1409 sinouse
710 1364 731 1408 a
759 1341 1162 1408 eommunionaallenent.
1206 1342 1276 1407 Neo
1325 1361 1401 1406 rum
1421 1343 1604 1426 iniquitate,
1631 1342 1778 1406 animum
1800 1341 1931 1408 adiioias
1952 1342 1994 1407 ad
2016 1343 2199 1410 retinendos
2216 1364 2274 1408 om·

309 1429 497 1512 obestqnod
514 1430 645 1511 impura
661 1428 818 1510 quaedam
836 1427 988 1512 dogmate
1004 1426 1072 1493 illio
1088 1426 1274 1492 tradantur:
1326 1447 1394 1504 nes,
1416 1429 1472 1510 qui
1493 1433 1659 1509 uteunque
1681 1425 1866 1493 tolerabiles
1886 1426 2019 1492 inerint.
2056 1425 2109 1493 De
2130 1449 2275 1494 eaeremo-

309 1515 464 1598 reliquias
485 1514 573 1578 enim
595 1515 797 1598 ignorantiae
815 1512 872 1579 vix
890 1512 958 1578 ulla
975 1521 1025 1578 est
1042 1512 1177 1578 eoelesia
1193 1531 1276 1595 quae
1326 1511 1421 1577 niolis
1443 1513 1533 1578 alfiae
1555 1511 1641 1596 apud
1658 1511 1785 1590 iratres,
1808 1532 1849 1576 ne
1866 1509 1978 1578 eadem
1997 1518 2123 1579 uertant
2139 1535 2211 1581 eum
2219 1513 2274 1580 Ur·

308 1621 443 1686 prorsus
464 1599 571 1664 nullas
592 1599 738 1663 retineat
789 1598 892 1663 Nobis
913 1599 1045 1677 suffieit,
1079 1599 1107 1662 si
1128 1597 1276 1663 doetrina
1327 1597 1407 1664 einis
1419 1597 1461 1674 ¹⁰)
1482 1597 1668 1681 pertinatia.
1712 1595 1767 1664 Ita
1795 1599 1852 1662 fiet
1879 1605 1919 1662 ut
1944 1599 2054 1663 omnia
2079 1605 2193 1664 nostra
2210 1601 2273 1676 sint,

308 1706 375 1770 qua
399 1685 533 1752 eealeeia
553 1683 678 1750 Christi
706 1682 876 1762 fundatur,
903 1683 1011 1750 looum
1039 1681 1158 1749 habeat
1179 1691 1276 1766 atque
1325 1701 1386 1748 nos
1407 1681 1446 1748 ab
1469 1684 1619 1748 omnibus
1641 1681 1744 1762 liberi,
1765 1683 1853 1748 servi
1874 1683 1976 1750 simus
1996 1684 2085 1766 paois
2107 1691 2143 1748 et
2162 1704 2273 1750 ooneor-

308 1771 462 1836 obtineat.
507 1769 576 1835 Nea
598 1767 680 1834 illud
700 1787 760 1833 nos
779 1779 971 1846 remoratur,
1001 1768 1087 1852 quod
1108 1768 1275 1852 legitimus
1326 1767 1406 1833 dise.
1449 1767 1558 1834 Multa
1577 1768 1606 1832 si
1627 1775 1794 1850 praetereo
1815 1788 1899 1850 quae
1920 1769 2104 1834 necessaria
2125 1777 2222 1848 erant,
2244 1792 2275 1836 eo

309 1856 423 1921 haberi
444 1863 556 1938 pastor
573 1875 641 1919 non
659 1852 762 1929 debet,
785 1856 841 1937 qui
862 1855 897 1918 in
915 1853 1023 1920 looum
1042 1853 1111 1918 veri
1132 1853 1275 1918 ministri
1325 1853 1373 1932 fit,
1394 1853 1480 1936 quod
1500 1853 1615 1918 literae
1636 1862 1712 1918 tuae
1733 1851 1876 1918 nondum
1899 1853 2088 1936 acaptare,
2109 1857 2165 1921 eui
2180 1854 2275 1939 legen·

309 1961 375 2006 non
396 1947 524 2005 tantum
545 1939 713 2023 irrepserit
739 1939 977 2016 fraudulenter,
1005 1939 1062 2004 sed
1088 1939 1211 2004 nelarie
1231 1939 1275 2002 ir·
1326 1937 1384 2003 dae
1406 1937 1567 2017 dederam,
1591 1937 1673 2002 mihi
1691 1937 1837 2004 redditae
1854 1947 1940 2004 sunt.
1985 1937 2149 2005 Dominus
2171 1951 2201 2006 te
2220 1962 2275 2006 eer-

309 2027 444 2110 ruperit.
489 2025 564 2090 Non
591 2025 680 2089 enim
708 2033 757 2089 ιιι
789 2046 849 2091 our
881 2045 916 2089 se
943 2024 1146 2107 privatorum
1173 2044 1274 2088 unne-
1326 2030 1389 2102 vet,
1412 2024 1605 2108 suspiritus
1628 2023 1678 2089 sui
1700 2024 1814 2090 robore
1836 2023 2005 2089 adomnia
2027 2023 2216 2091 sustinenda
2233 2047 2274 2089 ro-

308 2113 443 2195 quisque
463 2110 534 2175 istis
550 2109 881 2192 serupulisimplioet:
904 2118 1106 2174 saoramenta
1126 2129 1201 2175 eum
1223 2129 1274 2174 aa·
1325 2107 1426 2188 beret,
1455 2109 1559 2174 trater
1578 2109 1662 2172 mibi
1683 2109 1720 2172 in
1740 2107 1883 2174 Domino
1905 2109 2123 2176 dileetissime.
2168 2109 2276 2176 Admo-

307 2197 406 2264 olesla
438 2195 693 2261 eommunioant:
727 2215 786 2278 per
818 2215 930 2261 eorum
966 2215 1084 2261 manus
1116 2193 1178 2260 sibi
1209 2193 1273 2260 dis-
1326 2201 1384 2258 net
1405 2201 1464 2259 tua
1484 2215 1543 2278 pro
1571 2215 1624 2260 me
1646 2193 1844 2272 sollieitudo,
1872 2204 1911 2260 ut
1938 2196 1987 2260 tui
2012 2216 2125 2261 euram
2147 2196 2276 2262 viaissim

308 2282 438 2366 pensari
458 2281 630 2346 sustinent.
680 2277 772 2360 Quos
806 2279 918 2366 euml)
945 2287 1057 2346 tenere
1090 2279 1196 2345 laeum
1223 2280 1275 2344 in·
1326 2276 1386 2342 tibi
1407 2278 1638 2345 commendem.
1683 2278 1790 2344 Valde
1809 2284 1898 2344 enim
1926 2281 2074 2345 attritum
2098 2280 2162 2346 sibi
2183 2289 2213 2346 te
2237 2279 2277 2346 vi·

308 2367 469 2450 telligunt,
491 2366 563 2429 inre
585 2387 627 2430 an
648 2365 777 2442 iniuria,
798 2386 983 2449 quanquam
1004 2365 1046 2430 ad
1066 2365 1154 2447 ipsos
1174 2365 1274 2447 perti·
1326 2362 1396 2428 deri
1418 2385 1532 2430 omnes
1552 2373 1697 2430 narrant
1731 2363 1861 2446 Quaeso
1872 2375 1971 2448 atque
1993 2367 2136 2446 obseura,
2160 2368 2205 2432 mi
2223 2367 2277 2430 tra·

308 2459 374 2529 net,
397 2451 437 2516 de
458 2471 496 2516 eu
518 2459 628 2515 tamen
650 2447 806 2516 iudioium
829 2449 1028 2535 suspendere
1044 2470 1148 2533 usqne
1165 2449 1207 2514 ad
1227 2449 1275 2514 le-
1326 2455 1393 2527 ter,
1422 2451 1468 2516 sie
1497 2449 1537 2515 de
1564 2449 1635 2516 aliis
1663 2450 1782 2534 sugite,
1809 2450 1907 2516 simul
1928 2459 1965 2516 ut
1985 2452 2177 2518 memineris
2196 2471 2279 2536 quam

309 2536 459 2621 gitimam
480 2536 697 2619 cognitionem
722 2543 870 2618 possunt
914 2536 1030 2619 Itaque
1052 2535 1151 2600 etiam
1172 2536 1200 2599 si
1221 2554 1275 2600 eo-
1326 2534 1372 2599 sis
1394 2535 1548 2602 eoelesiae
1566 2534 1691 2601 Obristi
1713 2534 1820 2601 adbuo
1840 2538 2051 2602 neeessarius.
2085 2535 2203 2603 Saluta
2217 2537 2277 2601 mil·

309 2643 383 2687 rum
404 2621 584 2686 ministerio
604 2628 749 2698 utantur,
777 2641 844 2686 non
866 2628 978 2686 tamen
999 2620 1180 2704 perieulum
1202 2621 1275 2700 erit,
1326 2617 1386 2685 lies
1411 2619 1496 2684 mibi
1522 2621 1640 2686 baua
1662 2641 1775 2686 omnes
1818 2620 1853 2685 ui
1880 2631 1988 2688 tecum
2017 2629 2110 2702 sunt,
2145 2622 2277 2701 Virdaoa

308 2725 352 2772 ne
373 2714 430 2771 aut
450 2725 633 2790 agnosoers,
654 2714 713 2770 aut
733 2726 753 2772 a
777 2707 923 2788 probare,
946 2713 1002 2772 sut
1023 2705 1090 2770 ullo
1111 2712 1207 2788 paeto
1224 2725 1276 2770 ra·
1328 2705 1425 2769 etiam
1448 2705 1653 2771 Ftoaeieeam
1674 2713 1707 2770 et
1729 2705 1754 2769 I
1895 2727 1998 2790 quum
2020 2707 2062 2772 ad
2083 2727 2139 2774 eos
2161 2709 2277 2775 seribee.

308 2797 378 2856 tum
399 2790 518 2856 babere
540 2790 721 2857 videantur.
753 2725 823 2856 gad
841 2790 903 2857 boo
921 2813 984 2857 usu
1005 2791 1181 2874 patientiae
1198 2811 1277 2855 suae
1331 2787 1449 2871 Capito,
1473 2789 1648 2871 Stormo'aa,
1677 2789 1824 2857 Fimo‘aa
1850 2799 1882 2856 te
1910 2793 2071 2875 peremiue
2093 2793 2218 2860 salvere
2236 2793 2278 2856 iu·

307 2877 531 2943 testimonium
548 2875 699 2955 reddunt,
718 2873 797 2941 dum
814 2877 937 2943 soiliuet
953 2896 1008 2942 eos
1025 2875 1177 2954 tolerant,
1196 2896 1276 2958 quos
1327 2873 1413 2940 bent.
1457 2877 1667 2960 Argentorati
1691 2877 1739 2941 24.
1763 2873 1893 2943 Ootobr.
1909 2879 1951 2961 ¹¹)

308 2964 478 3038 servant⁷)
508 2961 636 3027 solenni
662 2959 780 3028 iudioio
801 2959 1012 3028 damnandos.
1055 2961 1156 3027 Initio
1176 2960 1278 3027 bonos

307 3048 426 3113 tratres
448 3045 644 3112 detreotasse
664 3067 725 3114 neo
746 3047 869 3112 mirum
886 3055 944 3127 est,
967 3067 1073 3130 neque
1094 3047 1188 3112 nobis
1210 3046 1276 3113 dis·
1412 3045 1461 3111 Ias
1485 3065 1520 3112 es
1552 3065 1636 3129 qnae
1666 3047 1807 3112 invitum
1840 3067 1877 3114 au
1909 3048 2126 3114 reluotantem
2154 3048 2279 3116 seribere

307 3131 415 3217 plioet.
454 3131 495 3196 In
517 3151 554 3197 eo
572 3131 731 3214 siquidem
751 3133 880 3198 fervore
901 3133 1086 3198 animorum
1107 3153 1203 3216 quem
1218 3153 1276 3197 ne-
1327 3149 1384 3196 ooe
1409 3130 1434 3195 't
1555 3133 1601 3196 'ae
1623 3131 1665 3197 ad
1691 3131 1909 3200 Genevenses.
1950 3131 2114 3218 Intelligis
2136 3133 2213 3218 quid
2236 3153 2279 3199 ee·

309 3235 398 3284 essse
418 3218 480 3282 fuit
499 3225 579 3283 tuno
601 3217 751 3297 ebullire,
774 3217 859 3282 nihil
876 3218 965 3283 aliud
986 3237 1084 3301 quam
1106 3217 1277 3284 Christum
1327 3215 1383 3280 lan
1405 3237 1461 3282 um
1483 3217 1583 3282 sitin
1606 3217 1659 3284 bis
1680 3217 1763 3284 meis
1784 3217 1825 3284 ad
1843 3225 1876 3283 ιι
1897 3217 2009 3284 literis.
2024 3221 2065 3296 ¹²)

308 3301 591 3370 saindereluisset.
625 3301 754 3368 Deinde
775 3303 984 3387 ambigebant
1004 3303 1110 3368 selbun
1120 3323 1277 3385 quorsum

308 3395 484 3472 tempestas
505 3395 671 3472 vergeret,
700 3407 784 3472 quae
810 3397 888 3454 tuno
915 3389 1025 3453 omnia
1052 3388 1277 3472 permieoebat.

307 3473 434 3539 Institit
454 3480 566 3556 postea
587 3473 628 3537 de
646 3493 681 3538 se
703 3493 809 3556 agere,
832 3473 889 3539 sed
901 3474 1217 3552 tantaoententione,
1240 3481 1278 3538 ut

308 3559 477 3624 rideretur
494 3579 662 3640 nunquam
679 3557 852 3636 desiturus,
869 3557 972 3623 donee
984 3558 1174 3624 extorsisset
1190 3559 1277 3641 quod

308 3643 447 3728 petebat
479 3641 548 3708 (lar
564 3663 769 3727 negaremus,
792 3651 862 3708 erat
882 3644 1055 3709 manifesta
1070 3644 1163 3709 ratio.
1191 3645 1276 3709 Nam
1774 3657 1843 3728 149,

309 3729 499 3795 aministro
518 3749 618 3811 penes
645 3747 741 3812 quem
768 3727 965 3811 dispensatio
993 3737 1043 3794 est
1069 3729 1153 3795 sauri
1178 3729 1277 3794 buius

309 3815 474 3965 fflfffi'
502 3811 677 3963 prudebrsrtia
697 3814 731 3877 in
760 3813 893 3965 ιιιιιιίξιιι
913 3813 1063 3880 babendo
1083 3815 1292 3965 flqfflrlmr*
1565 3811 1799 3880 (tamnus
1821 3813 2050 3882 F'ARELLO.

410 3921 456 3979 oe,
486 3919 591 3964 nono
630 3919 708 3964 oure
736 3919 756 3964 ι
800 3921 878 3965 roa
914 3919 1028 3966 eorum
1046 3921 1146 3964 nunus
1179 3921 1275 3978 num,

312 3984 440 4068 siquis
463 4005 574 4049 eorum
605 3919 871 4070 oollegiurilpnon
899 3983 1054 4068 repudiet.
1103 3985 1276 4051 Postremo
1416 3983 1479 4065 Quoi
1498 3983 1654 4049 ooeoaioae
1677 3987 1862 4068 nuptiarum
1884 3985 2024 4068 Gogaraei
2044 3988 2221 4071 eonprepm
2239 3985 2283 4050 a·

312 4088 413 4150 quum
434 4070 498 4134 huo
519 4070 665 4153 quaestio
686 4067 858 4150 resideret,
887 4071 1033 4136 satiusne
1059 4069 1142 4135 loret
1162 4069 1276 4136 eadere
1326 4067 1435 4132 boeot
1459 4073 1624 4135 mamae
1648 4069 1881 4150 Toaeasiam,
1908 4070 2127 4152 Baniensium,
2149 4072 2282 4146 oliorum

313 4173 410 4235 quam
431 4175 591 4232 recusare,
614 4154 675 4221 boo
696 4154 883 4220 dilemmate
903 4153 1113 4239 urgebamus:
1144 4156 1173 4220 si
1205 4156 1276 4220 effi·
1327 4152 1623 4233 loeamaoabobat't
1635 4155 1787 4235 pluribus
1796 4155 1963 4222 Baartae
1983 4156 2284 4223 maiomam-

312 4237 400 4304 oium
426 4241 488 4305 rite
514 4241 651 4318 faceret,
687 4241 793 4323 primo
826 4261 953 4323 quoque
982 4240 1034 4305 die
1063 4249 1276 4323 sequuturum
1328 4239 1466 4304 tbaoaie
1481 4240 1620 4306 aanor
1639 4242 1812 4325 satagentis
1828 4242 2017 4309 aarum
2032 4242 2282 4324 maeatas.

313 4321 513 4402 exsilium,⁸)
532 4327 562 4391 si
579 4347 642 4390 non
662 4325 791 4404 faueret,
812 4327 973 4410 flagitium
991 4324 1165 4409 essequod
1187 4325 1278 4391 nrrlla

313 4411 574 4490 eompansatione
591 4410 719 4475 admitti
742 4411 792 4476 las
813 4421 906 4476 esset.
950 4411 1076 4476 Verum
1097 4431 1197 4494 quum
1220 4411 1277 4476 ad·
1328 4413 1528 4421 ““”“““

313 4493 457 4558 monitns
478 4495 591 4560 luisset
620 4517 640 4560 a
659 4517 713 4561 me
733 4497 861 4562 firmius
882 4497 1051 4562 obtentum
1072 4497 1200 4580 quaeri,
1228 4497 1277 4562 fa-
1445 4509 1473 4574 9)
1493 4509 1562 4564 roto
1585 4509 1652 4564 toea
1682 4510 1717 4566 de
1739 4511 1857 4568 Souna
1879 4513 2016 4584 perimo
2034 4515 2124 4584 paulo
2143 4515 2282 4572 aomar.

312 4579 375 4646 uile
396 4578 553 4662 praecidit
574 4581 729 4664 quidquid
754 4581 837 4646 illud
866 4589 945 4647 erat.
995 4583 1133 4666 Experti
1162 4603 1277 4648 snmus
1328 4577 1491 4634 mm
1506 4579 1574 4634 hm
1589 4579 1663 4634 *Μ
1679 4578 1710 4634 0·
1728 4585 1754 4636 ‘l
1769 4581 1862 4651 ΨΜ
1875 4599 1929 4651 aar
1944 4584 2040 4640 aaa
2056 4589 2176 4640 marso
2190 4599 2230 4638 ω
2244 4597 2283 4637 ⁰⁰·

313 4685 412 4749 quam
434 4662 565 4727 difficile
585 4668 627 4730 sit
644 4685 698 4731 eos
715 4666 886 4747 moderari,
909 4668 965 4750 qui
987 4667 1078 4732 inani
1099 4667 1277 4750 sapientiae
1327 4646 1783 4786 ffiffiff‘fflfflss
1799 4667 1946 4790 m
2061 4670 2077 4708 r
2166 4647 2283 4708 “ml

1710 3477 1844 3485 ψ..
1862 3479 1911 3485 ...-

313 4751 465 4834 opinione
487 4747 658 4847 desipiunt
702 4749 814 4830 Quum
831 4773 944 4818 omnes
965 4759 1095 4837 tempus
1116 4753 1178 4820 hoo
1199 4753 1277 4818 alie-
1417 4785 1482 4853 ⁸¹³⁰,
1500 4785 1601 4840 mom
1618 4786 1734 4842 ,qm
1751 4787 1790 4842 ,a
1806 4803 1852 4843 ω,
1868 4805 1897 4845 3,
2015 4721 2077 4844 A'l
2105 4791 2155 4846 sie
2170 4789 2282 4854 Ma,

313 4837 486 4900 nissimum
501 4831 682 4899 rudroarent
698 4837 887 4903 metandae
904 4839 1044 4904 frenum
1061 4859 1186 4919 sanese,
1208 4837 1278 4904 Do-
1335 4895 1366 4936 1.
1387 4854 1452 4908 ιοο.
1494 4855 1637 4936 eoem
1662 4855 1800 4911 aemon
1825 4873 1886 4914 aas
1912 4875 1948 4914 a.
2152 4859 2284 4927 γιιμα

501 5056 506 5068 ,
1328 4936 1749 5127 “dilatamus
1784 4994 1980 5050 nasama.

415 5055 445 5119 6)
464 5071 535 5110 emm
553 5051 614 5108 aaa.
1433 5061 1464 5114 11
1492 5060 1623 5116 forense
1639 5061 1705 5116 aad.
1723 5061 1800 5118 ιιιιιι

415 5119 660 5255 &mast
1330 5128 2282 5254 mra)me1³.e.aoooaosnpmaa1maaramflo
