4804 6012
172 350 236 416 265
1061 354 1292 424 OONSILIA.
2117 360 2180 424 266

173 537 281 638 oionto
307 543 466 626 Domino,
499 555 538 612 ut
569 567 626 613 oor
656 544 741 612 illud
770 545 851 613 odeo
882 546 1056 612 efferatum
1088 546 1152 612 viri
1205 543 1394 611 enitendum
1428 553 1480 612 est
1511 545 1586 626 tibi,
1621 553 1719 630 atquo
1746 544 1853 612 indies
1890 545 1997 612 modis
2030 545 2182 614 omnibus

173 635 327 698 moesoat
354 641 388 698 ot
417 641 646 717 componatur:
686 633 720 697 iu
752 633 854 698 ullius
892 653 971 700 vero
1002 631 1152 697 mortalis
1204 631 1289 697 sorio
1309 630 1555 715 proficiendum.
1606 631 1782 716 Quumque
1805 632 1879 712 intio
1906 641 1957 697 tot
1977 632 2182 716 corruptelae

174 715 316 807 gratiam
336 719 372 784 iu
393 716 505 784 Deum
531 739 667 802 peooaro
692 719 785 784 nefus
812 727 871 784 ost.
921 719 969 783 To
994 739 1073 784 vero
1094 719 1151 801 qui
1203 718 1347 804 vigeant,
1370 739 1450 784 ouve
1472 718 1641 784 existimes
1663 719 1760 784 alitor
1780 717 1885 784 offioio
1905 727 1938 784 te
1959 718 2055 803 fungi
2076 739 2181 802 posse,

177 803 223 862 1t8
243 822 278 869 os
307 804 349 871 do
374 805 447 870 aliis
475 805 647 884 sollicitus,
677 811 769 870 tanto
796 805 902 890 magis
930 804 1150 889 cogitaturum
1203 825 1302 888 quam
1322 811 1361 870 ut
1380 805 1452 888 ipse
1478 803 1613 871 studeas
1634 806 1729 870 unioo
1756 811 1796 869 ut
1816 805 1882 869 Dei
1909 824 2031 870 nomon
2058 803 2182 889 glorifi-

179 901 269 965 sporo
291 889 331 956 do
352 897 410 958 tuo
431 891 534 976 ipsius
554 891 661 958 offioio
688 911 768 976 erga
795 911 955 976 magnum
976 889 1071 956 illum
1092 910 1150 974 pa·
1203 899 1310 970 ootur,
1338 897 1373 956 ot
1392 889 1496 975 ipsius
1518 891 1629 956 cultus
1657 899 1690 956 ot
1717 891 1823 956 honor
1850 891 1938 955 inter
1967 898 2041 956 tuos
2062 898 2100 955 ut
2120 909 2182 973 por

177 970 259 1038 trem
285 976 472 1058 ooolootom,
506 998 526 1042 u
554 999 618 1062 quo
648 977 786 1043 donatus
820 999 856 1043 os
882 976 955 1043 luoe
988 975 1152 1060 evangelii
1203 985 1254 1042 est
1274 977 1392 1062 vigeat.
1436 977 1539 1042 Fuxit
1559 976 1739 1056 Dominus,
1767 986 1806 1041 ut
1833 975 1919 1060 quod
1947 983 2022 1040 oto
2044 983 2119 1059 peto
2139 975 2181 1040 il-

184 1053 239 1122 filii
257 1061 358 1146 ipsius
384 1065 421 1129 in
447 1085 512 1149 qua
537 1063 632 1131 nobis
654 1064 798 1148 reposita
825 1071 876 1129 est
902 1061 1002 1128 salus.
1051 1063 1101 1128 Ao
1124 1062 1152 1126 si
1201 1061 1267 1128 lius
1288 1063 1430 1142 nomine,
1453 1063 1524 1147 ipse
1545 1063 1646 1128 otiam
1668 1062 1750 1128 mois
1768 1060 1829 1126 tibi
1850 1063 2002 1146 prooibus
2026 1069 2181 1128 exoratus

185 1135 337 1215 haetenus
366 1150 450 1217 bone
478 1151 630 1235 ooepisti‚
663 1157 758 1216 tauto
785 1149 892 1234 magis
917 1149 954 1213 in
984 1156 1152 1232 postorum
1202 1168 1239 1213 ro
1260 1148 1333 1233 ipsa
1353 1155 1506 1232 praestato
1552 1151 1603 1213 28.
1626 1148 1732 1232 April.
1754 1152 1846 1214 1556.
