4852 6022
178 313 240 377 389
1027 310 1107 372 1639
1130 305 1324 378 ΟΟΤΟΒΒ.
2109 321 2174 388 390
2343 342 2358 379 ,

179 497 344 563 memoriis
365 497 510 580 ipsorum
537 495 725 580 praedicare
754 496 897 562 inaximo
927 495 1034 562 studio
1060 495 1149 563 soliti
1199 515 1280 562 num
1306 493 1431 564 Obristi
1465 501 1498 560 et
1526 497 1805 580 regenerationem
1837 501 1957 583 perfici.
2012 503 2059 570 At
2090 527 2170 574 vero

179 590 288 656 sunt),
316 581 475 666 singulari
496 581 635 663 quadam
655 583 801 666 ipsorum
823 582 1038 648 sanctimonia
1058 581 1149 648 velut
1199 581 1277 648 huic
1298 582 1345 646 rei
1367 583 1602 648 caeremoniam
1620 585 1817 650 constituere
1840 595 1872 651 et
1893 586 2040 668 publicas
2060 590 2096 656 in
2117 612 2171 658 eo·

179 683 273 735 extra
294 688 355 734 nos
376 669 556 750 rapiemur,
584 669 734 750 ipsosque
756 669 802 732 sio
823 666 971 734 laudatos
992 679 1148 752 tanquam
1199 666 1299 732 clesia
1320 687 1378 748 pro
1400 670 1540 750 peccatis
1562 667 1789 736 delimctorum
1811 693 1924 754 preces
1945 671 2075 752 habere,
2097 697 2170 744 coe·

180 755 220 820 ob
243 753 353 820 oculos
381 760 511 818 nostros
539 765 728 836 praesentes
755 753 864 818 animo
892 762 1002 818 nostro
1028 753 1149 818 intueri
1199 773 1277 818 nam
1304 753 1440 818 Domini
1470 751 1633 820 celebrare
1658 760 1692 818 et
1718 754 1897 824 oblationes
1924 759 2058 838 offerre,
2086 781 2169 844 quae

179 849 213 906 ot
233 839 398 922 suspicere
425 838 612 917 videamur,
639 846 672 903 et
699 859 738 904 ea
763 839 856 923 pium
880 839 1027 904 animum
1054 837 1149 922 qnasi
1199 839 1309 902 omnia
1331 844 1427 906 vetus
1449 838 1583 906 ecclesia
1604 838 1774 920 factitavit,
1797 844 1960 910 nescimus
1991 867 2054 927 quo
2074 846 2170 916 modo

180 927 373 1006 exstasis⁵¹)
396 932 430 989 et
451 924 600 989 divorum
619 945 678 990 ceu
695 924 917 1006 praesentium
934 924 1149 989 admiratione
1201 920 1410 1006 comprobare
1436 923 1542 990 liceat.
1593 925 1742 1007 Apostoli
1768 928 1854 992 enim
1883 929 1968 994 nihil
1997 928 2036 996 do
2056 953 2094 998 eo
2116 933 2171 1000 vel

180 1012 269 1087 nt⁶²l
280 1011 489 1092 consequitur
506 1017 544 1074 nt
555 1031 609 1075 eos
619 1029 713 1074 mens
730 1019 852 1086 nostra,
870 1017 909 1074 nt
925 1030 1005 1093 quos
1017 1017 1148 1091 praesto
1199 1008 1300 1074 verbo
1328 1009 1381 1076 vel
1409 1009 1558 1092 exemplo
1586 1012 1788 1092 praecepisse
1814 1011 1985 1096 leguntur,
2019 1017 2075 1084 sed
2109 1039 2171 1084 neo

181 1097 243 1162 sibi
265 1117 337 1162 esse
358 1105 392 1162 et
413 1115 521 1161 coram
544 1095 666 1160 intueri
688 1095 833 1172 videtur,
863 1089 956 1160 alieri
978 1096 1075 1160 etiarn
1097 1097 1148 1160 in·
1199 1095 1317 1172 Moses,
1340 1115 1516 1178 perquem
1533 1094 1696 1160 Dominus
1718 1098 1839 1179 populo
1862 1119 1921 1166 sno
1942 1121 2054 1168 omnes
2075 1105 2168 1181 ritus,

181 1185 293 1265 cipiet:
316 1201 396 1264 quas
413 1181 625 1264 apostrophos
642 1189 676 1244 et
692 1180 815 1246 ethnici
833 1183 1006 1263 scriptores
1023 1181 1058 1244 in
1076 1181 1147 1246 lau·
1199 1181 1254 1261 qni
1275 1180 1425 1264 religioni
1448 1180 1563 1263 quovis
1585 1179 1680 1246 modo
1702 1191 1886 1266 competere
1907 1187 2047 1268 possint,
2075 1209 2169 1256 eccu-

180 1267 274 1334 dibns
295 1276 497 1332 mortuorum
520 1267 634 1332 iecisse
653 1267 818 1350 leguntur.
1198 1266 1361 1332 notissime
1390 1265 1540 1332 instituit
1584 1267 1711 1332 Luctus
1733 1268 1863 1349 quidem
1892 1292 1966 1338 suos
1993 1294 2052 1356 pro
2080 1294 2168 1340 mor·

266 1353 382 1435 Itaque
403 1352 630 1417 existimamus
658 1359 789 1418 sanctos
809 1352 882 1416 illos
905 1357 1015 1434 patres
1036 1351 1090 1432 qni
1111 1351 1146 1415 in
1198 1350 1263 1416 tuis
1291 1351 1417 1434 priscus
1439 1351 1577 1435 populus
1598 1351 1745 1436 insignes
1772 1353 1895 1420 habuit
1940 1356 2006 1437 Qui
2033 1359 2098 1424 illis
2118 1361 2169 1425 in·

181 1438 250 1505 suis
274 1439 480 1532 panegyricis
514 1438 714 1502 emtionibus
746 1436 787 1500 de
817 1435 968 1502 divorum
995 1436 1147 1502 laudibus
1199 1433 1296 1502 dubie
1329 1436 1490 1502 defunctis
1525 1439 1592 1503 suis
1624 1440 1893 1506 resurrectionem
1925 1451 2075 1523 precatus
2109 1455 2168 1524 est,

181 1526 359 1590 orationem
383 1523 424 1588 ad
454 1522 547 1588 diros
569 1529 805 1588 converterunt
831 1524 1040 1604 ipsorumque
1061 1520 1148 1603 apud
1198 1530 1343 1588 ettamen
1366 1521 1469 1588 abiuit
1491 1531 1528 1588 ut
1554 1521 1683 1603 publice
1713 1545 1771 1604 pro
1799 1527 1846 1590 eis
1876 1527 1916 1592 ab
1939 1528 2073 1594 eeclesia
2098 1551 2169 1612 pre·

180 1611 290 1676 Deum
313 1609 576 1676 intercessionem
598 1616 815 1692 rogaverunt,
845 1607 1018 1674 indulsisse
1045 1627 1147 1690 quum
1198 1627 1251 1674 ces
1279 1614 1374 1689 atque
1396 1609 1591 1674 sacrificinm
1616 1610 1748 1692 figeret,
1777 1619 1816 1674 nt
1839 1612 1999 1678 Dominus
2020 1615 2168 1682 sacerdo-

182 1695 298 1762 ardore
319 1694 420 1759 animi
442 1695 492 1760 sui
514 1695 550 1758 in
578 1694 670 1759 divos
695 1713 792 1776 quem
815 1701 882 1758 tam
903 1694 1085 1778 magnificis
1107 1693 1147 1756 il·
1199 1705 1248 1758 tes
1269 1693 1402 1759 iusserit
1422 1715 1442 1758 a
1462 1693 1893 1775 funeribusetiemsuorum,
1916 1699 1979 1764 nisi
2000 1721 2042 1764 ex
2063 1702 2168 1783 primo

181 1782 287 1846 lorum
316 1779 467 1845 lendibus
493 1781 528 1844 in
556 1801 591 1845 se
616 1780 696 1862 ipsis
723 1779 924 1858 excitabant,
950 1790 1021 1844 tum
1049 1779 1148 1842 etiam
1199 1789 1233 1841 et
1252 1777 1392 1844 seeundo
1421 1777 1523 1862 gradu
1550 1780 1691 1860 proximi
1722 1791 1847 1859 essent,
1879 1803 2012 1864 prorsus
2046 1787 2166 1854 abesse

181 1886 271 1932 more
293 1867 432 1930 oratorio
460 1873 493 1928 et
519 1875 689 1948 susceptae
716 1863 1031 1948 grandiloquentise,
1060 1873 1148 1929 certe
1199 1861 1373 1945 Quumque
1394 1864 1429 1928 in
1451 1883 1542 1930 sacro
1563 1875 1681 1930 ornatu
1698 1868 1855 1931 essentin
1873 1868 2063 1936 universum
2084 1873 2167 1938 nulli

180 1954 216 2017 in
238 1972 335 2016 usum
362 1951 515 2018 ecclesiae
542 1951 710 2033 publionm
737 1951 817 2014 istas
843 1949 1077 2032 appellationes
1099 1948 1148 2013 di·
1199 1969 1253 2014 eos
1275 1949 1393 2026 funeri
1415 1971 1458 2014 ne
1479 1959 1653 2031 parentum
1675 1949 1815 2032 quidem,
1839 1952 2016 2036 adiungere
2038 1977 2074 2022 se
2094 1977 2168 2039 pas·

182 2059 297 2103 vorum
309 2057 374 2102 non
386 2036 636 2114 transtulerunt,
657 2035 802 2100 contenti
820 2045 858 2099 ut
874 2035 1029 2100 ecclesiae
1038 2035 1148 2100 Deum
1199 2055 1255 2100 sus
1276 2044 1334 2100 ιιι

180 2123 308 2208 publice
330 2131 462 2188 orarent
483 2130 667 2188 sanctornm
686 2140 744 2204 pro
766 2121 859 2186 nobis
881 2121 1148 2186 intercessionem
1284 2119 1410 2184 Paulus
1427 2139 1562 2202 quoque,
1585 2140 1683 2202 quum
1703 2119 1743 2184 de
1766 2119 1858 2186 luctu
1876 2130 2081 2190 mortuorum
2097 2147 2168 2193 mo·

81 2279 83 2282 ,
181 2209 299 2275 valere.
343 2209 479 2273 inistis
505 2217 576 2272 tum
602 2209 669 2272 suis
695 2203 898 2288 apostrophis
924 2215 1010 2271 certe
1036 2205 1148 2288 perni·
1199 2203 1343 2270 derendo
1365 2213 1397 2268 et
1414 2225 1453 2270 ea
1470 2225 1527 2288 spe
1544 2205 1791 2270 resurrectionis
1809 2207 1989 2290 mitigando
2011 2221 2167 2294 moneret,

182 2297 301 2361 ciosum
330 2293 516 2377 exemplum
552 2293 692 2375 privatis
723 2293 875 2375 precibus
911 2290 1146 2374 praetulerunt,
1198 2290 1228 2356 si
1249 2309 1320 2356 esso
1341 2291 1482 2356 officium
1510 2289 1654 2358 caritatis
1676 2291 1864 2373 agnovisset
1889 2292 2035 2375 publicas
2056 2318 2168 2380 preces

181 2380 379 2464 qnodpanlo
403 2387 529 2462 postet
549 2380 584 2442 in
606 2377 752 2462 publicas
774 2397 885 2459 preces
906 2377 1048 2460 irrepsit
1084 2374 1146 2441 So·
1198 2376 1303 2440 iacere
1331 2396 1389 2458 pro
1417 2376 1609 2442 remissione
1637 2381 1844 2458 peccatorum
1872 2378 2079 2460 impetranda
2112 2382 2167 2450 de·

182 2466 279 2532 lenna
301 2469 387 2530 enim
410 2463 560 2547 precibus
581 2464 658 2538 luit,
687 2463 723 2527 in
745 2463 1007 2545 perorationibus
1028 2463 1146 2526 oratio-
1197 2461 1327 2539 innoba
1350 2469 1408 2526 aut
1429 2461 1546 2526 saltem
1573 2481 1633 2542 pro
1660 2467 1771 2543 optate
1799 2467 2048 2546 resurrectione,
2077 2468 2168 2536 leons

181 2573 261 2617 num
293 2552 411 2634 quibus
443 2551 535 2615 divos
562 2548 784 2624 celebrabant,
819 2549 927 2614 minus
956 2548 1148 2631 magnifices
1198 2546 1343 2628 profecto
1365 2553 1436 2612 erat
1456 2553 1717 2629 peropportunus
1747 2546 1799 2612 vel
1828 2549 1962 2616 verbulo
1989 2551 2030 2616 de
2052 2573 2089 2618 eo
2111 2553 2168 2620 ad·

182 2637 267 2702 divis
288 2637 368 2719 ipsis
390 2655 503 2719 preces
525 2636 651 2700 offerre.
695 2633 736 2698 Id
756 2633 841 2718 qnod
862 2643 896 2697 et
917 2631 1004 2715 apud
1021 2631 1148 2716 Grego·
1199 2631 1362 2699 monendi.
1405 2631 1553 2698 Maxime
1575 2652 1674 2713 quum
1704 2631 1737 2696 id
1765 2653 1891 2715 qnoque
1919 2635 1960 2700 ad
1982 2637 2167 2705 institutam

181 2725 268 2788 rium
291 2722 533 2786 Nazianzenum
555 2729 588 2786 et
608 2721 806 2804 Dionysium
835 2719 932 2784 etiarn
956 2715 1067 2784 videre
1088 2726 1147 2795 est,
1199 2716 1399 2790 demortuis
1420 2717 1674 2784 consolationem
1696 2737 1763 2782 non
1789 2717 1863 2784 leve
1884 2731 2086 2790 momentum
2108 2724 2168 2791 ha-

181 2817 218 2873 nt
239 2805 457 2874 Prudentium
479 2815 513 2870 et
532 2806 614 2872 alios
634 2813 809 2871 teceamus.
1199 2801 1331 2868 buisset

267 2894 446 2976 Postquam
478 2893 582 2976 igitur
611 2891 691 2956 haec
723 2909 776 2956 res
811 2910 913 2972 prava
946 2897 1149 2972 posterorum
1285 2889 1423 2954 Interim
1452 2896 1563 2956 antem
1596 2889 1754 2966 fatemur,
1791 2907 1896 2972 neque
1923 2891 1956 2956 id
1984 2893 2081 2974 plane
2108 2916 2168 2979 pro

181 2980 407 3044 immutatione
427 2979 464 3042 in
485 2983 611 3042 tantam
633 2979 764 3042 ruinam
784 2976 916 3058 pietatis
937 2983 972 3040 et
992 2973 1149 3056 multipli·
1200 2973 1304 3038 nihilo
1324 2973 1520 3054 babendum,
1543 2973 1629 3056 quod
1650 2973 1786 3040 ecclesia
1807 2975 1920 3056 primis
1942 2977 2022 3043 adeo
2043 2987 2167 3064 tempo·

181 3066 342 3130 nationem
370 3072 468 3146 atque
494 3065 594 3128 robnr
622 3061 907 3127 manifestissimae
941 3059 1148 3142 anthropole·
1200 3057 1291 3125 ribus
1313 3067 1346 3126 et
1367 3059 1494 3126 saeculo
1507 3058 1710 3136 Tertrdliani,
1733 3059 1912 3127 oblationes
1933 3064 2010 3128 lecit
2028 3087 2088 3147 pro
2111 3065 2167 3132 de·

181 3153 263 3215 trias
290 3152 404 3227 cessit,
440 3157 589 3215 nostrum
617 3147 730 3225 inerit,
757 3154 797 3212 nt
823 3147 879 3228 qui
905 3147 1021 3211 moniti
1050 3145 1149 3210 tantis
1200 3144 1328 3210 innotis.
1372 3145 1485 3228 Neque
1505 3146 1615 3210 forsan
1636 3152 1670 3210 et
1686 3144 1767 3210 illud
1789 3147 2064 3214 contemnendum
2081 3151 2169 3234 quod

181 3236 278 3302 malis
300 3257 427 3314 sumus,
456 3231 612 3318 quidquid
640 3231 681 3296 ad
709 3238 837 3297 tentam
864 3231 1035 3315 religionis
1057 3253 1149 3296 ever·
1199 3237 1251 3296 est
1280 3229 1321 3296 de
1354 3231 1415 3296 hac
1448 3253 1484 3296 re
1516 3231 1551 3296 in
1583 3230 1722 3296 historia
1749 3230 2050 3300 Macchabaeorum.
2100 3235 2168 3304 Sed

182 3323 322 3398 sionem,
350 3321 405 3386 vel
434 3315 677 3398 stabiliendam,
708 3317 765 3382 ubi
790 3339 830 3382 ea
856 3317 964 3384 adhuc
990 3315 1148 3395 subsistit,
1199 3315 1292 3382 iuxta
1312 3316 1476 3382 incertum
1497 3323 1556 3395 est,
1578 3336 1622 3380 an
1643 3315 1778 3382 ecelesia
1799 3317 1901 3384 ritum
1918 3318 2006 3386 hnnc
2027 3341 2095 3387 non
2116 3322 2167 3388 in-

181 3407 234 3472 rel
257 3407 487 3484 renovandam,
509 3403 567 3470 ubi
588 3405 739 3470 submota
758 3413 817 3482 est,
840 3401 907 3468 ullo
924 3411 1018 3487 pacto
1038 3401 1148 3468 valere
1200 3399 1368 3486 dulgentia
1395 3401 1537 3485 quadam
1570 3400 1709 3469 carnalis
1741 3401 1878 3470 affectus
1906 3424 1985 3489 erge
2011 3413 2167 3488 mortuos,

180 3495 292 3576 possit,
315 3492 548 3558 studiosissime
570 3489 738 3556 adversari
759 3489 872 3555 tollere
894 3496 928 3554 et
949 3508 1067 3554 arcere.
1199 3487 1254 3554 rel
1275 3485 1417 3570 quadam
1434 3487 1638 3554 ethnicorum
1655 3485 1837 3554 imitatione
1852 3489 1961 3570 potius
1980 3513 2080 3575 qnam
2101 3501 2167 3559 tre·

1200 3571 1324 3638 ditione
1345 3573 1481 3654 spiritus
1501 3574 1606 3640 sancti
1634 3573 1822 3655 susceperit
1866 3575 1980 3658 Neque
2001 3577 2089 3642 enim
2109 3601 2167 3644 ve·

594 3663 666 3725 Art.
694 3666 740 3724 ll.
1200 3657 1334 3734 ,risimile
1356 3673 1406 3724 est
1427 3659 1580 3740 spiritum
1602 3669 1751 3724 sanctum
1773 3658 1852 3724 adeo
1874 3659 2000 3726 nnllam
2020 3663 2055 3726 in
2078 3665 2167 3729 omui

1199 3743 1360 3824 scriptura
1378 3743 1427 3808 rei
1448 3744 1546 3809 huins
1574 3745 1845 3829 significationem
1873 3745 2028 3810 daturum
2056 3750 2165 3828 fuisse,

267 3797 418 3866 Add⁶b³t
444 3797 485 3864 ³d
514 3799 594 3864 Μ
615 3797 758 3863 Kar⁰h¹⁸
786 3819 821 3863 ⁸⁰
843 3795 970 3861 ”ullum
992 3801 1147 3879 purgat&
1198 3827 1359 3911 siquidem
1388 3830 1531 3895 officinm
1561 3830 1606 3894 sit
1633 3830 1831 3896 christianae
1857 3831 2001 3896 caritatis
2034 3833 2074 3899 ab
2096 3835 2166 3917 ipso

181 3887 269 3952 rium
296 3896 439 3952 statuere
471 3905 571 3968 eoque
605 3903 664 3948 nec
697 3883 857 3948 rationem
890 3881 991 3946 ullam
1023 3881 1147 3946 animas
1199 3912 1365 3980 dictatum·
1401 3913 1538 3981 Constat
1559 3921 1667 3980 autom
1690 3913 1857 3982 eeclesiam
1870 3916 2066 3982 Tertulliani
2084 3925 2166 3986 mm·

181 3973 258 4038 ind⁰
280 3969 449 4038 hbmndi·
1199 4020 1276 4082 pore
1296 3998 1451 4099 pleraque
1472 4001 1665 4099 observasse¹
1689 4001 1725 4064 in
1753 4001 1871 4100 quibus
1892 4003 1998 4100 magis
2020 4003 2165 4072 humane

594 4140 738 4206 ιι
1198 4085 2165 4258 calmisciaco‚accatucci

265 4278 440 4361 proposuit
460 4284 493 4340 et
511 4275 598 4341 idem
615 4274 759 4340 lxm-olus
780 4273 820 4340 do
841 4273 989 4358 prqoibus
1011 4293 1069 4355 pro
1091 4271 1146 4337 de.
1198 4256 1353 4322 damnare
1370 4265 1516 4322 veterem
1533 4256 1711 4334 ecclesiam,
1729 4255 1814 4338 quod
1832 4259 1968 4323 mortuis
1980 4279 2038 4340 per
2049 4259 2163 4328 Ohris·

180 4365 317 4444 functis,
345 4363 462 4446 quibus
489 4361 616 4428 dicebat
645 4361 723 4446 ipsis
744 4383 764 4426 a
786 4361 890 4426 reteri
916 4358 1052 4425 eeclesia
1079 4379 1146 4424 non
1197 4348 1267 4408 tum
1288 4341 1514 4441 ,ffimissfliffifflt
1538 4351 1744 4441 Pfflfflmm
1766 4352 1799 4406 θῑ
1819 4345 2088 4442 Γῆθῦπθθῢξουθιι
2111 4367 2163 4412 ιο·

180 4450 403 4516 remissionem
432 4469 610 4532 poenarum
637 4446 832 4531 purgatorii,
861 4443 918 4510 sed
944 4445 1072 4509 beatam
1094 4463 1146 4508 ro-
1197 4426 1350 4526 lemmitff
1365 4435 1405 4526 ‚fii
1426 4427 1553 4526 1³11th
1574 4433 1699 4507 Ormi,
1720 4434 1754 4492 ei
1774 4437 1925 4525 ⁰⁰1¹{1t0111
1946 4437 2163 4530 eumaem

180 4536 413 4601 surrectionem
441 4533 536 4598 modo
566 4533 744 4616 quaesitam
767 4551 852 4611 esse,
882 4549 1045 4614 quumque
1066 4529 1147 4594 haec
1198 4519 1403 4612 Ρῐθθβῧθωῦ,
1429 4512 1626 4612 (lblstiwssssm
1665 4533 1734 4610 1³1⁰,
1762 4522 1926 4578 fflurlssssifl
1966 4521 2002 4615 θῢΙ
2032 4523 2161 4613 ⁸¹i¹011t0

181 4619 484 4688 omnibusDomino
501 4617 707 4685 credentibus
725 4617 884 4700 promissa
898 4617 942 4681 ait
962 4625 996 4680 et
1013 4635 1146 4699 exspec-
1198 4597 1330 4698 011ῢὸΡο
1351 4597 1483 4697 βὼθῐῑῑ,
1511 4607 1557 4698 ¹¹³}
1579 4619 1637 4664 1¹⁰⁰
1660 4596 1756 4664 h0d10
1777 4619 1970 4698 quemquam
1993 4621 2092 4682 ²1111³¹0
2112 4601 2160 4698 st}-

181 4717 270 4772 tetur
297 4707 403 4772 adhuc
430 4725 490 4768 nos
522 4725 582 4786 pro
610 4703 667 4768 illa
698 4711 732 4768 et
763 4723 822 4785 pro
855 4702 975 4767 nostris
1008 4701 1147 4766 mortuis
1198 4705 1273 4750 ⁰⁰¹⁰*
1292 4681 1480 4782 ludltlffmfflg
1503 4705 1559 4765 (1¹¹¹
1580 4690 1670 4766 0l³tet
1691 4703 1766 4784 ⁸9⁰⁸
1787 4705 1845 4766 9⁰1
1866 4683 2036 4751 Ohrlflium
2057 4683 2161 4749 ἀθω-

179 4812 281 4859 οιιιι.
1198 4789 1279 4835 num
1306 4768 1504 4835 felio1ter1n
1532 4777 1777 4853 regeneratione
1797 4791 1985 4852 resurgere.
2030 4770 2076 4832 At
2103 4767 2160 4834 do-

265 4871 521 4960 Respondimus:
546 4893 605 4939 nos
626 4893 692 4939 non
710 4891 896 4957 repugnare
918 4873 998 4958 quin
1018 4873 1071 4956 pie
1089 4891 1146 4955 op.
1198 4875 1287 4933 cere,
1316 4873 1387 4920 esse
1413 4855 1448 4919 in
1469 4853 1574 4920 effide
1595 4854 1755 4936 caritatis,
1782 4854 1836 4922 vel
1857 4855 2000 4938 publicas
2022 4852 2074 4918 vel
2095 4854 2162 4937 pri·

180 4963 245 5030 tari
265 4969 364 5047 queat
384 4983 403 5026 a
424 4959 534 5036 nobis,
561 4959 690 5043 impleri
713 4961 812 5025 ctiam
833 4958 869 5021 in
892 4957 1052 5024 defunctis
1072 4978 1147 5042 reg.
1198 4947 1292 5006 ratas
1310 4961 1368 5022 pro
1384 4939 1548 5004 defunctis
1565 4960 1675 5023 preces
1692 4941 1872 5017 instituere,
1893 4959 1993 5021 quum
2013 4935 2048 5002 id
2068 4939 2160 5005 nulla

178 5088 277 5095 ..--
340 5085 373 5091 „
1199 5027 1360 5108 scriptura
1382 5024 1482 5102 docet,
1505 5033 1538 5126 et
1560 5027 1656 5126 cessit
1676 5027 1818 5092 ecclesiis
1840 5039 1905 5088 tam
1928 5021 2026 5120 male,
2056 5024 2158 5122 md?

281 5148 330 5216 bl)
346 5146 582 5203 mm
1199 5131 1359 5196 quaquam
1392 5131 1608 5210 agno-ecimus¹
1629 5133 1675 5209 eis
1708 5123 1904 5207 competere,
1943 5127 1998 5190 qui
2030 5119 2159 5176 restrtm

283 5216 330 5286 bt)
347 5224 378 5271 no
394 5216 544 5272 asam
1198 5217 1335 5278 regnum
1365 5193 1489 5260 (ibrtstr
1516 5195 1744 5280 rebgronrsque
1776 5204 1954 5346 puritatess
1981 5193 2161 5276 prudentor
