4804 6012
136 391 193 454 ror
739 393 751 418 ·
1021 387 1253 458 consutas
2078 379 2140 459 tet

130 577 307 661 pacificans
335 597 393 659 per
430 578 625 660 sangninem
665 578 772 642 crucis
806 578 891 658 eius,
933 586 992 644 cte.
1028 577 1114 658 (Col.
1168 597 1240 642 rem
1261 576 1427 660 apostolus
1449 577 1564 644 dextre
1581 587 1712 663 sumpto
1734 578 1795 646 hcc
1816 579 1977 680 principio
1997 581 2038 646 in'
2054 581 2143 665 epis·

134 668 162 740 l,
199 653 265 746 20).
330 662 430 728 Item:
477 663 560 728 Erat
594 662 686 728 Deus
725 663 761 728 in
788 663 921 730 Christo
955 665 1116 730 mundum
1167 661 1234 728 tola
1260 661 1302 727 ad
1329 663 1497 730 Hebraeos
1532 663 1687 748 explieat,
1722 664 1809 749 quod
1835 667 1984 733 remiss1c
2019 667 2143 749 absquo

131 749 194 814 sibi
220 748 443 828 reconcilians,
471 769 538 813 non
564 748 732 831 imputans
763 748 950 824 hominibus
981 757 1116 834 peccata
1166 747 1338 832 sanguinis
1359 749 1517 815 effusione
1538 771 1606 815 non
1628 751 1689 816 fiat
1707 749 1753 834 (t,
1773 755 1839 828 22).
1887 751 1985 819 Unde
2005 752 2141 838 colligit,

133 839 176 918 (2.
205 833 279 900 Cor.
305 835 335 918 5,
364 836 427 918 lu).
475 833 576 900 Item:
611 833 733 900 Gratas
760 855 821 901 noa
854 835 970 903 habuit
1002 836 1039 901 in
1064 835 1114 901 di·
1167 832 1338 900 Christum
1355 835 1392 899 in
1414 835 1622 900 abolitionem
1651 837 1776 919 peccati
1803 858 1987 921 persuum
2016 840 2142 905 sacrifl-

131 920 216 986 leeto
245 920 313 985 lilio
337 919 471 1004 (Ephes.
488 919 571 1005 1,(1).
618 919 722 984 Item:
751 920 799 986 Ut
820 922 932 988 ambos
955 923 990 986 in
1008 943 1113 988 unum
1166 921 1253 986 cium
1274 920 1376 985 semel
1398 921 1597 1006 apparuisse.
1628 922 1714 987 Item
1731 921 1878 993 oblatum
1891 945 1976 1004 csse,
1999 933 2036 990 ut
2052 924 2143 989 mul·'

132 1005 302 1072 hominem
319 1007 544 1072 reconciliaret
565 1004 637 1070 Dec
658 1027 717 1090 per
739 1025 868 1072 crucem
888 1007 1026 1091 (Ibida,
1052 1007 1112 1094 15).
1165 1013 1273 1071 ιοιιιιιι
1296 1005 1426 1071 tolleret
1451 1015 1592 1090 peccata
1637 1007 1778 1073 Dixerat
1806 1016 1916 1075 autem
1938 1010 2046 1094 prius,
2075 1031 2141 1076 non

134 1091 236 1156 Ratio
258 1090 358 1157 huius
379 1091 529 1177 mysterii
546 1111 587 1156 cx
614 1096 639 1156 l.
667 1091 708 1156 ad
730 1092 893 1176 Ephesios
921 1094 1026 1176 capito
1055 1114 1112 1176 pe·
1144 1111 1224 1174 ·per
1250 1093 1445 1176 sanguinem
1473 1093 1655 1178 hircorum,
1682 1101 1740 1158 sut
1768 1093 1974 1176 vitulorum,
1995 1094 2053 1162 sed
2079 1118 2141 1179 per
2201 1133 2203 1140 ·

132 1177 304 1256 tendaest,
323 1177 380 1265 ubi
392 1185 567 1260 postquam
586 1177 839 1257 docuitPaulus,
857 1179 965 1244 nosin
977 1179 1111 1245 Christo
1164 1178 1372 1262 sanguinem,
1401 1180 1570 1262 proprium
1612 1177 1713 1244 semel
1751 1179 1895 1246 intrasse
1937 1182 1972 1246 in
2016 1191 2140 1262 sancto,

131 1264 234 1329 faisse
256 1263 389 1343 electos,
416 1263 514 1328 simul
542 1261 646 1342 addit,
677 1283 738 1329 nos
764 1263 801 1328 in
829 1263 943 1330 ecdem
970 1265 1111 1349 gratiam
1163 1271 1296 1328 aeterna
1323 1263 1545 1346 redemptione
1572 1265 1716 1330 inventa
1766 1265 1840 1331 Iam
1871 1266 1952 1332 dum
1980 1267 2016 1338 in
2049 1267 2139 1335 hunc
2216 1321 2221 1334 .

134 1371 205 1415 csse
237 1348 380 1432 adeptos.
435 1348 608 1430 Quomodo
640 1349 747 1433 eoepit
779 1349 871 1416 Deus
904 1352 1015 1416 favore
1052 1371 1110 1415 suo
1163 1349 1296 1413 modum
1325 1349 1541 1416 ratiocinatur
1572 1349 1670 1426 (Ibid.
1688 1369 1721 1417 v.
1743 1355 1781 1415 13
1800 1351 1897 1436 seq.):
1937 1350 1976 1417 Si
2003 1354 2139 1436 sanguis

133 1434 307 1517 complecti
331 1456 411 1518 quos
439 1443 515 1499 ante
550 1433 718 1499 conditum
748 1435 908 1500 mundum
929 1435 1109 1514 dilexerat,
1162 1434 1285 1500 vitulae
1302 1435 1682 1502 sanctificat'secundum
1699 1437 1807 1503 carnis
1824 1438 2011 1521 puritatem,
2033 1438 2140 1506 multo

133 1521 198 1602 nisi
219 1522 298 1602 qnia
320 1513 463 1586 amorem
491 1541 587 1586 suum
616 1520 862 1600 exseruit,·ubi
883 1519 1111 1588 reconciliatus
1163 1521 1267 1605 magis
1302 1523 1461 1605 sanguine
1491 1519 1616 1588 Chrisu'
1649 1523 1815 1606 purificari
1846 1524 2064 1590 conscientias
2096 1523 2138 1590 ab

134 1613 184 1672 ost
211 1605 338 1672 Christi
371 1605 551 1692 sanguine?
606 1605 692 1672 Nam
725 1607 801 1688 quia
829 1608 923 1672 Deus
954 1609 1028 1678 fons
1061 1615 1112 1673 est
1162 1606 1315 1690 operibus
1326 1608 1476 1686 mortuis,
1494 1605 1588 1674 facile
1605 1619 1697 1690 patet
1713 1609 1812 1673 nimis
1830 1611 2002 1674 extenuari
2014 1608 2141 1676 Christi

134 1693 243 1758 omnis
264 1693 417 1771 iustitiae,
440 1709 574 1758 necesso
595 1699 655 1770 est,
679 1699 717 1756 ut
738 1692 836 1758 homo
858 1693 1014 1775 quamdiu
1036 1713 1110 1777 peo-
1163 1693 1314 1776 gratiam,
1336 1692 1402 1757 nisi
1424 1693 1493 1758 eius
1516 1693 1674 1758 sacrificio
1696 1695 1765 1759 vim
1788 1695 1958 1778 expiandi,
1986 1695 2139 1780 placandi

134 1787 229 1844 ector
251 1787 311 1858 cst,
333 1778 427 1843 illum
442 1778 569 1844 habeat
591 1778 727 1857 hostem,
751 1787 786 1842 et
806 1777 955 1844 iudicem.
999 1777 1111 1860 Quare
1162 1789 1196 1843 et
1228 1777 1448 1844 satisfaciendi
1479 1778 1701 1845 concedimus:
1736 1780 2012 1864 quemadmodum
2039 1782 2139 1865 paulo

133 1863 332 1948 principium
359 1864 479 1930 amoris
506 1872 556 1930 est
584 1864 726 1943 iustitia,
754 1863 860 1946 qualis
886 1887 907 1929 a
927 1865 1034 1930 Paulo
1056 1864 1112 1930 de·
1163 1865 1237 1947 post
1259 1863 1351 1929 addit
1378 1865 1476 1948 (vers.
1503 1865 1571 1946 15):
1604 1864 1768 1930 Mediator
1794 1866 1848 1932 hic
1868 1875 1918 1931 est
1940 1868 2018 1932 novi
2040 1876 2142 1934 tosta-

134 1951 306 2016 scribitur:
329 1951 416 2016 Eum
434 1951 490 2032 qui
503 1958 750 2034 peceatumnon
767 1958 913 2028 noverat,
936 1970 996 2032 pro
1019 1951 1112 2016 nobis
1163 1949 1283 2028 monti,
1322 1959 1359 2014 ut
1391 1959 1496 2014 morte
1533 1950 1774 2016 interveniente
1811 1952 1861 2016 in'
1881 1951 2141 2036 redemptionem

134 2044 305 2120 peccatum
326 2036 416 2116 fecit,
446 2044 483 2100 ut
510 2056 654 2101 essemus
681 2035 807 2099 iustitia
827 2035 894 2100 Dei
914 2037 951 2100 in
972 2036 1044 2120 ipso
1066 2037 1111 2120 (2.
1164 2033 1428 2119 praecedentium
1450 2033 1651 2114 delictrrum,
1674 2057 1757 2120 quac
1778 2037 1957 2102 monebant
1977 2039 2140 2124 sublege,

136 2120 211 2188 Cor.
241 2127 270 2200 5,
296 2121 360 2206 21).
415 2119 590 2206 Significat
621 2121 711 2186 enim
743 2121 918 2204 gratuitam
953 2123 1111 2187 iustitiam
1164 2121 1411 2204 promissionem
1429 2129 1581 2192 aeternae
1599 2121 1809 2188 haereditatis
1827 2122 1989 2206 accipiant
2008 2125 2065 2206 qui
2082 2147 2141 2191 rc·

135 2205 274 2290 adeptos·
297 2207 422 2273 Christi
451 2208 624 2286 sacrificio,
655 2215 693 2270 nt
724 2207 795 2271 De'o
824 2207 1027 2290 placeamus,
1055 2209 1112 2292 qui
1164 2207 1229 2273 cati
1261 2214 1349 2272 sunt.
1407 2207 1609 2272 Praesertim
1642 2227 1721 2272 vero
1760 2207 1946 2291 expendere
1985 2211 2141 2276 convenit

134 2295 259 2358 notura
283 2313 397 2364 sumus
424 2291 484 2359 filii
511 2293 594 2373 irae,
629 2299 663 2357 ot
688 2275 749 2375 pe⁰r
780 2299 953 2376 peccatum
979 2294 1112 2360 alienati
1164 2291 1358 2376 analogiam,
1380 2313 1463 2375 quac
1485 2292 1626 2358 aPaulo
1646 2292 1855 2358 describitur:
1878 2292 1976 2380 qud
1998 2316 2058 2379 pro
2080 2317 2141 2362 nc·

136 2378 272 2464 (Ephes.
293 2383 322 2456 2,
342 2380 386 2462 3).
921 2407 930 2428 ·
1163 2377 1214 2442 bis
1236 2378 1342 2444 factus
1364 2377 1408 2442 sit
1432 2377 1633 2456 maledictio,
1662 2387 1721 2444 ete.
1744 2379 1883 2462 (Cel3,
1906 2381 1979 2465 13),
2015 2379 2172 2464 Super·

222 2463 320 2546 Quod
342 2475 453 2530 actem
476 2485 553 2529 vere
573 2463 728 2530 'Christus
755 2483 816 2530 sua
842 2463 1112 2530 obediontiamo·
1163 2485 1305 2530 vacuum
1322 2464 1420 2542 enim,
1440 2464 1584 2547 adeoque
1601 2464 1779 2556 absurdum
1797 2464 1859 2530 icit
1875 2468 2005 2532 onerari
2024 2465 2141 2533 Chris·

135 2550 186 2616 bis
207 2551 351 2635 gratiam
372 2549 460 2634 apud
487 2547 615 2634 patrem
642 2549 830 2632 acquisierit
857 2571 895 2616 ac
915 2553 1112 2634 promeritus
1164 2558 1235 2615 tum
1256 2549 1493 2629 maledictione,
1517 2550 1580 2615 nisi
1598 2559 1636 2614 ut
1657 2550 1743 2634 quod
1761 2551 1817 2615 alii
1835 2551 1998 2626 debebant
2014 2553 2140 2637 porsol-

136 2637 189 2714 sit,
210 2659 252 2702 ex
273 2637 423 2720 pluribus
445 2638 627 2718 scripturae
649 2635 728 2700 locis
756 2643 846 2701 certo
868 2643 902 2702 et
923 2636 1024 2702 solide
1045 2637 1112 2703 col·
1163 2657 1248 2720 rens
1267 2635 1429 2702 iustitiam
1456 2636 1521 2700 illis
1550 2636 1741 2720 acquireret.
1796 2636 1932 2702 Clarum
1951 2637 2140 2726 'estetiam

135 2722 257 2806 ligitur.
291 2723 387 2800 Nam,
410 2731 494 2787 testo
514 2720 629 2800 Paulo,
652 2722 853 2788 reconciliati
874 2743 987 2788 sumus
1010 2729 1044 2787 et
1059 2744 1112 2788 rc·
1163 2721 1271 2787 Isaiae
1291 2721 1517 2786 testimenium
1535 2722 1605 2806 (53,
1625 2729 1653 2806 4,
1668 2723 1717 2805 5):
1741 2721 1836 2803 Quod
1858 2722 2028 2806 castigatio
2049 2725 2141 2808 pacis

136 2803 398 2874 conciliationem
426 2809 610 2891 accepimus
642 2826 703 2890 per
729 2807 800 2871 eius
832 2817 971 2873 mortem
1000 2808 1110 2892 (Rom.
1164 2814 1294 2873 nostrae
1317 2806 1450 2872 Christo
1475 2807 1630 2890 imposita
1653 2809 1729 2886 suit,
1754 2815 1793 2872 et
1818 2808 1921 2875 livore
1950 2809 2022 2875 cius
2044 2810 2140 2877 nobis
2227 2840 2231 2851 ·

137 2894 252 2976 5,10).
297 2895 400 2977 Atqui
426 2892 645 2960 reconciliatio
672 2893 780 2958 locum
806 2915 872 2959 ncn
902 2893 1018 2972 habet,
1048 2895 1112 2960 nisi
1165 2891 1282 2977 obtigit
1302 2894 1437 2958 sanitas.
1488 2893 1561 2958 Nisi
1583 2894 1671 2968 enim
1694 2893 1903 2960 satisfecisset
1919 2915 1977 2977 pro
1999 2897 2142 2978 peccatis

136 2980 191 3046 ubi
213 2979 351 3045 offensio
372 2979 558 3063 praecessit.
591 2977 719 3044 Sensus
736 2999 815 3062 ergo
833 2979 1036 3070 est,·Dcum,
1059 2981 1112 3046 eui
1164 2980 1285 3044 nostris
1298 2977 1548 3058 Christus-non
1565 2977 1729 3046 diceretur
1739 2979 1884 3062 placasse
1895 2981 2004 3046 Deum
2022 3001 2139 3064 poena,

136 3075 273 3149 propter
294 3073 464 3148 peceatum
486 3086 617 3130 eramus
636 3065 735 3144 exosi,
758 3074 864 3130 morto
888 3065 948 3130 filii
972 3067 1024 3131 sni
1042 3065 1111 3150 pla·
1165 3065 1218 3131 cui
1241 3085 1370 3130 eramus
1391 3064 1540 3140 obnoxii,
1568 3065 1604 3129 in
1632 3085 1668 3130 se
1694 3075 1834 3149 recepta.
1880 3065 1941 3132 Cui
1963 3067 2140 3150 respondet

138 3163 247 3216 catum
269 3152 385 3234 fuisse,
412 3164 452 3216 ut
473 3151 568 3218 nobis
589 3151 633 3215 sit
653 3151 823 3234 propitius.
867 3153 918 3236 Ac
940 3149 1113 3236 diligenter
1164 3150 1251 3234 quod
1280 3149 1413 3215 ibidem·
1434 3150 1600 3234 sequitur:
1625 3151 1766 3235 Propter
1798 3151 1904 3218 scelus
1931 3153 2042 3235 populi
2074 3154 2142 3220 moi
2188 3183 2195 3200 ·

138 3235 283 3302 notanda
312 3245 364 3302 est
393 3257 477 3320 quae
510 3235 606 3320 paule
637 3243 712 3320 post
743 3238 891 3319 sequitur
923 3236 1111 3304 antithesis:
1164 3237 1311 3322 percussi
1333 3257 1409 3301 eum
1431 3237 1529 3323 (vers.
1552 3238 1597 3315 8).
1641 3235 1778 3303 Accedit
1800 3238 1900 3302 otiam
1922 3238 2015 3303 Petri
2036 3239 2141 3305 intor-

138 3320 233 3389 Sieut
253 3343 312 3406 per
338 3323 635 3406 transgressionem
660 3322 768 3406 unius,
785 3329 972 3407 peccatores
993 3325 1112 3390 consti·
1164 3324 1311 3406 pretatio,
1333 3343 1415 3406 quae
1438 3322 1523 3387 nihil
1541 3323 1733 3406 ambiguum
1750 3323 1926 3407 relinquet:
1950 3322 2047 3405 ond
2064 3347 2140 3408 pce·

137 3411 200 3473 tuti
212 3417 291 3474 sunt
308 3409 413 3488 multi,
436 3410 483 3473 sic
499 3430 559 3492 ρει·
577 3407 796 3472 obedientiam
814 3409 894 3472 iusti
911 3409 1112 3474 constituen·
1165 3416 1237 3476 cata
1254 3408 1438 3492 portaverit
1454 3428 1553 3491 super
1569 3408 1698 3493 lignum
1718 3411 1762 3491 (1.
1781 3409 1870 3474 Patr.
1890 3413 1918 3486 2,
1939 3409 2004 3510 24).
2045 3409 2141 3477 Onus

139 3507 192 3559 tur
214 3495 314 3579 (Ibid.
335 3517 365 3561 vr
387 3496 450 3577 19).
486 3493 612 3560 Sensus
634 3495 722 3559 enim
746 3503 804 3572 est,
827 3495 911 3560 sicut
927 3493 1021 3560 Adae
1038 3515 1112 3578 pec-
1164 3495 1253 3560 enim
1274 3494 1587 3577 damnationisque
1609 3494 1709 3559 levati
1732 3515 1854 3572 sumus,
1878 3494 1956 3560 dicit
1976 3493 2140 3562 mChris·

137 3587 209 3646 cato
227 3581 359 3646 alienati
378 3581 481 3646 aDeo
499 3601 621 3659 srrmus,
644 3589 678 3645 et
696 3579 851 3644 destinati
869 3578 911 3645 ad
930 3580 1111 3660 interitum,
1165 3587 1237 3644 tum
1260 3599 1331 3644 esse
1353 3581 1519 3646 reiectum.
1556 3579 1626 3646 Nec
1647 3581 1782 3646 obscure
1803 3582 2024 3664 pronunciant
2044 3603 2140 3665 apos·

136 3667 186 3731 ita
213 3665 341 3733 Christi
368 3665 551 3748 obedientia
579 3687 639 3732 nos
667 3667 703 3730 in
729 3665 874 3732 favorem
909 3661 1010 3749 recip'i
1038 3675 1112 3732 tan·
1165 3665 1224 3729 toli
1246 3666 1387 3748 pretium
1409 3666 1560 3745 solvisse,
1591 3687 1655 3749 que
1677 3687 1736 3734 nos
1758 3687 1778 3731 a
1799 3674 1892 3731 reatu
1914 3667 2029 3731 mortis
2052 3665 2139 3735 redi-

137 3773 235 3836 quam
257 3753 369 3819 iustos.
419 3752 488 3818 Noc
515 3753 663 3816 futurum
693 3752 784 3817 verbi
806 3761 937 3834 tempus
958 3772 1112 3834 praesen·
1164 3759 1277 3816 meret
1322 3750 1498 3818 Iustificati
1525 3751 1634 3835 gratia
1660 3752 1764 3834 ipsius
1792 3772 1864 3834 per·
1877 3750 2138 3835 redemptionem

137 3847 204 3904 tom
226 3840 387 3904 iustitiam
409 3835 569 3916 excludit,
598 3837 764 3902 sicuti·ex
787 3847 942 3902 contextu
967 3845 1111 3920 apparet
1164 3856 1248 3920 quae
1274 3843 1325 3901 est
1351 3837 1387 3900 in
1416 3836 1564 3915 Christo,
1593 3857 1689 3921 quem
1716 3835 1824 3920 posuit
1845 3838 1938 3902 Deus
1966 3839 2139 3922 ἱλαστήριον

137 3923 223 3990 Nam
245 3935 279 3989 ot
296 3927 387 4008 prius
405 3923 534 3989 dixerat
550 3921 685 4006 χάρισμα
703 3944 744 3988 ex
765 3923 877 3988 multis
895 3923 1022 3988 delictis
1040 3945 1112 3989 esse
1164 3942 1224 4005 per
1245 3920 1344 3987 fidem
1366 3943 1449 4005 quae
1478 3931 1528 3988 est
1552 3923 1587 3988 in
1615 3923 1776 4006 sanguine
1797 3923 1867 3987 eius
1890 3923 2001 4007 (Rom.
2021 3928 2050 4004 3,
2070 3927 2137 4011 25).

137 4011 172 4074 in
188 4011 463 4076 iustificationem.
498 4009 682 4087 Caeterum,
704 4009 805 4092 quum
827 4008 970 4076 diximus
989 4008 1112 4075 Christi
1165 4007 1318 4073 Gratiam
1345 4008 1409 4072 Dei
1435 4009 1469 4072 in
1497 4008 1559 4072 hoe
1588 4007 1795 4073 commendat
1815 4008 1954 4088 Paulus,
1983 4010 2060 4093 quis
2086 4034 2140 4078 ro-

137 4098 254 4161 mcrito
276 4105 405 4179 partam
426 4095 519 4160 nobis
541 4115 612 4160 csso
633 4097 784 4178 gratiam,
802 4095 864 4161 hoe
885 4095 1111 4178 intelligimus,
1164 4093 1361 4177 demptionis
1382 4095 1522 4176 pretium
1545 4093 1635 4159 dedit
1655 4094 1691 4158 in
1714 4092 1839 4158 Christi
1859 4100 1974 4160 morte.
2009 4096 2140 4165 Deinde

137 4183 299 4266 sanguine
320 4183 390 4248 eius
410 4201 471 4246 nos
491 4181 592 4246 fuisse
612 4179 799 4260 mundatos,
827 4187 862 4245 ct
882 4182 952 4246 cius
973 4189 1113 4246 mortem
1163 4180 1256 4246 iubet
1277 4200 1337 4245 nos
1354 4180 1527 4264 confugero
1546 4179 1587 4244 ed
1604 4179 1676 4244 eius
1693 4179 1896 4263 sanguinem,
1918 4187 1958 4244 ut
1977 4181 2141 4250 iustitiam

137 4269 357 4351 expiationem
378 4269 478 4332 fuisso
495 4287 555 4349 pro
575 4267 731 4350 pcccatis:
755 4267 891 4352 sanguis
908 4268 979 4332 cius
996 4287 1112 4332 emun-
1165 4266 1275 4350 adepti
1296 4285 1405 4330 coram
1422 4264 1487 4330 Dci
1507 4264 1628 4332 iudicio
1651 4274 1783 4330 stemus.
1827 4264 1922 4330 Idem
1939 4265 2029 4332 valet
2048 4269 2139 4350 istud

137 4353 193 4418 dat
213 4373 276 4418 nos
298 4375 318 4418 a
338 4360 470 4436 peccato
495 4358 537 4436 (1.
558 4353 721 4432 Ioanni,
740 4351 784 4436 1).
827 4353 893 4419 Ηὶε
910 4353 1044 4436 sanguis
1062 4361 1114 4418 est
1164 4353 1271 4418 Petri:
1305 4351 1480 4434 Redempti
1502 4373 1570 4416 non
1592 4371 1671 4415 auro
1689 4359 1722 4416 et
1742 4359 1888 4434 argento,
1912 4351 1970 4416 sed
1992 4353 2137 4436 pretioso

138 4441 191 4522 qui
213 4437 396 4504 effunditur
415 4439 452 4502 in
479 4438 706 4504 remissionem
729 4447 945 4522 peecatorum.
989 4437 1029 4503 si
1058 4438 1112 4504 hic
1164 4438 1323 4522 sanguine
1346 4437 1423 4521 agni
1444 4435 1645 4502 immaculati
1665 4435 1679 4518 (
1687 4441 1709 4500 1.
1728 4435 1818 4502 Ρειι.
1840 4441 1866 4516 1,
1891 4441 1938 4502 18.
1961 4439 2024 4522 19).
2068 4439 2137 4506 Νε-

138 4526 275 4591 ε11εειιιε
297 4535 348 4590 εει
369 4525 432 4590 insi
454 4523 641 4608 sanguinis,
671 4533 707 4588 ut
736 4544 802 4588 non
824 4525 1030 4608 imputentur
1051 4544 1112 4588 no·
1166 4544 1229 4606 que
1256 4525 1344 4587 enim
1371 4529 1567 4606 congrueret
1593 4521 1782 4601 antithesis,
1817 4523 1881 4588 nisi
1908 4543 1966 4605 pro
1995 4527 2138 4608 pcccatis

137 4610 187 4676 bis
208 4617 359 4696 peccata,
388 4611 536 4692 sequitur
557 4631 595 4674 co
618 4610 722 4692 pretio
744 4609 947 4675 satisfactum
969 4631 1040 4674 csso
1062 4611 1111 4674 iu·
1165 4609 1368 4674 satisfactum
1395 4615 1482 4672 essct
1510 4609 1570 4672 hcc
1591 4609 1703 4691 pretio.
1754 4605 1830 4688 Qua
1856 4609 1983 4674 ratione
2010 4610 2137 4677 Paulus

138 4695 221 4763 dicio
233 4697 307 4762 Dei,
342 4695 418 4777 Quo
439 4695 582 4779 pertinet
602 4693 683 4760 illud
695 4695 879 4777 Baptistae:
901 4695 988 4780 Eece
1006 4715 1112 4778 agnus
1164 4693 1243 4760 dicit
1264 4715 1324 4759 nos
1345 4694 1485 4777 pretiose
1503 4700 1630 4777 emptos
1648 4715 1720 4760 esse
1742 4694 1788 4778 (1.
1807 4692 1882 4759 Cor.
1902 4699 1931 4774 6,
1950 4698 2016 4780 20).
2059 4697 2137 4763 Non

137 4779 200 4848 Dei
223 4783 279 4866 qui
304 4781 392 4846 tollit
411 4789 544 4864 peccata
569 4780 684 4846 mundi
713 4780 840 4860 (Ioann.
863 4785 889 4858 1,
909 4779 973 4866 29).
1024 4781 1112 4846 Nem
1164 4787 1266 4845 staret
1294 4779 1393 4844 etiam
1421 4779 1562 4844 alterum
1589 4780 1688 4845 Pauli
1715 4779 1839 4844 dictum
1866 4779 1910 4862 (l.
1930 4781 2014 4846 Tim.
2034 4785 2062 4862 2,
2083 4783 2134 4866 5):

138 4869 290 4934 omnibns
311 4868 394 4952 legis
416 4868 583 4933 sacrifieiis
607 4865 776 4933 Christum
804 4866 955 4950 opponit,
984 4873 1022 4930 ut
1049 4865 1111 4930 im·
1164 4865 1259 4932 Unus
1281 4864 1449 4944 mediator,
1472 4865 1527 4948 qui
1549 4887 1584 4931 se
1606 4865 1697 4931 dedit
1717 4865 1897 4952 ἀντίλυτρον,
1927 4865 1991 4930 nisi
2015 4867 2136 4933 reiecta

137 4951 263 5036 pletum
285 4955 322 5019 in
342 4975 380 5018 ec
399 4953 468 5018 solo
496 4953 622 5033 doceat,
651 4951 737 5036 quod
762 4953 889 5035 figurae
915 4951 992 5016 illae
1017 4971 1111 5017 mon·
1163 4953 1198 5016 in
1226 4971 1302 5016 eum
1332 4959 1419 5018 osset
1445 4971 1566 5034 poena,
1604 4971 1702 5034 quam
1716 4953 1838 5016 'meriti
1866 4971 2004 5016 eramus.
2055 4952 2136 5021 ideo

139 5045 296 5105 strarant.
341 5038 471 5106 Scimus
493 5047 604 5104 autem
626 5038 711 5122 quod
732 5039 853 5122 passim
876 5036 963 5102 dicat
984 5038 1109 5102 Moses:
1162 5037 1288 5103 Paulus
1316 5035 1575 5121 redemptionem
1604 5039 1639 5102 in
1669 5039 1828 5121 sanguine
1857 5035 1983 5102 Christi
2020 5035 2136 5106 definit

139 5124 336 5208 Expiabitur
356 5125 519 5208 iniquitas,
541 5136 711 5208 peceatum
733 5123 893 5190 delebitur
909 5143 947 5189 ac
964 5123 1111 5188 remitto-
1162 5123 1388 5188 remissionem
1410 5131 1617 5206 peccatorum
1640 5123 1725 5208 (Col.
1748 5127 1774 5201 l,
1797 5123 1867 5206 11);
1898 5141 1935 5188 ac
1962 5123 1990 5188 si
2012 5121 2137 5192 diceret

139 5217 202 5276 tur.
244 5210 398 5295 Denique
418 5211 453 5276 in
475 5209 641 5276 veteribus
669 5211 783 5294 liguris
804 5211 928 5295 optime
947 5209 1111 5288 doeemur,
1162 5209 1333 5274 iustificari
1355 5229 1422 5286 nos,
1445 5208 1499 5274 vel
1520 5210 1645 5276 absolvi
1666 5227 1776 5274 coram
1797 5209 1880 5286 Deo,
1902 5207 1980 5290 quia
2000 5213 2137 5295 sanguis

139 5315 223 5378 qnae
251 5297 296 5362 sit
322 5297 436 5364 mortis
463 5295 590 5364 Christi
618 5296 668 5362 vis
692 5303 726 5361 et
752 5297 906 5365 efficacia.
955 5296 1002 5360 Et
1022 5293 1110 5362 hanc
1162 5295 1217 5360 illo
1238 5294 1274 5360 in
1296 5294 1552 5361 satisfactionem
1569 5291 1753 5378 respondet
1799 5292 1863 5359 Cui
1885 5301 1918 5360 ct
1938 5293 2022 5361 alter
2042 5295 2137 5364 locus

245 5396 356 5454 Cclrim
369 5415 461 5469 opero.
501 5399 559 5455 Vol.
575 5397 612 5452 X.
1896 5397 1928 5448 11
