4852 6022
262 324 326 390 ιιι
1089 315 1351 386 nPIS'ronan
1378 320 1435 381 194
2195 317 2261 380 424

259 509 318 575 uix
336 525 372 563 su
450 507 711 578 plumbinaria.
731 507 795 562 eod.
815 503 1046 589 loetaletq-
1066 507 1235 589 hliqexem·
1287 505 1315 570 si
1337 503 1450 568 fallere
1472 505 1649 588 contingat,
1671 503 1738 568 iam
1760 524 1835 568 sum
1855 503 2027 570 liberatus:
2049 502 2149 568 fidem
2172 503 2261 568 enim

260 577 352 700 gfff·
367 577 405 630 ¹¹⁸
439 577 536 632 sibid.
554 575 803 638 eod.111‚fol.20.
821 606 855 614 -
873 577 980 630 Bm
997 594 1027 630 ¹²²
1044 577 1154 630 Archo.
1167 577 1237 644 El’l'·
1287 609 1396 653 meam
1417 589 1549 654 nonnisi
1571 590 1631 654 sub
1653 588 1837 656 conditione
1858 589 1907 654 illi
1930 589 2082 673 obligavi.

320 685 325 696 .
350 661 378 716 p.
396 644 456 713 ala,
480 653 509 699 at
527 646 617 699 Parioi
636 663 679 714 ap.
697 645 804 698 Simler.
822 645 884 698 Vel.
901 643 945 698 47.
962 673 996 683 -
1015 643 1129 714 Anglioe
1147 645 1236 698 edide-
1373 675 1414 739 In
1436 675 1655 740 Alexandrum
1675 675 1741 740 iam
1763 695 1838 740 sum
1859 675 1989 759 ogmgie
2009 676 2200 753 immotus,
2222 681 2263 739 ut

532 721 596 767 runt
613 713 688 768 s-O.
723 713 799 768 Tem.
815 713 836 766 1.
854 730 881 782 p.
901 712 971 778 133.)
1366 761 1372 773 ,
1619 761 1625 775 ,
1788 762 1795 776 ,
1965 761 1972 774 ,
2090 761 2124 774 ,,
2235 761 2242 773 ,

1288 781 1409 844 poesim
1432 781 1517 837 eum,
1539 773 1664 844 quoties
1685 770 1821 837 venerit,
1843 781 1902 844 pro
1924 782 1991 825 aurs
2018 770 2145 825 mentis
2171 780 2262 824 exor-

349 866 485 952 Optime
511 867 604 932 fratri
632 887 704 932 meo
725 865 857 933 Narelle
884 867 1114 933 Neeeemensis
1136 865 1237 932 ecole-
1288 866 1375 928 Ρθΐθ·
1419 847 1465 912 El
1485 847 1560 930 Pl¹¹⁸
1581 845 1735 929 P⁰ssd0¹⁸i³
1757 845 1881 912 h⁸b⁰b⁰
1903 847 1937 910 in
1958 847 2017 910 5¹1²
2038 867 2154 921 effla»
2183 847 2264 929 (111ῑὸ

263 953 333 1020 3530
353 953 505 1019 minimo
526 951 722 1018 fidelissimo·
739 955 765 1034 ι)
1289 953 1355 996 non
1377 931 1510 998 videbor
1531 953 1641 996 meum
1669 932 1838 1016 negotium
1865 953 1970 1016 agere.
2016 932 2104 996 Audi
2131 933 2263 1016 insigne

1287 1015 1507 1100 impudentiae
1529 1017 1723 1101 exemplum.
1757 1019 1869 1082 Ausus
1890 1027 1941 1082 est
1962 1018 2095 1082 demum
2112 1027 2261 1083 nostram

349 1106 519 1190 Ignoscas,
549 1106 650 1184 irater
671 1105 881 1185 suavissime,
911 1105 996 1188 qnod
1025 1105 1108 1174 nihil
1136 1103 1177 1169 ad
1202 1113 1237 1168 te
1288 1102 1390 1167 semel
1417 1103 1564 1188 ingredi,
1598 1125 1662 1186 quo
1691 1124 1725 1168 se
1752 1103 1835 1166 mihi
1863 1111 2028 1186 uteunque
2061 1102 2260 1168 obtruderet

263 1192 450 1274 scripserim
473 1197 546 1274 post
567 1191 771 1256 turbulentae
787 1191 862 1256 illas
882 1191 1002 1268 literas,
1026 1211 1105 1274 quas
1123 1211 1236 1255 recens
1288 1186 1402 1268 Quum
1422 1189 1505 1254 forte
1522 1188 1759 1254 descendissem
1771 1189 1804 1252 iu
1823 1187 2071 1272 hypocaustum,
2094 1188 2162 1253 illic
2185 1211 2261 1254 eum

263 1276 370 1344 adhue
393 1278 540 1359 aprime
561 1277 783 1342 fervorebilis
804 1277 885 1340 mihi
906 1284 1120 1360 expresserat.
1161 1274 1237 1339 Non
1287 1271 1487 1357 deprehendi
1508 1295 1584 1339 oum
1601 1271 1794 1340 domesticis.
1840 1273 2008 1340 Salrrtavit
2027 1275 2209 1352 ambitiose,
2228 1283 2261 1340 et

264 1363 345 1428 satis
366 1369 463 1426 teneo
485 1361 564 1444 quid
586 1363 782 1444 scripserim.
828 1359 903 1428 Seio
933 1371 1042 1427 tamen
1064 1382 1132 1426 nen
1153 1362 1236 1426 bene
1287 1380 1322 1424 se
1342 1359 1384 1424 ad
1406 1381 1589 1425 sermenem
1611 1369 1707 1443 geste
1729 1359 1893 1424 offerebat.
1938 1361 2010 1444 Ege
2031 1381 2138 1443 neque
2154 1361 2261 1425 salute

262 1447 347 1513 mibi
369 1455 582 1529 temperasse:
605 1449 681 1530 quia
703 1448 765 1512 hoc
786 1447 932 1512 restabat
961 1450 1092 1512 unicum
1115 1446 1236 1511 doloris
1287 1466 1391 1528 neque
1412 1455 1545 1528 aspectu
1567 1466 1640 1509 sum
1659 1444 1827 1528 dignatus:
1851 1453 1978 1510 tantum
2010 1447 2122 1510 vocavi
2144 1445 2261 1511 adme

263 1533 425 1609 solatiam,
444 1542 549 1598 tecum
569 1533 787 1616 expostulare,
805 1533 890 1616 quod
902 1535 1004 1597 nimia
1014 1547 1071 1598 tua
1081 1532 1235 1598 facilitate
1287 1553 1389 1596 unum
1407 1532 1460 1596 oui
1482 1530 1638 1596 mandavi
1656 1539 1694 1595 ut
1711 1531 1839 1595 iuberet
1860 1531 2031 1597 excedere:
2055 1531 2153 1596 aedes
2171 1532 2259 1596 enim

262 1618 344 1684 tales
369 1618 534 1684 molestias
562 1619 645 1683 mihi
675 1639 825 1684 creasses.
874 1619 971 1684 Nune
997 1618 1099 1702 longa
1121 1617 1235 1700 depre-
1287 1627 1416 1682 uestras
1431 1638 1510 1688 ,uon
1539 1627 1649 1700 patere
1677 1617 1717 1680 iis
1745 1619 1800 1699 qui
1829 1616 1869 1680 ab
1896 1615 2031 1682 ecelesia
2060 1617 2124 1682 Dei
2150 1625 2260 1682 essent

264 1704 389 1768 catione
401 1723 536 1769 excusas
549 1704 634 1787 quod
645 1705 679 1768 in
702 1713 735 1768 te
748 1704 1036 1788 reprehendebam.
1073 1702 1234 1784 Quamvis
1287 1704 1506 1766 exterminati.
1541 1703 1594 1766 Ex
1616 1723 1653 1768 eo
1676 1723 1741 1766 non
1761 1723 1860 1768 ausus
1880 1709 1930 1768 est
1940 1723 1975 1768 se
1985 1703 2066 1767 mihi
2078 1702 2259 1768 ostendere.

263 1789 353 1856 enim
372 1786 544 1854 defendere
566 1789 697 1855 studeas
719 1789 804 1871 quod
819 1789 943 1873 egisti,
973 1810 1103 1854 summa
1124 1797 1234 1853 tamen
1286 1788 1383 1852 Nunc
1406 1789 1524 1866 veniat,
1547 1810 1611 1852 non
1634 1787 1775 1872 reperiet
1796 1809 1849 1852 me
1870 1790 2076 1870 imparatum.
2122 1785 2260 1853 Ridebis

264 1873 461 1940 defensionis
483 1877 519 1939 in
541 1873 741 1958 deprecando
762 1876 866 1957 posita
888 1885 945 1940 est.
990 1875 1133 1940 Posthac
1157 1894 1235 1957 erge
1287 1875 1385 1938 etiam
1425 1875 1453 1939 si
1489 1871 1630 1937 audieris
1677 1873 1817 1956 qualiter
1859 1895 1924 1938 una
1963 1875 2101 1939 lectione
2140 1873 2261 1938 Bucari

262 1959 338 2024 vide
361 1968 398 2024 ut
419 1959 552 2024 modum
570 1961 761 2026 elementiae
781 1960 945 2040 adhibeas,
964 1981 1006 2024 ne
1024 1961 1102 2043 quid
1120 1960 1236 2024 afferat
1286 1967 1436 2042 acceptus
1457 1959 1500 2024 sit
1524 1957 1666 2024 Carolus.
1711 1960 1887 2024 Tractabat
1914 1959 2020 2025 locum
2049 1959 2090 2024 de
2118 1959 2260 2042 pecude

263 2044 335 2111 aliis
357 2045 556 2127 praeiudicii.
602 2047 693 2110 Nihil
715 2067 827 2111 eorum
852 2067 934 2129 quae
962 2047 998 2110 in
1020 2059 1078 2110 tua
1099 2045 1236 2129 epistola
1286 2045 1445 2128 propheta
1466 2041 1647 2126 lapidando.
1684 2043 1795 2124 Quum
1809 2045 2260 2127 definiendusessetpseudo-

262 2151 414 2196 recenses
448 2133 668 2212 praetermisi,
706 2153 806 2214 quum
839 2131 946 2197 dicere
979 2133 1087 2196 iussus
1119 2151 1233 2196 essem.
1286 2131 1459 2214 propheta,
1486 2130 1570 2192 dixit
1597 2137 1671 2193 eum
1699 2151 1785 2209 esse,
1812 2152 1878 2194 non
1907 2131 1962 2213 qui
1984 2129 2104 2212 aliquid
2128 2141 2263 2213 praeter

263 2213 356 2296 Quin
383 2217 494 2281 omnia
529 2217 599 2282 eius
633 2218 776 2282 facinora
813 2217 986 2301 diligenter
1018 2224 1234 2300 persequutus
1286 2215 1423 2281 verbum
1445 2216 1509 2280 Dei
1531 2213 1667 2291 doceret,
1691 2215 1748 2280 sed
1770 2217 1827 2298 qui
1845 2215 1995 2299 dogmata
2012 2216 2261 2281 excitaretoum

263 2323 354 2379 sum,
383 2321 466 2383 quae
494 2311 527 2366 et
556 2301 711 2368 Genevae
739 2311 773 2367 et
794 2303 990 2368 Lausannae
1013 2313 1046 2366 et
1066 2303 1103 2366 in
1125 2301 1236 2368 Gallia
1286 2303 1385 2367 verbo
1405 2301 1470 2366 Dei
1491 2302 1681 2385 pugnantia.
1716 2302 1914 2384 Exemplum
1932 2300 2058 2366 addidit
2080 2301 2120 2366 de
2142 2303 2183 2365 iis
2204 2301 2262 2384 qui

262 2407 389 2469 quoque
411 2396 486 2468 pest
506 2408 602 2452 suum
625 2387 749 2453 abitum
758 2388 787 2468 2)
810 2386 1008 2472 designavit:
1038 2389 1095 2452 sed
1125 2397 1235 2470 postea
1286 2388 1394 2454 locum
1427 2387 1568 2468 aliquem
1600 2386 1890 2452 comminiscuntur
1917 2388 1952 2451 in
1980 2407 2043 2470 que
2077 2381 2264 2470 purgentur

262 2471 530 2538 introducebatur
558 2495 596 2538 ac
623 2494 683 2557 pro
716 2473 849 2538 arbitrio
882 2474 947 2539 alia
983 2472 1141 2550 diluebat,
1171 2473 1236 2537 alia
1287 2475 1429 2551 animae,
1462 2493 1499 2538 ac
1531 2471 1659 2536 futilem
1687 2472 1818 2554 quidem
1853 2494 1922 2538 esse
1951 2472 2044 2537 illam
2077 2472 2261 2538 doctrinam

263 2555 421 2635 elevebat,
444 2557 508 2622 alia
529 2559 767 2625 reoriminando
789 2560 825 2624 in
842 2581 900 2624 nos
919 2560 1143 2624 transferebat.
1179 2559 1235 2622 Me
1286 2559 1523 2642 pronunciavit,
1547 2557 1603 2622 sed
1625 2558 1719 2623 euius
1741 2578 1837 2623 causa
1853 2578 1920 2622 nen
1932 2557 2106 2623 debeamus
2117 2557 2260 2640 aliquem

262 2641 313 2706 illi
335 2643 536 2708 committere
558 2666 623 2708 non
647 2643 819 2723 audebant,
842 2645 995 2710 neultra
1022 2643 1155 2709 modum
1178 2665 1234 2708 ex·
1287 2645 1456 2709 damnare:
1490 2641 1587 2707 medo
1622 2645 1669 2708 sio
1704 2665 1774 2708 eam
1804 2644 1995 2728 profiteatur
2022 2653 2061 2708 ut
2088 2643 2124 2707 in
2151 2643 2260 2708 medie

263 2727 441 2793 acerbarer.
476 2729 720 2813 Responsiones
735 2751 863 2814 queque
879 2731 949 2795 eins
966 2731 1021 2794 vel
1032 2730 1234 2814 mitigabant,
1286 2730 1458 2813 relinquat.
1508 2730 1555 2794 At
1582 2749 1655 2792 eum
1688 2729 1745 2811 qui
1774 2730 1924 2794 adiuvari
1954 2728 2106 2814 precibus
2139 2731 2260 2794 nestris

262 2812 317 2878 vel
338 2813 543 2879 subticebant
563 2816 599 2880 in
628 2824 743 2880 totum.
788 2814 845 2882 Sic
875 2816 985 2882 elusus
1012 2823 1082 2881 tota
1109 2816 1235 2882 actione
1286 2825 1431 2880 mortuos
1460 2813 1561 2892 dieat,
1590 2833 1657 2880 nen
1684 2815 1841 2879 vanitatis
1868 2815 1963 2880 modo
1992 2813 2049 2880 sed
2080 2815 2259 2898 impietatis

262 2897 320 2964 fui.
363 2897 526 2982 Id,quum
547 2901 641 2966 initio
658 2901 892 2984 praeviderem,
914 2908 1052 2968 testatus
1069 2922 1159 2966 eram
1181 2921 1234 2964 me
1287 2899 1509 2966 damnandum
1535 2919 1616 2963 esse.
1667 2897 1777 2978 Quum
1807 2901 1887 2966 haec
1916 2899 2051 2978 diceret,
2086 2923 2176 2966 nunc
2206 2921 2259 2965 me

261 2983 348 3048 nihil
369 2983 490 3050 habere
512 2985 597 3051 velle
618 2987 689 3066 loei,
712 3008 818 3070 neque
838 2988 874 3052 in
896 2985 1106 3070 repudiando,
1129 3005 1235 3069 neque
1286 2987 1484 3064 intuebatur,
1503 2985 1644 3049 nuncin
1664 2985 1810 3051 bbrclem
1826 2985 1936 3052 oculos
1955 2986 2127 3070 dirigebat.
2162 2985 2259 3052 Nune

261 3069 297 3134 in
320 3069 536 3152 approbando.
582 3072 658 3137 Non
680 3073 768 3138 enim
790 3073 880 3138 aliud
901 3073 1057 3157 agebatur
1077 3093 1176 3156 quam
1193 3091 1235 3136 ne
1286 3074 1363 3156 quia
1384 3092 1458 3137 cum
1480 3071 1551 3154 ipso
1573 3072 1808 3156 transegimus,
1836 3071 1945 3137 meda
1963 3079 2013 3136 est
2034 3091 2135 3154 opera
2155 3093 2198 3136 ne
2221 3071 2260 3136 de

262 3155 458 3222 abiiceretur
487 3175 507 3218 a
535 3158 629 3224 nobis
657 3159 714 3241 qui
741 3157 798 3224 abs
825 3167 857 3225 te
884 3160 950 3224 iam
977 3167 1128 3241 receptus
1156 3166 1234 3223 erat.
1286 3166 1397 3223 nostra
1429 3164 1486 3221 aut
1521 3157 1704 3222 constantia
1737 3165 1795 3222 aut
1833 3157 2019 3224 sinceritate
2059 3158 2151 3240 queri
2189 3159 2260 3222 iure

260 3240 373 3324 Negas
395 3247 429 3306 te
451 3241 620 3308 ecelesiam
642 3265 721 3310 esse.
765 3243 891 3309 Verum
913 3245 986 3328 quis
1003 3245 1185 3328 suspicetur
1201 3250 1236 3306 te
1286 3245 1396 3328 possit.
1442 3240 1552 3306 Sciam
1575 3242 1747 3325 aliquando
1776 3250 1887 3308 tamen
1915 3265 1981 3326 qua
2008 3242 2205 3307 dexteritate
2225 3263 2260 3308 se

262 3347 356 3392 secus
378 3347 476 3408 quam
496 3349 538 3392 ex
555 3328 710 3395 eeclesiae
728 3333 975 3394 sententiaeum
987 3325 1234 3395 commendare?
1287 3328 1373 3413 apud
1397 3327 1578 3410 Regnecem
1599 3331 1743 3412 gesserit

261 3413 336 3478 Hoc
346 3433 441 3496 nega,
460 3413 600 3497 sipotes,
619 3421 651 3478 te
660 3414 764 3480 literis
775 3415 1069 3481 reconciliationem
1080 3420 1237 3488 testatum
1371 3412 1514 3480 Praebet
1535 3419 1645 3478 autem
1666 3414 1749 3480 mihi
1771 3413 1971 3480 occasionem
1993 3421 2031 3478 ut
2055 3413 2095 3479 de
2117 3415 2259 3480 Metensi

262 3519 342 3564 esse.
376 3497 481 3562 Perre
500 3499 584 3581 quod
597 3499 637 3565 de
654 3507 687 3564 te
705 3500 878 3579 scribebas,
898 3499 933 3564 id
950 3499 990 3564 de
1012 3506 1080 3565 tota
1101 3499 1237 3566 ecelesia
1287 3500 1422 3567 ecelesia
1442 3499 1502 3565 tibi
1520 3497 1735 3584 respondeam
1756 3497 1842 3582 quod
1859 3521 1911 3564 res
1930 3509 1987 3564 est.
2021 3501 2169 3566 Transiit
2184 3499 2260 3566 illae

261 3583 381 3649 merite
403 3593 571 3668 acceptum
589 3593 646 3664 est,
670 3587 762 3651 cuius
780 3586 820 3651 ab
839 3586 1013 3651 autoritate
1031 3606 1237 3669 nequaquam
1288 3595 1321 3652 et
1342 3606 1457 3651 ansam
1478 3584 1692 3650 concionandi
1713 3585 1871 3669 captabat.
1918 3582 2040 3650 Statim
2068 3585 2162 3651 adest
2187 3586 2259 3650 effi·

262 3677 296 3734 te
327 3667 514 3735 discessisse
540 3691 653 3735 omnes
674 3671 869 3736 iudicabant.
914 3669 971 3737 Sic
993 3671 1166 3736 destitutus
1188 3669 1236 3735 fui
1288 3671 1387 3750 cialis,
1410 3672 1466 3754 qui
1487 3671 1581 3736 citari
1602 3671 1709 3752 ipsum
1729 3672 1829 3737 iubet.
1874 3669 1964 3751 Quid
1985 3683 2094 3736 aetum
2119 3673 2164 3736 sit
2184 3691 2260 3737 enm

263 3754 353 3821 selus
380 3758 436 3836 qui
465 3776 519 3819 me
546 3777 751 3839 opponerem.
797 3757 837 3820 Id
859 3777 986 3840 queque
1007 3757 1090 3820 mihi
1114 3757 1236 3822 autori·
1288 3779 1325 3821 eo
1365 3757 1525 3835 nescitur,
1562 3755 1627 3820 nisi
1664 3755 1749 3840 quod
1788 3756 1887 3840 paulo
1918 3765 1993 3838 post
2025 3777 2061 3821 se
2092 3756 2260 3822 subduxit

259 3849 366 3905 tatem
401 3839 537 3919 ademit,
576 3841 661 3924 quod
698 3842 884 3907 obtinuerat
920 3840 1008 3926 apud
1040 3851 1167 3908 nostros
1199 3855 1237 3906 ut
1288 3841 1484 3922 Quindecim
1506 3842 1635 3907 circiter
1656 3851 1734 3906 ante
1755 3840 1869 3907 diebus
1890 3841 1968 3907 illuc
1989 3843 2127 3906 fratrem
2148 3863 2261 3906 meum

261 3925 432 3991 videretur
460 3927 613 3991 nonnihil
647 3948 762 3993 causae
797 3927 949 3993 habuisse
968 3928 1236 3993 'controversiam
1287 3929 1449 3993 miseram.
1499 3925 1630 4010 Agebat
1656 3927 1742 4010 apud
1770 3928 1877 3993 virum
1906 3927 2067 4010 optimum
2087 3938 2120 3992 et
2147 3927 2261 3994 eorda·

261 4011 353 4076 illam
376 4010 416 4075 de
438 4011 585 4076 trinitate
607 4013 804 4096 exagitandi.
839 4013 914 4094 Qua
931 4015 966 4078 in
983 4033 1019 4077 re
1036 4033 1102 4078 non
1119 4033 1235 4096 parum
1287 4014 1461 4080 tissimum.
1506 4012 1655 4077 Modeste
1677 4035 1712 4078 se
1734 4014 1927 4079 continebat.
1971 4011 2078 4078 Simul
2102 4034 2139 4078 ao
2160 4015 2260 4079 resei-

263 4095 388 4162 adiuvit
409 4118 485 4161 eum
511 4095 629 4179 Capito,
653 4100 710 4180 qui
732 4099 843 4164 literas
865 4098 944 4162 elim
962 4119 997 4163 se
1018 4098 1076 4164 abs
1097 4106 1129 4162 te
1146 4119 1236 4164 acce·
1287 4106 1422 4174 verunt,
1452 4097 1627 4162 edixerunt
1648 4100 1719 4164 eius
1746 4100 1902 4182 magistro
1925 4105 1962 4162 ut
1983 4119 2057 4162 eum
2082 4098 2258 4182 ablegaret.

263 4181 351 4265 pisse
373 4181 495 4247 Becare
516 4182 690 4261 indicavit,
718 4184 774 4249 ubi
803 4191 835 4248 te
863 4185 899 4247 in
928 4205 965 4248 oa
986 4185 1175 4266 quaestione
1196 4183 1237 4248 ab
1287 4185 1431 4268 Negavit
1452 4183 1508 4248 illc
1539 4205 1575 4248 se
1602 4183 1772 4250 facturum.
1824 4185 1917 4249 Tunc
1944 4184 2067 4250 rabiem
2100 4207 2193 4250 suam
2223 4187 2257 4248 in

264 4265 338 4330 aliis
358 4266 530 4333 dissentire
553 4269 721 4334 letabaris:
745 4277 802 4335 aut
818 4269 926 4334 neseio
946 4269 1024 4353 quid
1042 4269 1115 4334 tale.
1150 4270 1236 4334 Nam
1287 4271 1420 4335 fratrem
1442 4278 1685 4346 converterunt,
1708 4291 1745 4335 ao
1762 4271 1850 4335 intra
1867 4269 1936 4334 dies
1955 4281 2078 4352 septem
2091 4270 2258 4336 iusserunt

264 4351 409 4417 Beecras
425 4375 492 4418 non
510 4353 552 4418 ad
569 4353 728 4438 liquidum
747 4355 830 4419 mihi
847 4357 1005 4438 exposuit.
1035 4355 1121 4420 Mire
1138 4357 1237 4420 etiam
1287 4357 1368 4420 urbe
1397 4354 1496 4419 abire.
1545 4353 1729 4438 Respondit
1756 4355 1907 4438 iniquum
1940 4377 2009 4420 esse
2045 4377 2084 4421 ec
2116 4355 2259 4422 insolens

266 4437 308 4502 de
329 4437 485 4522 symbolis
505 4461 559 4504 me
579 4461 693 4506 omnes
721 4441 896 4506 vexabant.
944 4441 1037 4505 Haec
1064 4448 1098 4505 et
1119 4441 1238 4506 similia
1289 4441 1484 4522 exemplum,
1507 4438 1547 4504 de
1570 4439 1701 4505 homine
1722 4441 1855 4506 innoxio
1871 4460 1970 4506 eausa
1985 4439 2138 4507 inaudita
2151 4442 2261 4506 stanti.

264 4525 414 4588 lecerunt
452 4530 490 4586 ut
526 4545 593 4590 non
632 4547 766 4608 prorsus
805 4524 978 4609 indignum
1016 4527 1239 4592 misericordia
1289 4527 1521 4610 Magistratum
1544 4546 1622 4610 ergo
1645 4525 1739 4591 adiit:
1765 4528 1857 4610 petiit
1879 4527 2088 4591 audientiam.
2132 4527 2287 4610 Negata¹

264 4610 374 4692 ipsum
404 4605 593 4675 iudicarent.
649 4610 778 4692 Quibus
806 4621 915 4676 autem
942 4611 1068 4696 legibus
1089 4623 1239 4696 receptus
1290 4625 1349 4677 est.
1394 4613 1592 4677 Provecavit
1613 4610 1654 4676 ad
1676 4633 1866 4695 supremum
1894 4620 2078 4695 praetorem
2101 4621 2135 4676 et
2154 4613 2262 4678 conci·

266 4697 310 4760 sit
330 4694 493 4777 intelliges
513 4715 553 4758 ex
576 4698 665 4761 actis.
698 4699 770 4780 Ege
792 4697 877 4780 qued
894 4697 963 4762 illio
984 4697 1147 4780 pollicitus
1165 4719 1237 4764 sum
1288 4699 1371 4765 lium
1391 4697 1471 4774 eius,
1493 4695 1577 4779 quod
1599 4719 1641 4762 ex
1662 4697 1832 4762 nobilitate
1853 4705 1989 4763 constat.
2040 4698 2199 4764 Perrexit
2220 4720 2262 4762 ex

265 4787 455 4846 constanter
476 4783 657 4863 praestabo,
681 4783 710 4847 si
726 4783 824 4849 fidem
839 4784 909 4866 ipse
920 4783 1107 4849 servaverit
1141 4782 1238 4865 Quod
1288 4803 1380 4848 more
1401 4783 1580 4866 supplicem
1601 4782 1756 4862 libellum,
1779 4781 1836 4848 sed
1857 4783 1942 4848 nihil
1964 4783 2107 4866 profecit.
2146 4783 2264 4866 Neque

1289 4889 1365 4933 eum
1387 4868 1492 4933 solum
1514 4869 1561 4934 ita
1582 4877 1775 4949 tractarunt,
1797 4867 1855 4934 sed
1876 4875 2073 4934 censuerunt
2093 4870 2264 4934 neminem

269 4972 306 4978 ”
326 4973 439 4979 ·-··
454 4973 472 4979 ·
1289 4953 1423 5038 posthac
1450 4962 1645 5019 extraneum
1671 4955 1842 5020 ferendum
1863 4976 1947 5031 esse,
1975 4955 2011 5019 in
2030 4975 2130 5036 quem
2152 4955 2266 5037 aliqua

286 5083 352 5145 194·
369 5087 398 5146 1)
419 5087 547 5142 Fanum
563 5087 712 5155 adempsit
728 5089 769 5144 27·
787 5092 913 5146 octobris
932 5090 1007 5146 1539.
1289 5041 1428 5123 suspicio
1450 5039 1587 5106 caderet.
1632 5040 1787 5105 Breviter
1808 5041 1888 5106 scito
1910 5041 1999 5104 viam
2020 5039 2087 5106 illic
2109 5041 2144 5106 in
2167 5061 2267 5124 prae-

372 5155 402 5216 2)
420 5172 453 5208 w
478 5157 603 5210 HM„
626 5157 695 5220 mg,
718 5175 774 5213 ,m
794 5167 826 5214 „g
848 5160 955 5228 ml„
972 5162 1063 5230 m,
1087 5162 1134 5230 Ψ·
1153 5159 1238 5215 om,
1289 5125 1396 5224 sentia
1416 5125 1650 5226 clausamoesse
1672 5127 1851 5227 evangelie.
1884 5125 2027 5225 Proinde
2043 5127 2269 5226 suspectanda

267 5221 364 5274 veneo
375 5224 440 5291 feta
456 5231 482 5278 er
496 5225 573 5290 facte
591 5225 710 5279 hmine
722 5234 785 5295 poet
800 5229 874 5284 luae
888 5229 991 5284 αιιιιιιιι
1007 5231 1093 5300 ponc.
1288 5211 1382 5276 nobis
1404 5221 1453 5276 est
1474 5233 1598 5278 ooeasro
1618 5211 1742 5292 mehor,
1765 5231 1818 5278 eur
1839 5233 1967 5295 semper
1987 5211 2174 5278 rmmmebe.
