<?xml version="1.0" encoding="UTF-8"?>
<!DOCTYPE html PUBLIC "-//W3C//DTD XHTML 1.0 Transitional//EN"
    "http://www.w3.org/TR/xhtml1/DTD/xhtml1-transitional.dtd">
<html xmlns="http://www.w3.org/1999/xhtml" xml:lang="en" lang="en">
 <head>
  <title>
</title>
<meta http-equiv="Content-Type" content="text/html;charset=utf-8" />
  <meta name='ocr-system' content='tesseract 3.04.00' />
  <meta name='ocr-capabilities' content='ocr_page ocr_carea ocr_par ocr_line ocrx_word'/>
</head>
<body>
  <div class='ocr_page' id='page_1' title='image "./ioanniscalvinio05reusgoog_0055.png"; bbox 0 0 4846 6016; ppageno 0'>
   <div class='ocr_carea' id='block_1_1' title="bbox 274 363 2275 439">
    <p class='ocr_par' dir='ltr' id='par_1_1' title="bbox 274 363 2275 439">
     <span class='ocr_line' id='line_1_1' title="bbox 274 363 2275 439; baseline -0.004 -1"><span class='ocrx_word' id='word_1_1' title='bbox 274 375 315 439; x_wconf 82' lang='grc'><strong><em>67</em></strong></span> <span class='ocrx_word' id='word_1_2' title='bbox 1095 363 1450 434; x_wconf 78' lang='lat' dir='ltr'><strong><em>ORDONNANOES.</em></strong></span> <span class='ocrx_word' id='word_1_3' title='bbox 2227 365 2275 430; x_wconf 71' lang='grc'><strong><em>68</em></strong></span> 
     </span>
    </p>
   </div>
   <div class='ocr_carea' id='block_1_2' title="bbox 263 551 2274 3220">
    <p class='ocr_par' dir='ltr' id='par_1_2' title="bbox 263 551 2274 2018">
     <span class='ocr_line' id='line_1_2' title="bbox 269 551 2268 645; baseline -0.005 -17"><span class='ocrx_word' id='word_1_4' title='bbox 269 581 366 628; x_wconf 84' lang='lat' dir='ltr'><strong><em>noree</em></strong></span> <span class='ocrx_word' id='word_1_5' title='bbox 380 559 587 645; x_wconf 72' lang='lat' dir='ltr'><strong><em>deipnecnsS</em></strong></span> <span class='ocrx_word' id='word_1_6' title='bbox 648 553 1246 642; x_wconf 77' lang='lat' dir='ltr'><strong><em>ionesHenriAuhcrt,1ehanPorral,</em></strong></span> <span class='ocrx_word' id='word_1_7' title='bbox 1296 573 1358 620; x_wconf 91' lang='lat' dir='ltr'><strong><em>non</em></strong></span> <span class='ocrx_word' id='word_1_8' title='bbox 1383 554 1464 619; x_wconf 89' lang='lat' dir='ltr'><strong><em>satis</em></strong></span> <span class='ocrx_word' id='word_1_9' title='bbox 1489 553 1647 634; x_wconf 74' lang='lat' dir='ltr'><strong><em>sapienter</em></strong></span> <span class='ocrx_word' id='word_1_10' title='bbox 1673 551 1728 622; x_wconf 90' lang='lat' dir='ltr'><strong><em>hoc</em></strong></span> <span class='ocrx_word' id='word_1_11' title='bbox 1751 555 1870 638; x_wconf 74' lang='lat' dir='ltr'><strong><em>factum</em></strong></span> <span class='ocrx_word' id='word_1_12' title='bbox 1896 575 1962 620; x_wconf 89' lang='lat' dir='ltr'><strong><em>esse</em></strong></span> <span class='ocrx_word' id='word_1_13' title='bbox 1987 554 2174 634; x_wconf 77' lang='lat' dir='ltr'><strong><em>cristinam,</em></strong></span> <span class='ocrx_word' id='word_1_14' title='bbox 2201 554 2268 636; x_wconf 78' lang='lat' dir='ltr'><strong><em>qui·</em></strong></span> 
     </span>
     <span class='ocr_line' id='line_1_3' title="bbox 271 640 2268 725; baseline -0.005 -12"><span class='ocrx_word' id='word_1_15' title='bbox 271 645 376 713; x_wconf 90' lang='lat' dir='ltr'><strong><em>Iehan</em></strong></span> <span class='ocrx_word' id='word_1_16' title='bbox 396 646 551 714; x_wconf 85' lang='lat' dir='ltr'><strong><em>Francois</em></strong></span> <span class='ocrx_word' id='word_1_17' title='bbox 606 645 721 712; x_wconf 86' lang='lat' dir='ltr'><strong><em>ernard</em></strong></span> <span class='ocrx_word' id='word_1_18' title='bbox 752 648 780 708; x_wconf 90' lang='lat' dir='ltr'><strong><em>et</em></strong></span> <span class='ocrx_word' id='word_1_19' title='bbox 800 642 993 708; x_wconf 84' lang='lat' dir='ltr'><strong><em>Barthderni</em></strong></span> <span class='ocrx_word' id='word_1_20' title='bbox 1024 641 1105 720; x_wconf 89' lang='lat' dir='ltr'><strong><em>Lcct,</em></strong></span> <span class='ocrx_word' id='word_1_21' title='bbox 1118 643 1142 725; x_wconf 81' lang='lat'><strong><em>¹)</em></strong></span> <span class='ocrx_word' id='word_1_22' title='bbox 1175 660 1247 706; x_wconf 86' lang='lat' dir='ltr'><strong><em>avec</em></strong></span> <span class='ocrx_word' id='word_1_23' title='bbox 1296 659 1415 722; x_wconf 77' lang='lat' dir='ltr'><strong><em>nonque</em></strong></span> <span class='ocrx_word' id='word_1_24' title='bbox 1440 643 1542 706; x_wconf 88' lang='lat' dir='ltr'><strong><em>tamen</em></strong></span> <span class='ocrx_word' id='word_1_25' title='bbox 1567 640 1603 704; x_wconf 89' lang='lat' dir='ltr'><strong><em>in</em></strong></span> <span class='ocrx_word' id='word_1_26' title='bbox 1629 641 1864 708; x_wconf 60' lang='lat' dir='ltr'><strong><em>considerandis</em></strong></span> <span class='ocrx_word' id='word_1_27' title='bbox 1888 640 1954 708; x_wconf 91' lang='lat' dir='ltr'><strong><em>Dei</em></strong></span> <span class='ocrx_word' id='word_1_28' title='bbox 1979 640 2076 722; x_wconf 74' lang='lat' dir='ltr'><strong><em>factis</em></strong></span> <span class='ocrx_word' id='word_1_29' title='bbox 2105 659 2203 720; x_wconf 74' lang='lat' dir='ltr'><strong><em>neque</em></strong></span> <span class='ocrx_word' id='word_1_30' title='bbox 2229 659 2268 704; x_wconf 83' lang='lat' dir='ltr'><strong><em>ec</em></strong></span> 
     </span>
     <span class='ocr_line' id='line_1_4' title="bbox 264 725 2274 818; baseline -0.005 -18"><span class='ocrx_word' id='word_1_31' title='bbox 264 733 430 818; x_wconf 73' lang='lat' dir='ltr'><strong><em>plusieurs</em></strong></span> <span class='ocrx_word' id='word_1_32' title='bbox 451 734 505 799; x_wconf 89' lang='lat' dir='ltr'><strong><em>des</em></strong></span> <span class='ocrx_word' id='word_1_33' title='bbox 526 732 692 816; x_wconf 79' lang='lat' dir='ltr'><strong><em>Seipneurs</em></strong></span> <span class='ocrx_word' id='word_1_34' title='bbox 715 729 913 796; x_wconf 83' lang='lat' dir='ltr'><strong><em>Conseilliers</em></strong></span> <span class='ocrx_word' id='word_1_35' title='bbox 935 733 964 792; x_wconf 90' lang='lat' dir='ltr'><strong><em>et</em></strong></span> <span class='ocrx_word' id='word_1_36' title='bbox 982 747 1053 810; x_wconf 82' lang='lat' dir='ltr'><strong><em>mop</em></strong></span> <span class='ocrx_word' id='word_1_37' title='bbox 1075 725 1246 792; x_wconf 81' lang='lat' dir='ltr'><strong><em>Secretaire</em></strong></span> <span class='ocrx_word' id='word_1_38' title='bbox 1295 725 1434 790; x_wconf 80' lang='lat' dir='ltr'><strong><em>hunmna</em></strong></span> <span class='ocrx_word' id='word_1_39' title='bbox 1454 725 1625 808; x_wconf 78' lang='lat' dir='ltr'><strong><em>prudntia</em></strong></span> <span class='ocrx_word' id='word_1_40' title='bbox 1651 727 1706 792; x_wconf 90' lang='lat' dir='ltr'><strong><em>sed</em></strong></span> <span class='ocrx_word' id='word_1_41' title='bbox 1730 745 1769 793; x_wconf 83' lang='lat' dir='ltr'><strong><em>ea</em></strong></span> <span class='ocrx_word' id='word_1_42' title='bbox 1795 727 1919 810; x_wconf 77' lang='lat' dir='ltr'><strong><em>infinita</em></strong></span> <span class='ocrx_word' id='word_1_43' title='bbox 1955 727 2025 791; x_wconf 75' lang='lat' dir='ltr'><strong><em>eim</em></strong></span> <span class='ocrx_word' id='word_1_44' title='bbox 2039 729 2188 808; x_wconf 72' lang='lat' dir='ltr'><strong><em>potestate</em></strong></span> <span class='ocrx_word' id='word_1_45' title='bbox 2208 744 2274 790; x_wconf 84' lang='lat' dir='ltr'><strong><em>me-</em></strong></span> 
     </span>
     <span class='ocr_line' id='line_1_5' title="bbox 271 810 2273 900; baseline -0.004 -16"><span class='ocrx_word' id='word_1_46' title='bbox 271 839 307 884; x_wconf 91' lang='lat' dir='ltr'><strong><em>se</em></strong></span> <span class='ocrx_word' id='word_1_47' title='bbox 333 824 399 886; x_wconf 87' lang='lat' dir='ltr'><strong><em>sont</em></strong></span> <span class='ocrx_word' id='word_1_48' title='bbox 425 824 617 900; x_wconf 82' lang='lat' dir='ltr'><strong><em>transportee</em></strong></span> <span class='ocrx_word' id='word_1_49' title='bbox 644 837 688 882; x_wconf 91' lang='lat' dir='ltr'><strong><em>au</em></strong></span> <span class='ocrx_word' id='word_1_50' title='bbox 714 816 859 900; x_wconf 74' lang='lat' dir='ltr'><strong><em>temple2)</em></strong></span> <span class='ocrx_word' id='word_1_51' title='bbox 884 813 994 879; x_wconf 84' lang='lat' dir='ltr'><strong><em>Sainct</em></strong></span> <span class='ocrx_word' id='word_1_52' title='bbox 1016 812 1129 878; x_wconf 86' lang='lat' dir='ltr'><strong><em>Pierre</em></strong></span> <span class='ocrx_word' id='word_1_53' title='bbox 1151 811 1185 877; x_wconf 80' lang='lat' dir='ltr'><strong><em>lic</em></strong></span> <span class='ocrx_word' id='word_1_54' title='bbox 1206 810 1246 875; x_wconf 79' lang='lat' dir='ltr'><strong><em>orl</em></strong></span> <span class='ocrx_word' id='word_1_55' title='bbox 1295 811 1409 876; x_wconf 88' lang='lat' dir='ltr'><strong><em>tiendis</em></strong></span> <span class='ocrx_word' id='word_1_56' title='bbox 1435 817 1508 876; x_wconf 89' lang='lat' dir='ltr'><strong><em>sunt</em></strong></span> <span class='ocrx_word' id='word_1_57' title='bbox 1532 811 1661 891; x_wconf 75' lang='lat' dir='ltr'><strong><em>ansati,</em></strong></span> <span class='ocrx_word' id='word_1_58' title='bbox 1688 832 1749 878; x_wconf 91' lang='lat' dir='ltr'><strong><em>non</em></strong></span> <span class='ocrx_word' id='word_1_59' title='bbox 1770 813 1857 878; x_wconf 88' lang='lat' dir='ltr'><strong><em>mado</em></strong></span> <span class='ocrx_word' id='word_1_60' title='bbox 1878 813 1956 891; x_wconf 87' lang='lat' dir='ltr'><strong><em>ista,</em></strong></span> <span class='ocrx_word' id='word_1_61' title='bbox 1983 815 2017 876; x_wconf 93' lang='lat' dir='ltr'><strong><em>ut</em></strong></span> <span class='ocrx_word' id='word_1_62' title='bbox 2038 812 2187 891; x_wconf 86' lang='lat' dir='ltr'><strong><em>arbitror,</em></strong></span> <span class='ocrx_word' id='word_1_63' title='bbox 2207 831 2273 876; x_wconf 57' lang='lat' dir='ltr'><strong><em>non&lt;</em></strong></span> 
     </span>
     <span class='ocr_line' id='line_1_6' title="bbox 272 895 2270 988; baseline -0.005 -17"><span class='ocrx_word' id='word_1_64' title='bbox 272 909 405 988; x_wconf 83' lang='lat' dir='ltr'><strong><em>estoyent</em></strong></span> <span class='ocrx_word' id='word_1_65' title='bbox 425 903 591 970; x_wconf 85' lang='lat' dir='ltr'><strong><em>assemblce</em></strong></span> <span class='ocrx_word' id='word_1_66' title='bbox 611 903 656 966; x_wconf 89' lang='lat' dir='ltr'><strong><em>les</em></strong></span> <span class='ocrx_word' id='word_1_67' title='bbox 673 901 839 966; x_wconf 89' lang='lat' dir='ltr'><strong><em>Ministres</em></strong></span> <span class='ocrx_word' id='word_1_68' title='bbox 860 901 897 966; x_wconf 93' lang='lat' dir='ltr'><strong><em>de</em></strong></span> <span class='ocrx_word' id='word_1_69' title='bbox 914 900 948 965; x_wconf 88' lang='lat' dir='ltr'><strong><em>la</em></strong></span> <span class='ocrx_word' id='word_1_70' title='bbox 964 897 1085 980; x_wconf 87' lang='lat' dir='ltr'><strong><em>parolle</em></strong></span> <span class='ocrx_word' id='word_1_71' title='bbox 1101 895 1244 975; x_wconf 87' lang='lat' dir='ltr'><strong><em>deDieu,</em></strong></span> <span class='ocrx_word' id='word_1_72' title='bbox 1294 895 1524 978; x_wconf 88' lang='lat' dir='ltr'><strong><em>reprehendent,</em></strong></span> <span class='ocrx_word' id='word_1_73' title='bbox 1559 896 1614 962; x_wconf 89' lang='lat' dir='ltr'><strong><em>sed</em></strong></span> <span class='ocrx_word' id='word_1_74' title='bbox 1641 897 1734 962; x_wconf 90' lang='lat' dir='ltr'><strong><em>etiam</em></strong></span> <span class='ocrx_word' id='word_1_75' title='bbox 1759 899 1808 962; x_wconf 89' lang='lat' dir='ltr'><strong><em>rei</em></strong></span> <span class='ocrx_word' id='word_1_76' title='bbox 1833 899 1964 963; x_wconf 84' lang='lat' dir='ltr'><strong><em>novitate</em></strong></span> <span class='ocrx_word' id='word_1_77' title='bbox 1991 916 2028 962; x_wconf 90' lang='lat' dir='ltr'><strong><em>ac</em></strong></span> <span class='ocrx_word' id='word_1_78' title='bbox 2056 896 2270 980; x_wconf 80' lang='lat' dir='ltr'><strong><em>maprritudine</em></strong></span> 
     </span>
     <span class='ocr_line' id='line_1_7' title="bbox 270 981 2266 1070; baseline -0.005 -14"><span class='ocrx_word' id='word_1_79' title='bbox 270 1011 404 1057; x_wconf 71' lang='lat' dir='ltr'><strong><em>scaram</em></strong></span> <span class='ocrx_word' id='word_1_80' title='bbox 414 989 573 1068; x_wconf 86' lang='lat' dir='ltr'><strong><em>Dacteurs,</em></strong></span> <span class='ocrx_word' id='word_1_81' title='bbox 594 987 798 1054; x_wconf 90' lang='lat' dir='ltr'><strong><em>escholierset</em></strong></span> <span class='ocrx_word' id='word_1_82' title='bbox 815 1005 891 1070; x_wconf 79' lang='lat' dir='ltr'><strong><em>pens</em></strong></span> <span class='ocrx_word' id='word_1_83' title='bbox 912 985 949 1050; x_wconf 89' lang='lat' dir='ltr'><strong><em>de</em></strong></span> <span class='ocrx_word' id='word_1_84' title='bbox 972 985 1072 1050; x_wconf 84' lang='lat' dir='ltr'><strong><em>lettres</em></strong></span> <span class='ocrx_word' id='word_1_85' title='bbox 1089 1004 1126 1049; x_wconf 93' lang='lat' dir='ltr'><strong><em>en</em></strong></span> <span class='ocrx_word' id='word_1_86' title='bbox 1140 983 1245 1066; x_wconf 78' lang='lat' dir='ltr'><strong><em>prend</em></strong></span> <span class='ocrx_word' id='word_1_87' title='bbox 1288 982 1448 1062; x_wconf 84' lang='lat' dir='ltr'><strong><em>peraclsi,</em></strong></span> <span class='ocrx_word' id='word_1_88' title='bbox 1488 981 1569 1047; x_wconf 91' lang='lat' dir='ltr'><strong><em>nihil</em></strong></span> <span class='ocrx_word' id='word_1_89' title='bbox 1602 983 1752 1049; x_wconf 81' lang='lat' dir='ltr'><strong><em>mediocre</em></strong></span> <span class='ocrx_word' id='word_1_90' title='bbox 1783 1003 1822 1048; x_wconf 81' lang='lat' dir='ltr'><strong><em>cc</em></strong></span> <span class='ocrx_word' id='word_1_91' title='bbox 1852 984 1927 1048; x_wconf 89' lang='lat' dir='ltr'><strong><em>istis</em></strong></span> <span class='ocrx_word' id='word_1_92' title='bbox 1955 983 2060 1048; x_wconf 89' lang='lat' dir='ltr'><strong><em>initiis</em></strong></span> <span class='ocrx_word' id='word_1_93' title='bbox 2091 982 2266 1062; x_wconf 87' lang='lat' dir='ltr'><strong><em>sperabunt.</em></strong></span> 
     </span>
     <span class='ocr_line' id='line_1_8' title="bbox 271 1066 2268 1156; baseline -0.005 -14"><span class='ocrx_word' id='word_1_94' title='bbox 271 1075 401 1142; x_wconf 89' lang='lat' dir='ltr'><strong><em>nombre.</em></strong></span> <span class='ocrx_word' id='word_1_95' title='bbox 442 1074 489 1140; x_wconf 87' lang='lat' dir='ltr'><strong><em>Et</em></strong></span> <span class='ocrx_word' id='word_1_96' title='bbox 508 1079 607 1141; x_wconf 76' lang='lat' dir='ltr'><strong><em>estant</em></strong></span> <span class='ocrx_word' id='word_1_97' title='bbox 625 1073 719 1156; x_wconf 74' lang='lat' dir='ltr'><strong><em>saicte</em></strong></span> <span class='ocrx_word' id='word_1_98' title='bbox 738 1073 771 1138; x_wconf 88' lang='lat' dir='ltr'><strong><em>la</em></strong></span> <span class='ocrx_word' id='word_1_99' title='bbox 790 1073 898 1154; x_wconf 90' lang='lat' dir='ltr'><strong><em>priere</em></strong></span> <span class='ocrx_word' id='word_1_100' title='bbox 919 1069 940 1134; x_wconf 84' lang='lat' dir='ltr'><strong><em>ic</em></strong></span> <span class='ocrx_word' id='word_1_101' title='bbox 960 1068 1048 1134; x_wconf 89' lang='lat' dir='ltr'><strong><em>Dien</em></strong></span> <span class='ocrx_word' id='word_1_102' title='bbox 1068 1069 1152 1135; x_wconf 91' lang='lat' dir='ltr'><strong><em>selon</em></strong></span> <span class='ocrx_word' id='word_1_103' title='bbox 1173 1067 1245 1132; x_wconf 84' lang='lat' dir='ltr'><strong><em>lea-</em></strong></span> <span class='ocrx_word' id='word_1_104' title='bbox 1296 1066 1417 1148; x_wconf 72' lang='lat' dir='ltr'><strong><em>Itaque</em></strong></span> <span class='ocrx_word' id='word_1_105' title='bbox 1438 1073 1474 1132; x_wconf 87' lang='lat' dir='ltr'><strong><em>ut</em></strong></span> <span class='ocrx_word' id='word_1_106' title='bbox 1494 1069 1537 1133; x_wconf 90' lang='lat' dir='ltr'><strong><em>ad</em></strong></span> <span class='ocrx_word' id='word_1_107' title='bbox 1557 1088 1622 1133; x_wconf 88' lang='lat' dir='ltr'><strong><em>rem</em></strong></span> <span class='ocrx_word' id='word_1_108' title='bbox 1642 1069 1747 1151; x_wconf 82' lang='lat' dir='ltr'><strong><em>ipsam</em></strong></span> <span class='ocrx_word' id='word_1_109' title='bbox 1766 1071 1898 1149; x_wconf 64' lang='lat' dir='ltr'><strong><em>oenum,</em></strong></span> <span class='ocrx_word' id='word_1_110' title='bbox 1919 1089 2014 1150; x_wconf 78' lang='lat' dir='ltr'><strong><em>quum</em></strong></span> <span class='ocrx_word' id='word_1_111' title='bbox 2034 1089 2068 1133; x_wconf 91' lang='lat' dir='ltr'><strong><em>co</em></strong></span> <span class='ocrx_word' id='word_1_112' title='bbox 2084 1088 2181 1150; x_wconf 76' lang='lat' dir='ltr'><strong><em>quarn</em></strong></span> <span class='ocrx_word' id='word_1_113' title='bbox 2196 1067 2268 1134; x_wconf 84' lang='lat' dir='ltr'><strong><em>dici</em></strong></span> 
     </span>
     <span class='ocr_line' id='line_1_9' title="bbox 270 1152 2268 1237; baseline -0.005 -11"><span class='ocrx_word' id='word_1_114' title='bbox 270 1161 427 1226; x_wconf 88' lang='lat' dir='ltr'><strong><em>hortation</em></strong></span> <span class='ocrx_word' id='word_1_115' title='bbox 458 1165 754 1226; x_wconf 83' lang='lat' dir='ltr'><strong><em>etremorestrances</em></strong></span> <span class='ocrx_word' id='word_1_116' title='bbox 783 1155 995 1224; x_wconf 75' lang='lat' dir='ltr'><strong><em>Chrestiennes</em></strong></span> <span class='ocrx_word' id='word_1_117' title='bbox 1026 1155 1063 1219; x_wconf 88' lang='lat' dir='ltr'><strong><em>de</em></strong></span> <span class='ocrx_word' id='word_1_118' title='bbox 1094 1152 1244 1237; x_wconf 90' lang='lat' dir='ltr'><strong><em>spectable</em></strong></span> <span class='ocrx_word' id='word_1_119' title='bbox 1294 1154 1459 1219; x_wconf 88' lang='lat' dir='ltr'><strong><em>multitudo</em></strong></span> <span class='ocrx_word' id='word_1_120' title='bbox 1495 1153 1697 1234; x_wconf 82' lang='lat' dir='ltr'><strong><em>conamisset,</em></strong></span> <span class='ocrx_word' id='word_1_121' title='bbox 1729 1153 1773 1220; x_wconf 94' lang='lat' dir='ltr'><strong><em>D.</em></strong></span> <span class='ocrx_word' id='word_1_122' title='bbox 1806 1154 1962 1220; x_wconf 89' lang='lat' dir='ltr'><strong><em>Iohannes</em></strong></span> <span class='ocrx_word' id='word_1_123' title='bbox 1995 1152 2164 1233; x_wconf 79' lang='lat' dir='ltr'><strong><em>Caluinus,</em></strong></span> <span class='ocrx_word' id='word_1_124' title='bbox 2202 1158 2268 1220; x_wconf 81' lang='lat' dir='ltr'><strong><em>hcm</em></strong></span> 
     </span>
     <span class='ocr_line' id='line_1_10' title="bbox 271 1236 2267 1326; baseline -0.004 -14"><span class='ocrx_word' id='word_1_125' title='bbox 271 1245 375 1313; x_wconf 89' lang='lat' dir='ltr'><strong><em>Iehan</em></strong></span> <span class='ocrx_word' id='word_1_126' title='bbox 397 1244 523 1326; x_wconf 79' lang='lat' dir='ltr'><strong><em>Calain,</em></strong></span> <span class='ocrx_word' id='word_1_127' title='bbox 541 1245 686 1310; x_wconf 90' lang='lat' dir='ltr'><strong><em>ministre</em></strong></span> <span class='ocrx_word' id='word_1_128' title='bbox 706 1245 743 1309; x_wconf 92' lang='lat' dir='ltr'><strong><em>de</em></strong></span> <span class='ocrx_word' id='word_1_129' title='bbox 764 1244 797 1309; x_wconf 87' lang='lat' dir='ltr'><strong><em>la</em></strong></span> <span class='ocrx_word' id='word_1_130' title='bbox 812 1243 936 1324; x_wconf 89' lang='lat' dir='ltr'><strong><em>parolle</em></strong></span> <span class='ocrx_word' id='word_1_131' title='bbox 953 1242 991 1308; x_wconf 91' lang='lat' dir='ltr'><strong><em>de</em></strong></span> <span class='ocrx_word' id='word_1_132' title='bbox 1010 1239 1114 1318; x_wconf 89' lang='lat' dir='ltr'><strong><em>Dieu,</em></strong></span> <span class='ocrx_word' id='word_1_133' title='bbox 1130 1258 1196 1321; x_wconf 91' lang='lat' dir='ltr'><strong><em>par</em></strong></span> <span class='ocrx_word' id='word_1_134' title='bbox 1216 1236 1245 1302; x_wconf 88' lang='lat' dir='ltr'><strong><em>le</em></strong></span> <span class='ocrx_word' id='word_1_135' title='bbox 1291 1259 1390 1324; x_wconf 86' lang='lat' dir='ltr'><strong><em>paene</em></strong></span> <span class='ocrx_word' id='word_1_136' title='bbox 1405 1239 1550 1321; x_wconf 85' lang='lat' dir='ltr'><strong><em>primurn</em></strong></span> <span class='ocrx_word' id='word_1_137' title='bbox 1560 1243 1634 1322; x_wconf 90' lang='lat' dir='ltr'><strong><em>past</em></strong></span> <span class='ocrx_word' id='word_1_138' title='bbox 1650 1245 1712 1306; x_wconf 90' lang='lat' dir='ltr'><strong><em>octa</em></strong></span> <span class='ocrx_word' id='word_1_139' title='bbox 1729 1260 1848 1304; x_wconf 89' lang='lat' dir='ltr'><strong><em>menses</em></strong></span> <span class='ocrx_word' id='word_1_140' title='bbox 1863 1240 2076 1305; x_wconf 83' lang='lat' dir='ltr'><strong><em>nrohstissimo</em></strong></span> <span class='ocrx_word' id='word_1_141' title='bbox 2093 1243 2267 1321; x_wconf 76' lang='lat' dir='ltr'><strong><em>quartanae</em></strong></span> 
     </span>
     <span class='ocr_line' id='line_1_11' title="bbox 269 1323 2273 1412; baseline -0.004 -13"><span class='ocrx_word' id='word_1_142' title='bbox 269 1332 527 1400; x_wconf 80' lang='lat' dir='ltr'><strong><em>commandenent</em></strong></span> <span class='ocrx_word' id='word_1_143' title='bbox 547 1331 584 1396; x_wconf 85' lang='lat' dir='ltr'><strong><em>de</em></strong></span> <span class='ocrx_word' id='word_1_144' title='bbox 605 1349 670 1396; x_wconf 90' lang='lat' dir='ltr'><strong><em>mes</em></strong></span> <span class='ocrx_word' id='word_1_145' title='bbox 685 1331 821 1396; x_wconf 73' lang='lat' dir='ltr'><strong><em>andicts</em></strong></span> <span class='ocrx_word' id='word_1_146' title='bbox 840 1328 1015 1412; x_wconf 77' lang='lat' dir='ltr'><strong><em>Seipneurs‚</em></strong></span> <span class='ocrx_word' id='word_1_147' title='bbox 1036 1326 1080 1391; x_wconf 91' lang='lat' dir='ltr'><strong><em>les</em></strong></span> <span class='ocrx_word' id='word_1_148' title='bbox 1102 1326 1176 1404; x_wconf 82' lang='lat' dir='ltr'><strong><em>laia,</em></strong></span> <span class='ocrx_word' id='word_1_149' title='bbox 1197 1343 1245 1387; x_wconf 90' lang='lat' dir='ltr'><strong><em>ar·</em></strong></span> <span class='ocrx_word' id='word_1_150' title='bbox 1294 1325 1397 1389; x_wconf 90' lang='lat' dir='ltr'><strong><em>morbo</em></strong></span> <span class='ocrx_word' id='word_1_151' title='bbox 1421 1323 1563 1406; x_wconf 79' lang='lat' dir='ltr'><strong><em>felicibus</em></strong></span> <span class='ocrx_word' id='word_1_152' title='bbox 1589 1327 1743 1406; x_wconf 79' lang='lat' dir='ltr'><strong><em>auspiciis</em></strong></span> <span class='ocrx_word' id='word_1_153' title='bbox 1771 1325 1919 1391; x_wconf 87' lang='lat' dir='ltr'><strong><em>liberatus</em></strong></span> <span class='ocrx_word' id='word_1_154' title='bbox 1941 1331 1970 1390; x_wconf 89' lang='lat' dir='ltr'><strong><em>et</em></strong></span> <span class='ocrx_word' id='word_1_155' title='bbox 1987 1323 2101 1408; x_wconf 78' lang='lat' dir='ltr'><strong><em>pellica</em></strong></span> <span class='ocrx_word' id='word_1_156' title='bbox 2122 1323 2273 1404; x_wconf 74' lang='lat' dir='ltr'><strong><em>mationa.</em></strong></span> 
     </span>
     <span class='ocr_line' id='line_1_12' title="bbox 270 1409 2271 1500; baseline -0.005 -15"><span class='ocrx_word' id='word_1_157' title='bbox 270 1419 339 1500; x_wconf 90' lang='lat' dir='ltr'><strong><em>dre,</em></strong></span> <span class='ocrx_word' id='word_1_158' title='bbox 369 1423 396 1484; x_wconf 86' lang='lat' dir='ltr'><strong><em>et</em></strong></span> <span class='ocrx_word' id='word_1_159' title='bbox 421 1424 523 1496; x_wconf 83' lang='lat' dir='ltr'><strong><em>status</em></strong></span> <span class='ocrx_word' id='word_1_160' title='bbox 544 1418 589 1483; x_wconf 91' lang='lat' dir='ltr'><strong><em>otu</em></strong></span> <span class='ocrx_word' id='word_1_161' title='bbox 613 1414 781 1500; x_wconf 77' lang='lat' dir='ltr'><strong><em>Callope,⁸)</em></strong></span> <span class='ocrx_word' id='word_1_162' title='bbox 804 1435 875 1480; x_wconf 87' lang='lat' dir='ltr'><strong><em>avec</em></strong></span> <span class='ocrx_word' id='word_1_163' title='bbox 895 1413 927 1477; x_wconf 89' lang='lat' dir='ltr'><strong><em>la</em></strong></span> <span class='ocrx_word' id='word_1_164' title='bbox 945 1414 1043 1496; x_wconf 70' lang='lat' dir='ltr'><strong><em>forem</em></strong></span> <span class='ocrx_word' id='word_1_165' title='bbox 1064 1411 1102 1477; x_wconf 89' lang='lat' dir='ltr'><strong><em>de</em></strong></span> <span class='ocrx_word' id='word_1_166' title='bbox 1123 1410 1154 1476; x_wconf 88' lang='lat' dir='ltr'><strong><em>la</em></strong></span> <span class='ocrx_word' id='word_1_167' title='bbox 1176 1429 1244 1474; x_wconf 87' lang='lat' dir='ltr'><strong><em>con·</em></strong></span> <span class='ocrx_word' id='word_1_168' title='bbox 1294 1414 1329 1474; x_wconf 86' lang='lat' dir='ltr'><strong><em>ut</em></strong></span> <span class='ocrx_word' id='word_1_169' title='bbox 1359 1409 1398 1476; x_wconf 87' lang='lat' dir='ltr'><strong><em>ab</em></strong></span> <span class='ocrx_word' id='word_1_170' title='bbox 1430 1410 1570 1475; x_wconf 74' lang='lat' dir='ltr'><strong><em>mnnibrn</em></strong></span> <span class='ocrx_word' id='word_1_171' title='bbox 1601 1410 1734 1495; x_wconf 78' lang='lat' dir='ltr'><strong><em>intettipi</em></strong></span> <span class='ocrx_word' id='word_1_172' title='bbox 1761 1417 1884 1492; x_wconf 87' lang='lat' dir='ltr'><strong><em>posset,</em></strong></span> <span class='ocrx_word' id='word_1_173' title='bbox 1902 1413 2085 1493; x_wconf 76' lang='lat' dir='ltr'><strong><em>praefatus,</em></strong></span> <span class='ocrx_word' id='word_1_174' title='bbox 2117 1411 2271 1476; x_wconf 87' lang='lat' dir='ltr'><strong><em>indictum·</em></strong></span> 
     </span>
     <span class='ocr_line' id='line_1_13' title="bbox 268 1495 2267 1588; baseline -0.006 -16"><span class='ocrx_word' id='word_1_175' title='bbox 268 1505 423 1588; x_wconf 80' lang='lat' dir='ltr'><strong><em>session⁴)</em></strong></span> <span class='ocrx_word' id='word_1_176' title='bbox 446 1507 613 1588; x_wconf 77' lang='lat' dir='ltr'><strong><em>qa&#39;auront</em></strong></span> <span class='ocrx_word' id='word_1_177' title='bbox 634 1501 756 1583; x_wconf 78' lang='lat' dir='ltr'><strong><em>bfaire</em></strong></span> <span class='ocrx_word' id='word_1_178' title='bbox 773 1502 817 1568; x_wconf 88' lang='lat' dir='ltr'><strong><em>les</em></strong></span> <span class='ocrx_word' id='word_1_179' title='bbox 833 1498 994 1566; x_wconf 89' lang='lat' dir='ltr'><strong><em>escholiers</em></strong></span> <span class='ocrx_word' id='word_1_180' title='bbox 1011 1497 1067 1580; x_wconf 80' lang='lat' dir='ltr'><strong><em>put</em></strong></span> <span class='ocrx_word' id='word_1_181' title='bbox 1083 1496 1246 1562; x_wconf 87' lang='lat' dir='ltr'><strong><em>couldront</em></strong></span> <span class='ocrx_word' id='word_1_182' title='bbox 1294 1495 1395 1577; x_wconf 79' lang='lat' dir='ltr'><strong><em>fuisse</em></strong></span> <span class='ocrx_word' id='word_1_183' title='bbox 1415 1495 1496 1560; x_wconf 88' lang='lat' dir='ltr'><strong><em>hunc</em></strong></span> <span class='ocrx_word' id='word_1_184' title='bbox 1515 1497 1598 1560; x_wconf 88' lang='lat' dir='ltr'><strong><em>diem</em></strong></span> <span class='ocrx_word' id='word_1_185' title='bbox 1619 1516 1658 1561; x_wconf 82' lang='lat' dir='ltr'><strong><em>es</em></strong></span> <span class='ocrx_word' id='word_1_186' title='bbox 1682 1497 1873 1580; x_wconf 82' lang='lat' dir='ltr'><strong><em>amplissimi</em></strong></span> <span class='ocrx_word' id='word_1_187' title='bbox 1895 1495 2030 1561; x_wconf 75' lang='lat' dir='ltr'><strong><em>Scndus</em></strong></span> <span class='ocrx_word' id='word_1_188' title='bbox 2050 1497 2199 1562; x_wconf 88' lang='lat' dir='ltr'><strong><em>mandato</em></strong></span> <span class='ocrx_word' id='word_1_189' title='bbox 2219 1515 2267 1561; x_wconf 89' lang='lat' dir='ltr'><strong><em>so-</em></strong></span> 
     </span>
     <span class='ocr_line' id='line_1_14' title="bbox 272 1579 2267 1668; baseline -0.006 -11"><span class='ocrx_word' id='word_1_190' title='bbox 272 1595 351 1657; x_wconf 87' lang='lat' dir='ltr'><strong><em>estre</em></strong></span> <span class='ocrx_word' id='word_1_191' title='bbox 371 1609 477 1656; x_wconf 91' lang='lat' dir='ltr'><strong><em>receus</em></strong></span> <span class='ocrx_word' id='word_1_192' title='bbox 500 1609 536 1654; x_wconf 87' lang='lat' dir='ltr'><strong><em>en</em></strong></span> <span class='ocrx_word' id='word_1_193' title='bbox 558 1592 633 1654; x_wconf 88' lang='lat' dir='ltr'><strong><em>ceste</em></strong></span> <span class='ocrx_word' id='word_1_194' title='bbox 656 1585 829 1654; x_wconf 82' lang='lat' dir='ltr'><strong><em>Universite‘</em></strong></span> <span class='ocrx_word' id='word_1_195' title='bbox 849 1590 879 1651; x_wconf 92' lang='lat' dir='ltr'><strong><em>et</em></strong></span> <span class='ocrx_word' id='word_1_196' title='bbox 898 1581 1015 1668; x_wconf 71' lang='lat' dir='ltr'><strong><em>calleyo,</em></strong></span> <span class='ocrx_word' id='word_1_197' title='bbox 1042 1581 1191 1647; x_wconf 75' lang='lat' dir='ltr'><strong><em>ennnble</em></strong></span> <span class='ocrx_word' id='word_1_198' title='bbox 1212 1579 1244 1644; x_wconf 75' lang='lat' dir='ltr'><strong><em>hc</em></strong></span> <span class='ocrx_word' id='word_1_199' title='bbox 1294 1581 1378 1646; x_wconf 89' lang='lat' dir='ltr'><strong><em>lenni</em></strong></span> <span class='ocrx_word' id='word_1_200' title='bbox 1403 1579 1656 1646; x_wconf 83' lang='lat' dir='ltr'><strong><em>scholash&#39;earum</em></strong></span> <span class='ocrx_word' id='word_1_201' title='bbox 1680 1581 1782 1666; x_wconf 79' lang='lat' dir='ltr'><strong><em>lepnrn</em></strong></span> <span class='ocrx_word' id='word_1_202' title='bbox 1802 1581 2064 1665; x_wconf 77' lang='lat' dir='ltr'><strong><em>promnlpationi,</em></strong></span> <span class='ocrx_word' id='word_1_203' title='bbox 2095 1601 2200 1647; x_wconf 89' lang='lat' dir='ltr'><strong><em>omnes</em></strong></span> <span class='ocrx_word' id='word_1_204' title='bbox 2225 1581 2267 1646; x_wconf 89' lang='lat' dir='ltr'><strong><em>ad</em></strong></span> 
     </span>
     <span class='ocr_line' id='line_1_15' title="bbox 269 1665 2272 1756; baseline -0.005 -14"><span class='ocrx_word' id='word_1_205' title='bbox 269 1675 370 1751; x_wconf 75' lang='lat' dir='ltr'><strong><em>forme</em></strong></span> <span class='ocrx_word' id='word_1_206' title='bbox 391 1676 434 1740; x_wconf 90' lang='lat' dir='ltr'><strong><em>du</em></strong></span> <span class='ocrx_word' id='word_1_207' title='bbox 455 1679 585 1742; x_wconf 85' lang='lat' dir='ltr'><strong><em>serment</em></strong></span> <span class='ocrx_word' id='word_1_208' title='bbox 606 1674 661 1756; x_wconf 77' lang='lat' dir='ltr'><strong><em>pul</em></strong></span> <span class='ocrx_word' id='word_1_209' title='bbox 681 1693 714 1739; x_wconf 90' lang='lat' dir='ltr'><strong><em>se</em></strong></span> <span class='ocrx_word' id='word_1_210' title='bbox 734 1673 816 1738; x_wconf 88' lang='lat' dir='ltr'><strong><em>daibt</em></strong></span> <span class='ocrx_word' id='word_1_211' title='bbox 829 1675 951 1753; x_wconf 87' lang='lat' dir='ltr'><strong><em>prester</em></strong></span> <span class='ocrx_word' id='word_1_212' title='bbox 966 1689 1033 1750; x_wconf 89' lang='lat' dir='ltr'><strong><em>par</em></strong></span> <span class='ocrx_word' id='word_1_213' title='bbox 1053 1668 1081 1734; x_wconf 92' lang='lat' dir='ltr'><strong><em>le</em></strong></span> <span class='ocrx_word' id='word_1_214' title='bbox 1103 1667 1243 1746; x_wconf 87' lang='lat' dir='ltr'><strong><em>Rccteur,</em></strong></span> <span class='ocrx_word' id='word_1_215' title='bbox 1288 1686 1400 1748; x_wconf 89' lang='lat' dir='ltr'><strong><em>preces</em></strong></span> <span class='ocrx_word' id='word_1_216' title='bbox 1417 1667 1598 1749; x_wconf 75' lang='lat' dir='ltr'><strong><em>fundendas</em></strong></span> <span class='ocrx_word' id='word_1_217' title='bbox 1619 1673 1665 1732; x_wconf 91' lang='lat' dir='ltr'><strong><em>est</em></strong></span> <span class='ocrx_word' id='word_1_218' title='bbox 1685 1667 1865 1733; x_wconf 78' lang='lat' dir='ltr'><strong><em>cohedatus.</em></strong></span> <span class='ocrx_word' id='word_1_219' title='bbox 1900 1667 2023 1733; x_wconf 87' lang='lat' dir='ltr'><strong><em>Deinde</em></strong></span> <span class='ocrx_word' id='word_1_220' title='bbox 2044 1667 2186 1732; x_wconf 87' lang='lat' dir='ltr'><strong><em>Michacl</em></strong></span> <span class='ocrx_word' id='word_1_221' title='bbox 2205 1665 2272 1732; x_wconf 79' lang='lat' dir='ltr'><strong><em>Ro-</em></strong></span> 
     </span>
     <span class='ocr_line' id='line_1_16' title="bbox 272 1751 2249 1841; baseline -0.005 -13"><span class='ocrx_word' id='word_1_222' title='bbox 272 1761 428 1828; x_wconf 87' lang='lat' dir='ltr'><strong><em>Maistres</em></strong></span> <span class='ocrx_word' id='word_1_223' title='bbox 456 1761 647 1827; x_wconf 89' lang='lat' dir='ltr'><strong><em>ctLecteurs</em></strong></span> <span class='ocrx_word' id='word_1_224' title='bbox 674 1779 711 1824; x_wconf 89' lang='lat' dir='ltr'><strong><em>en</em></strong></span> <span class='ocrx_word' id='word_1_225' title='bbox 737 1757 871 1841; x_wconf 78' lang='lat' dir='ltr'><strong><em>icelap⁶)</em></strong></span> <span class='ocrx_word' id='word_1_226' title='bbox 901 1760 953 1821; x_wconf 91' lang='lat' dir='ltr'><strong><em>ont</em></strong></span> <span class='ocrx_word' id='word_1_227' title='bbox 980 1753 1042 1820; x_wconf 86' lang='lat' dir='ltr'><strong><em>este&#39;</em></strong></span> <span class='ocrx_word' id='word_1_228' title='bbox 1057 1753 1246 1838; x_wconf 88' lang='lat' dir='ltr'><strong><em>publicesct</em></strong></span> <span class='ocrx_word' id='word_1_229' title='bbox 1293 1756 1378 1817; x_wconf 88' lang='lat' dir='ltr'><strong><em>setus</em></strong></span> <span class='ocrx_word' id='word_1_230' title='bbox 1404 1751 1700 1836; x_wconf 79' lang='lat' dir='ltr'><strong><em>archiprammateus</em></strong></span> <span class='ocrx_word' id='word_1_231' title='bbox 1728 1753 1933 1837; x_wconf 75' lang='lat' dir='ltr'><strong><em>Spidiearnm</em></strong></span> <span class='ocrx_word' id='word_1_232' title='bbox 1958 1754 2050 1818; x_wconf 85' lang='lat' dir='ltr'><strong><em>iussu</em></strong></span> <span class='ocrx_word' id='word_1_233' title='bbox 2075 1751 2249 1818; x_wconf 80' lang='lat' dir='ltr'><strong><em>Academia</em></strong></span> 
     </span>
     <span class='ocr_line' id='line_1_17' title="bbox 270 1837 2268 1930; baseline -0.008 -13"><span class='ocrx_word' id='word_1_234' title='bbox 270 1847 355 1917; x_wconf 65' lang='lat' dir='ltr'><strong><em>unes</em></strong></span> <span class='ocrx_word' id='word_1_235' title='bbox 376 1847 397 1914; x_wconf 84' lang='grc' dir='ltr'>ὰ</span> <span class='ocrx_word' id='word_1_236' title='bbox 417 1847 521 1914; x_wconf 88' lang='lat' dir='ltr'><strong><em>haulte</em></strong></span> <span class='ocrx_word' id='word_1_237' title='bbox 539 1846 648 1930; x_wconf 65' lang='lat' dir='ltr'><strong><em>saw)</em></strong></span> <span class='ocrx_word' id='word_1_238' title='bbox 670 1845 737 1927; x_wconf 76' lang='lat' dir='ltr'><strong><em>ofin</em></strong></span> <span class='ocrx_word' id='word_1_239' title='bbox 757 1864 815 1928; x_wconf 79' lang='lat' dir='ltr'><strong><em>que</em></strong></span> <span class='ocrx_word' id='word_1_240' title='bbox 836 1841 972 1908; x_wconf 77' lang='lat' dir='ltr'><strong><em>ciascun</em></strong></span> <span class='ocrx_word' id='word_1_241' title='bbox 993 1860 1032 1906; x_wconf 89' lang='lat' dir='ltr'><strong><em>en</em></strong></span> <span class='ocrx_word' id='word_1_242' title='bbox 1047 1841 1110 1906; x_wconf 86' lang='lat' dir='ltr'><strong><em>soit</em></strong></span> <span class='ocrx_word' id='word_1_243' title='bbox 1125 1838 1245 1904; x_wconf 82' lang='lat' dir='ltr'><strong><em>adverti</em></strong></span> <span class='ocrx_word' id='word_1_244' title='bbox 1295 1837 1375 1920; x_wconf 81' lang='lat' dir='ltr'><strong><em>lepes</em></strong></span> <span class='ocrx_word' id='word_1_245' title='bbox 1398 1837 1486 1903; x_wconf 90' lang='lat' dir='ltr'><strong><em>clara</em></strong></span> <span class='ocrx_word' id='word_1_246' title='bbox 1512 1857 1581 1904; x_wconf 85' lang='lat' dir='ltr'><strong><em>noce</em></strong></span> <span class='ocrx_word' id='word_1_247' title='bbox 1608 1843 1637 1902; x_wconf 87' lang='lat' dir='ltr'><strong><em>ct</em></strong></span> <span class='ocrx_word' id='word_1_248' title='bbox 1659 1839 1771 1922; x_wconf 78' lang='lat' dir='ltr'><strong><em>palliae</em></strong></span> <span class='ocrx_word' id='word_1_249' title='bbox 1796 1859 1934 1904; x_wconf 77' lang='lat' dir='ltr'><strong><em>serenare</em></strong></span> <span class='ocrx_word' id='word_1_250' title='bbox 1959 1859 2084 1904; x_wconf 87' lang='lat' dir='ltr'><strong><em>summa</em></strong></span> <span class='ocrx_word' id='word_1_251' title='bbox 2109 1857 2180 1904; x_wconf 87' lang='lat' dir='ltr'><strong><em>cam</em></strong></span> <span class='ocrx_word' id='word_1_252' title='bbox 2201 1857 2268 1908; x_wconf 76' lang='lat' dir='ltr'><strong><em>‚orn-</em></strong></span> 
     </span>
     <span class='ocr_line' id='line_1_18' title="bbox 263 1923 2266 2018; baseline -0.006 -18"><span class='ocrx_word' id='word_1_253' title='bbox 263 1954 350 2018; x_wconf 91' lang='lat' dir='ltr'><strong><em>pour</em></strong></span> <span class='ocrx_word' id='word_1_254' title='bbox 369 1935 413 2000; x_wconf 81' lang='lat' dir='ltr'><strong><em>las</em></strong></span> <span class='ocrx_word' id='word_1_255' title='bbox 433 1933 581 2000; x_wconf 82' lang='lat' dir='ltr'><strong><em>observor.</em></strong></span> <span class='ocrx_word' id='word_1_256' title='bbox 1293 1924 1383 1987; x_wconf 86' lang='lat' dir='ltr'><strong><em>aium</em></strong></span> <span class='ocrx_word' id='word_1_257' title='bbox 1402 1924 1565 1989; x_wconf 68' lang='lat' dir='ltr'><strong><em>abendune</em></strong></span> <span class='ocrx_word' id='word_1_258' title='bbox 1591 1926 1739 1990; x_wconf 87' lang='lat' dir='ltr'><strong><em>recitavit.</em></strong></span> <span class='ocrx_word' id='word_1_259' title='bbox 1787 1923 1898 1990; x_wconf 86' lang='lat' dir='ltr'><strong><em>Postea</em></strong></span> <span class='ocrx_word' id='word_1_260' title='bbox 1926 1923 2129 2006; x_wconf 66' lang='lat' dir='ltr'><strong><em>confusionis</em></strong></span> <span class='ocrx_word' id='word_1_261' title='bbox 2148 1925 2266 2004; x_wconf 72' lang='lat' dir='ltr'><strong><em>sumu</em></strong></span> 
     </span>
    </p>

    <p class='ocr_par' dir='ltr' id='par_1_3' title="bbox 263 2009 2269 3220">
     <span class='ocr_line' id='line_1_19' title="bbox 357 2009 2269 2103; baseline -0.006 -17"><span class='ocrx_word' id='word_1_262' title='bbox 357 2020 440 2088; x_wconf 79' lang='lat' dir='ltr'><strong><em>Pais</em></strong></span> <span class='ocrx_word' id='word_1_263' title='bbox 450 2023 475 2103; x_wconf 80' lang='lat'><strong><em>²)</em></strong></span> <span class='ocrx_word' id='word_1_264' title='bbox 503 2037 597 2100; x_wconf 87' lang='lat' dir='ltr'><strong><em>apres</em></strong></span> <span class='ocrx_word' id='word_1_265' title='bbox 624 2037 644 2080; x_wconf 93' lang='lat' dir='ltr'><strong><em>a</em></strong></span> <span class='ocrx_word' id='word_1_266' title='bbox 671 2015 732 2092; x_wconf 78' lang='lat' dir='ltr'><strong><em>esti</em></strong></span> <span class='ocrx_word' id='word_1_267' title='bbox 752 2015 887 2082; x_wconf 89' lang='lat' dir='ltr'><strong><em>declaree</em></strong></span> <span class='ocrx_word' id='word_1_268' title='bbox 908 2011 1075 2094; x_wconf 88' lang='lat' dir='ltr'><strong><em>etpubliee</em></strong></span> <span class='ocrx_word' id='word_1_269' title='bbox 1097 2009 1244 2077; x_wconf 80' lang='lat' dir='ltr'><strong><em>helection</em></strong></span> <span class='ocrx_word' id='word_1_270' title='bbox 1294 2009 1374 2090; x_wconf 54' lang='lat' dir='ltr'><strong><em>lanu</em></strong></span> <span class='ocrx_word' id='word_1_271' title='bbox 1401 2011 1436 2074; x_wconf 93' lang='lat' dir='ltr'><strong><em>in</em></strong></span> <span class='ocrx_word' id='word_1_272' title='bbox 1464 2013 1538 2088; x_wconf 82' lang='lat' dir='ltr'><strong><em>[pag.</em></strong></span> <span class='ocrx_word' id='word_1_273' title='bbox 1562 2013 1593 2088; x_wconf 77' lang='lat' dir='ltr'><strong><em>a]</em></strong></span> <span class='ocrx_word' id='word_1_274' title='bbox 1620 2031 1716 2092; x_wconf 77' lang='lat' dir='ltr'><strong><em>quam</em></strong></span> <span class='ocrx_word' id='word_1_275' title='bbox 1734 2009 1856 2092; x_wconf 81' lang='lat' dir='ltr'><strong><em>publici</em></strong></span> <span class='ocrx_word' id='word_1_276' title='bbox 1878 2031 1981 2076; x_wconf 67' lang='lat' dir='ltr'><strong><em>omnm</em></strong></span> <span class='ocrx_word' id='word_1_277' title='bbox 2002 2010 2160 2076; x_wconf 85' lang='lat' dir='ltr'><strong><em>auditores</em></strong></span> <span class='ocrx_word' id='word_1_278' title='bbox 2178 2011 2269 2074; x_wconf 89' lang='lat' dir='ltr'><strong><em>iura-</em></strong></span> 
     </span>
     <span class='ocr_line' id='line_1_20' title="bbox 267 2095 2267 2187; baseline -0.007 -13"><span class='ocrx_word' id='word_1_279' title='bbox 267 2109 313 2174; x_wconf 83' lang='lat' dir='ltr'><strong><em>du</em></strong></span> <span class='ocrx_word' id='word_1_280' title='bbox 334 2107 466 2172; x_wconf 80' lang='lat' dir='ltr'><strong><em>Redeur</em></strong></span> <span class='ocrx_word' id='word_1_281' title='bbox 489 2106 583 2187; x_wconf 79' lang='lat' dir='ltr'><strong><em>faiete</em></strong></span> <span class='ocrx_word' id='word_1_282' title='bbox 609 2101 695 2172; x_wconf 86' lang='lat' dir='ltr'><strong><em>selon</em></strong></span> <span class='ocrx_word' id='word_1_283' title='bbox 715 2101 759 2168; x_wconf 86' lang='lat' dir='ltr'><strong><em>les</em></strong></span> <span class='ocrx_word' id='word_1_284' title='bbox 779 2101 874 2168; x_wconf 86' lang='lat' dir='ltr'><strong><em>dictes</em></strong></span> <span class='ocrx_word' id='word_1_285' title='bbox 894 2097 959 2166; x_wconf 83' lang='lat' dir='ltr'><strong><em>loia</em></strong></span> <span class='ocrx_word' id='word_1_286' title='bbox 974 2119 1040 2180; x_wconf 90' lang='lat' dir='ltr'><strong><em>par</em></strong></span> <span class='ocrx_word' id='word_1_287' title='bbox 1061 2096 1105 2162; x_wconf 90' lang='lat' dir='ltr'><strong><em>les</em></strong></span> <span class='ocrx_word' id='word_1_288' title='bbox 1126 2095 1244 2162; x_wconf 83' lang='lat' dir='ltr'><strong><em>Minis·</em></strong></span> <span class='ocrx_word' id='word_1_289' title='bbox 1293 2099 1362 2160; x_wconf 89' lang='lat' dir='ltr'><strong><em>rent</em></strong></span> <span class='ocrx_word' id='word_1_290' title='bbox 1380 2100 1409 2160; x_wconf 91' lang='lat' dir='ltr'><strong><em>et</em></strong></span> <span class='ocrx_word' id='word_1_291' title='bbox 1428 2095 1653 2162; x_wconf 84' lang='lat' dir='ltr'><strong><em>iusiurandum</em></strong></span> <span class='ocrx_word' id='word_1_292' title='bbox 1678 2095 1801 2162; x_wconf 86' lang='lat' dir='ltr'><strong><em>solenne</em></strong></span> <span class='ocrx_word' id='word_1_293' title='bbox 1826 2097 1907 2178; x_wconf 77' lang='lat' dir='ltr'><strong><em>quod</em></strong></span> <span class='ocrx_word' id='word_1_294' title='bbox 1934 2096 2088 2176; x_wconf 79' lang='lat' dir='ltr'><strong><em>concepere</em></strong></span> <span class='ocrx_word' id='word_1_295' title='bbox 2110 2095 2267 2160; x_wconf 71' lang='grc' dir='ltr'><em>Βααανανα</em></span> 
     </span>
     <span class='ocr_line' id='line_1_21' title="bbox 267 2180 2266 2273; baseline -0.008 -12"><span class='ocrx_word' id='word_1_296' title='bbox 267 2199 337 2273; x_wconf 91' lang='lat' dir='ltr'><strong><em>tres,</em></strong></span> <span class='ocrx_word' id='word_1_297' title='bbox 358 2199 387 2260; x_wconf 90' lang='lat' dir='ltr'><strong><em>et</em></strong></span> <span class='ocrx_word' id='word_1_298' title='bbox 476 2209 575 2258; x_wconf 70' lang='lat' dir='ltr'><strong><em>erineo</em></strong></span> <span class='ocrx_word' id='word_1_299' title='bbox 596 2209 663 2272; x_wconf 90' lang='lat' dir='ltr'><strong><em>par</em></strong></span> <span class='ocrx_word' id='word_1_300' title='bbox 682 2207 748 2252; x_wconf 88' lang='lat' dir='ltr'><strong><em>mes</em></strong></span> <span class='ocrx_word' id='word_1_301' title='bbox 768 2185 962 2252; x_wconf 85' lang='lat' dir='ltr'><strong><em>treshanoree</em></strong></span> <span class='ocrx_word' id='word_1_302' title='bbox 982 2185 1141 2268; x_wconf 74' lang='lat' dir='ltr'><strong><em>scipneurs</em></strong></span> <span class='ocrx_word' id='word_1_303' title='bbox 1163 2181 1242 2264; x_wconf 82' lang='lat' dir='ltr'><strong><em>Spu-</em></strong></span> <span class='ocrx_word' id='word_1_304' title='bbox 1294 2185 1321 2244; x_wconf 87' lang='lat' dir='ltr'><strong><em>et</em></strong></span> <span class='ocrx_word' id='word_1_305' title='bbox 1347 2200 1451 2245; x_wconf 69' lang='lat' dir='ltr'><strong><em>annm</em></strong></span> <span class='ocrx_word' id='word_1_306' title='bbox 1477 2181 1640 2262; x_wconf 76' lang='lat' dir='ltr'><strong><em>turiusque</em></strong></span> <span class='ocrx_word' id='word_1_307' title='bbox 1659 2180 1793 2260; x_wconf 87' lang='lat' dir='ltr'><strong><em>scholae,</em></strong></span> <span class='ocrx_word' id='word_1_308' title='bbox 1815 2182 1965 2262; x_wconf 87' lang='lat' dir='ltr'><strong><em>privatae</em></strong></span> <span class='ocrx_word' id='word_1_309' title='bbox 1991 2181 2131 2247; x_wconf 85' lang='lat' dir='ltr'><strong><em>videlicet</em></strong></span> <span class='ocrx_word' id='word_1_310' title='bbox 2151 2201 2188 2246; x_wconf 89' lang='lat' dir='ltr'><strong><em>ac</em></strong></span> <span class='ocrx_word' id='word_1_311' title='bbox 2203 2201 2266 2262; x_wconf 85' lang='lat' dir='ltr'><strong><em>pu</em></strong></span> 
     </span>
     <span class='ocr_line' id='line_1_22' title="bbox 267 2265 2269 2362; baseline -0.008 -15"><span class='ocrx_word' id='word_1_312' title='bbox 267 2281 377 2362; x_wconf 58' lang='lat' dir='ltr'><strong><em>dhaes</em></strong></span> <span class='ocrx_word' id='word_1_313' title='bbox 396 2285 426 2346; x_wconf 89' lang='lat' dir='ltr'><strong><em>et</em></strong></span> <span class='ocrx_word' id='word_1_314' title='bbox 502 2275 578 2354; x_wconf 76' lang='lat' dir='ltr'><strong><em>escit,</em></strong></span> <span class='ocrx_word' id='word_1_315' title='bbox 600 2273 637 2338; x_wconf 86' lang='lat' dir='ltr'><strong><em>de</em></strong></span> <span class='ocrx_word' id='word_1_316' title='bbox 657 2272 806 2354; x_wconf 88' lang='lat' dir='ltr'><strong><em>spectable</em></strong></span> <span class='ocrx_word' id='word_1_317' title='bbox 830 2269 990 2336; x_wconf 82' lang='lat' dir='ltr'><strong><em>Thcadore</em></strong></span> <span class='ocrx_word' id='word_1_318' title='bbox 1010 2270 1048 2334; x_wconf 93' lang='lat' dir='ltr'><strong><em>de</em></strong></span> <span class='ocrx_word' id='word_1_319' title='bbox 1069 2265 1163 2348; x_wconf 84' lang='lat' dir='ltr'><strong><em>Bene,</em></strong></span> <span class='ocrx_word' id='word_1_320' title='bbox 1184 2269 1243 2332; x_wconf 89' lang='lat' dir='ltr'><strong><em>mi-</em></strong></span> <span class='ocrx_word' id='word_1_321' title='bbox 1292 2266 1397 2346; x_wconf 90' lang='lat' dir='ltr'><strong><em>blicae,</em></strong></span> <span class='ocrx_word' id='word_1_322' title='bbox 1419 2265 1553 2331; x_wconf 76' lang='lat' dir='ltr'><strong><em>coenes</em></strong></span> <span class='ocrx_word' id='word_1_323' title='bbox 1573 2272 1729 2347; x_wconf 83' lang='lat' dir='ltr'><strong><em>oporteret,</em></strong></span> <span class='ocrx_word' id='word_1_324' title='bbox 1750 2268 1910 2333; x_wconf 89' lang='lat' dir='ltr'><strong><em>recensuit.</em></strong></span> <span class='ocrx_word' id='word_1_325' title='bbox 1949 2265 2095 2349; x_wconf 76' lang='lat' dir='ltr'><strong><em>Denique</em></strong></span> <span class='ocrx_word' id='word_1_326' title='bbox 2115 2287 2136 2330; x_wconf 94' lang='lat' dir='ltr'><strong><em>a</em></strong></span> <span class='ocrx_word' id='word_1_327' title='bbox 2157 2267 2269 2330; x_wconf 87' lang='lat' dir='ltr'><strong><em>minis-</em></strong></span> 
     </span>
     <span class='ocr_line' id='line_1_23' title="bbox 266 2350 2268 2446; baseline -0.008 -14"><span class='ocrx_word' id='word_1_328' title='bbox 266 2369 372 2432; x_wconf 83' lang='lat' dir='ltr'><strong><em>nistre.</em></strong></span> <span class='ocrx_word' id='word_1_329' title='bbox 388 2367 426 2432; x_wconf 90' lang='lat' dir='ltr'><strong><em>de</em></strong></span> <span class='ocrx_word' id='word_1_330' title='bbox 445 2364 480 2430; x_wconf 89' lang='lat' dir='ltr'><strong><em>la</em></strong></span> <span class='ocrx_word' id='word_1_331' title='bbox 490 2360 614 2446; x_wconf 88' lang='lat' dir='ltr'><strong><em>parolle</em></strong></span> <span class='ocrx_word' id='word_1_332' title='bbox 634 2357 770 2426; x_wconf 90' lang='lat' dir='ltr'><strong><em>deDien</em></strong></span> <span class='ocrx_word' id='word_1_333' title='bbox 791 2361 819 2422; x_wconf 89' lang='lat' dir='ltr'><strong><em>ct</em></strong></span> <span class='ocrx_word' id='word_1_334' title='bbox 838 2356 999 2441; x_wconf 78' lang='lat' dir='ltr'><strong><em>bourpeois</em></strong></span> <span class='ocrx_word' id='word_1_335' title='bbox 1020 2355 1058 2421; x_wconf 89' lang='lat' dir='ltr'><strong><em>de</em></strong></span> <span class='ocrx_word' id='word_1_336' title='bbox 1079 2359 1154 2420; x_wconf 90' lang='lat' dir='ltr'><strong><em>ceste</em></strong></span> <span class='ocrx_word' id='word_1_337' title='bbox 1166 2351 1241 2426; x_wconf 84' lang='lat' dir='ltr'><strong><em>(lite&#39;.</em></strong></span> <span class='ocrx_word' id='word_1_338' title='bbox 1292 2356 1411 2418; x_wconf 82' lang='lat' dir='ltr'><strong><em>trorum</em></strong></span> <span class='ocrx_word' id='word_1_339' title='bbox 1436 2352 1559 2436; x_wconf 79' lang='lat' dir='ltr'><strong><em>callepio</em></strong></span> <span class='ocrx_word' id='word_1_340' title='bbox 1585 2353 1724 2431; x_wconf 68' lang='lat' dir='ltr'><strong><em>eiectum</em></strong></span> <span class='ocrx_word' id='word_1_341' title='bbox 1756 2351 1795 2418; x_wconf 89' lang='lat' dir='ltr'><strong><em>ab</em></strong></span> <span class='ocrx_word' id='word_1_342' title='bbox 1824 2352 2018 2432; x_wconf 72' lang='lat' dir='ltr'><strong><em>anpthstnn</em></strong></span> <span class='ocrx_word' id='word_1_343' title='bbox 2049 2372 2120 2418; x_wconf 85' lang='lat' dir='ltr'><strong><em>vero</em></strong></span> <span class='ocrx_word' id='word_1_344' title='bbox 2148 2350 2268 2418; x_wconf 81' lang='lat' dir='ltr'><strong><em>Senatu</em></strong></span> 
     </span>
     <span class='ocr_line' id='line_1_24' title="bbox 269 2437 2265 2534; baseline -0.009 -16"><span class='ocrx_word' id='word_1_345' title='bbox 269 2452 387 2534; x_wconf 76' lang='lat' dir='ltr'><strong><em>Leouel</em></strong></span> <span class='ocrx_word' id='word_1_346' title='bbox 418 2470 511 2532; x_wconf 82' lang='lat' dir='ltr'><strong><em>apres</em></strong></span> <span class='ocrx_word' id='word_1_347' title='bbox 544 2452 621 2513; x_wconf 87' lang='lat' dir='ltr'><strong><em>ceste</em></strong></span> <span class='ocrx_word' id='word_1_348' title='bbox 652 2445 844 2511; x_wconf 88' lang='lat' dir='ltr'><strong><em>declaration</em></strong></span> <span class='ocrx_word' id='word_1_349' title='bbox 874 2463 896 2508; x_wconf 91' lang='lat' dir='ltr'><strong><em>a</em></strong></span> <span class='ocrx_word' id='word_1_350' title='bbox 919 2440 998 2524; x_wconf 79' lang='lat' dir='ltr'><strong><em>fciet</em></strong></span> <span class='ocrx_word' id='word_1_351' title='bbox 1023 2460 1084 2506; x_wconf 90' lang='lat' dir='ltr'><strong><em>une</em></strong></span> <span class='ocrx_word' id='word_1_352' title='bbox 1115 2441 1241 2506; x_wconf 77' lang='lat' dir='ltr'><strong><em>maison</em></strong></span> <span class='ocrx_word' id='word_1_353' title='bbox 1292 2437 1486 2521; x_wconf 80' lang='lat' dir='ltr'><strong><em>desipnatum</em></strong></span> <span class='ocrx_word' id='word_1_354' title='bbox 1500 2437 1723 2518; x_wconf 68' lang='lat' dir='ltr'><strong><em>maineriaoit</em></strong></span> <span class='ocrx_word' id='word_1_355' title='bbox 1746 2438 1938 2503; x_wconf 75' lang='lat' dir='ltr'><strong><em>Theodorum</em></strong></span> <span class='ocrx_word' id='word_1_356' title='bbox 1958 2437 2088 2517; x_wconf 78' lang='lat' dir='ltr'><strong><em>Boram,</em></strong></span> <span class='ocrx_word' id='word_1_357' title='bbox 2109 2457 2208 2502; x_wconf 86' lang='lat' dir='ltr'><strong><em>unum</em></strong></span> <span class='ocrx_word' id='word_1_358' title='bbox 2228 2457 2265 2502; x_wconf 85' lang='lat' dir='ltr'><strong><em>ec</em></strong></span> 
     </span>
     <span class='ocr_line' id='line_1_25' title="bbox 267 2523 2268 2614; baseline -0.008 -10"><span class='ocrx_word' id='word_1_359' title='bbox 267 2537 470 2614; x_wconf 65' lang='lat' dir='ltr'><strong><em>abartatioe,</em></strong></span> <span class='ocrx_word' id='word_1_360' title='bbox 491 2533 619 2614; x_wconf 84' lang='lat' dir='ltr'><strong><em>ascripto</em></strong></span> <span class='ocrx_word' id='word_1_361' title='bbox 643 2552 681 2596; x_wconf 91' lang='lat' dir='ltr'><strong><em>en</em></strong></span> <span class='ocrx_word' id='word_1_362' title='bbox 708 2531 821 2614; x_wconf 78' lang='lat' dir='ltr'><strong><em>lanpuc</em></strong></span> <span class='ocrx_word' id='word_1_363' title='bbox 842 2527 971 2606; x_wconf 73' lang='lat' dir='ltr'><strong><em>Latiare,</em></strong></span> <span class='ocrx_word' id='word_1_364' title='bbox 993 2547 1078 2610; x_wconf 88' lang='lat' dir='ltr'><strong><em>pour</em></strong></span> <span class='ocrx_word' id='word_1_365' title='bbox 1104 2525 1241 2593; x_wconf 75' lang='lat' dir='ltr'><strong><em>herereua</em></strong></span> <span class='ocrx_word' id='word_1_366' title='bbox 1291 2523 1377 2588; x_wconf 86' lang='lat' dir='ltr'><strong><em>verbi</em></strong></span> <span class='ocrx_word' id='word_1_367' title='bbox 1397 2523 1559 2602; x_wconf 83' lang='lat' dir='ltr'><strong><em>ministris,</em></strong></span> <span class='ocrx_word' id='word_1_368' title='bbox 1581 2523 1700 2588; x_wconf 86' lang='lat' dir='ltr'><strong><em>scholae</em></strong></span> <span class='ocrx_word' id='word_1_369' title='bbox 1720 2528 1874 2588; x_wconf 86' lang='lat' dir='ltr'><strong><em>rectorem.</em></strong></span> <span class='ocrx_word' id='word_1_370' title='bbox 1908 2523 2013 2588; x_wconf 80' lang='lat' dir='ltr'><strong><em>Antea</em></strong></span> <span class='ocrx_word' id='word_1_371' title='bbox 2032 2543 2103 2589; x_wconf 86' lang='lat' dir='ltr'><strong><em>cero</em></strong></span> <span class='ocrx_word' id='word_1_372' title='bbox 2124 2523 2268 2606; x_wconf 82' lang='lat' dir='ltr'><strong><em>desipna·</em></strong></span> 
     </span>
     <span class='ocr_line' id='line_1_26' title="bbox 264 2605 2264 2697; baseline -0.01 -4"><span class='ocrx_word' id='word_1_373' title='bbox 264 2626 515 2692; x_wconf 78' lang='lat' dir='ltr'><strong><em>eonnenmnn</em></strong></span> <span class='ocrx_word' id='word_1_374' title='bbox 535 2619 573 2686; x_wconf 90' lang='lat' dir='ltr'><strong><em>de</em></strong></span> <span class='ocrx_word' id='word_1_375' title='bbox 594 2617 749 2688; x_wconf 77' lang='lat' dir='ltr'><strong><em>leancice</em></strong></span> <span class='ocrx_word' id='word_1_376' title='bbox 769 2615 806 2680; x_wconf 87' lang='lat' dir='ltr'><strong><em>de</em></strong></span> <span class='ocrx_word' id='word_1_377' title='bbox 822 2634 879 2680; x_wconf 90' lang='lat' dir='ltr'><strong><em>son</em></strong></span> <span class='ocrx_word' id='word_1_378' title='bbox 895 2611 990 2696; x_wconf 72' lang='lat' dir='ltr'><strong><em>office.</em></strong></span> <span class='ocrx_word' id='word_1_379' title='bbox 1021 2611 1129 2697; x_wconf 82' lang='lat' dir='ltr'><strong><em>Icclnp</em></strong></span> <span class='ocrx_word' id='word_1_380' title='bbox 1145 2616 1240 2694; x_wconf 78' lang='lat' dir='ltr'><strong><em>ayant</em></strong></span> <span class='ocrx_word' id='word_1_381' title='bbox 1291 2613 1364 2680; x_wconf 88' lang='lat' dir='ltr'><strong><em>rant</em></strong></span> <span class='ocrx_word' id='word_1_382' title='bbox 1395 2609 1491 2674; x_wconf 88' lang='lat' dir='ltr'><strong><em>iidem</em></strong></span> <span class='ocrx_word' id='word_1_383' title='bbox 1517 2609 1691 2674; x_wconf 86' lang='lat' dir='ltr'><strong><em>Antonium</em></strong></span> <span class='ocrx_word' id='word_1_384' title='bbox 1720 2605 1923 2675; x_wconf 59' lang='lat' dir='ltr'><strong><em>&amp;cadmiam</em></strong></span> <span class='ocrx_word' id='word_1_385' title='bbox 1951 2609 2099 2676; x_wconf 75' lang='lat' dir='ltr'><strong><em>hebraeae</em></strong></span> <span class='ocrx_word' id='word_1_386' title='bbox 2132 2609 2264 2694; x_wconf 68' lang='lat' dir='ltr'><strong><em>linquae,</em></strong></span> 
     </span>
     <span class='ocr_line' id='line_1_27' title="bbox 263 2693 2266 2792; baseline -0.007 -17"><span class='ocrx_word' id='word_1_387' title='bbox 263 2710 326 2792; x_wconf 73' lang='lat' dir='ltr'><strong><em>fini</em></strong></span> <span class='ocrx_word' id='word_1_388' title='bbox 345 2729 402 2774; x_wconf 84' lang='lat' dir='ltr'><strong><em>san</em></strong></span> <span class='ocrx_word' id='word_1_389' title='bbox 422 2709 499 2786; x_wconf 89' lang='lat' dir='ltr'><strong><em>dire,</em></strong></span> <span class='ocrx_word' id='word_1_390' title='bbox 522 2705 549 2771; x_wconf 92' lang='lat' dir='ltr'><strong><em>le</em></strong></span> <span class='ocrx_word' id='word_1_391' title='bbox 569 2703 671 2770; x_wconf 72' lang='lat' dir='ltr'><strong><em>studit</em></strong></span> <span class='ocrx_word' id='word_1_392' title='bbox 687 2699 836 2784; x_wconf 85' lang='lat' dir='ltr'><strong><em>speetable</em></strong></span> <span class='ocrx_word' id='word_1_393' title='bbox 848 2697 959 2766; x_wconf 83' lang='lat' dir='ltr'><strong><em>Calain</em></strong></span> <span class='ocrx_word' id='word_1_394' title='bbox 976 2721 997 2764; x_wconf 94' lang='lat' dir='ltr'><strong><em>a</em></strong></span> <span class='ocrx_word' id='word_1_395' title='bbox 1013 2697 1113 2764; x_wconf 89' lang='lat' dir='ltr'><strong><em>rendu</em></strong></span> <span class='ocrx_word' id='word_1_396' title='bbox 1131 2717 1240 2784; x_wconf 74' lang='lat' dir='ltr'><strong><em>praees</em></strong></span> <span class='ocrx_word' id='word_1_397' title='bbox 1292 2693 1499 2760; x_wconf 86' lang='lat' dir='ltr'><strong><em>Franciseum</em></strong></span> <span class='ocrx_word' id='word_1_398' title='bbox 1518 2693 1693 2760; x_wconf 72' lang='lat' dir='ltr'><strong><em>Baralirem</em></strong></span> <span class='ocrx_word' id='word_1_399' title='bbox 1715 2714 1859 2778; x_wconf 76' lang='lat' dir='ltr'><strong><em>praseae,</em></strong></span> <span class='ocrx_word' id='word_1_400' title='bbox 1882 2693 2052 2760; x_wconf 87' lang='lat' dir='ltr'><strong><em>Iohannem</em></strong></span> <span class='ocrx_word' id='word_1_401' title='bbox 2076 2693 2266 2778; x_wconf 76' lang='lat' dir='ltr'><strong><em>Tapautimn</em></strong></span> 
     </span>
     <span class='ocr_line' id='line_1_28' title="bbox 266 2779 2266 2868; baseline -0.009 -5"><span class='ocrx_word' id='word_1_402' title='bbox 266 2793 398 2863; x_wconf 63' lang='lat' dir='ltr'><strong><em>&amp;Dieu</em></strong></span> <span class='ocrx_word' id='word_1_403' title='bbox 418 2793 552 2860; x_wconf 68' lang='lat' dir='ltr'><strong><em>eamear</em></strong></span> <span class='ocrx_word' id='word_1_404' title='bbox 572 2791 610 2856; x_wconf 86' lang='lat' dir='ltr'><strong><em>do</em></strong></span> <span class='ocrx_word' id='word_1_405' title='bbox 630 2808 663 2856; x_wconf 89' lang='lat' dir='ltr'><strong><em>oe</em></strong></span> <span class='ocrx_word' id='word_1_406' title='bbox 683 2787 761 2868; x_wconf 91' lang='lat' dir='ltr'><strong><em>bien,</em></strong></span> <span class='ocrx_word' id='word_1_407' title='bbox 782 2791 810 2853; x_wconf 91' lang='lat' dir='ltr'><strong><em>ct</em></strong></span> <span class='ocrx_word' id='word_1_408' title='bbox 831 2783 954 2850; x_wconf 76' lang='lat' dir='ltr'><strong><em>cebodi</em></strong></span> <span class='ocrx_word' id='word_1_409' title='bbox 973 2783 1106 2850; x_wconf 82' lang='lat' dir='ltr'><strong><em>ciascun</em></strong></span> <span class='ocrx_word' id='word_1_410' title='bbox 1126 2787 1163 2852; x_wconf 86' lang='lat' dir='ltr'><strong><em>de</em></strong></span> <span class='ocrx_word' id='word_1_411' title='bbox 1184 2803 1240 2850; x_wconf 91' lang='lat' dir='ltr'><strong><em>son</em></strong></span> <span class='ocrx_word' id='word_1_412' title='bbox 1287 2779 1500 2862; x_wconf 73' lang='lat' dir='ltr'><strong><em>philosophiae</em></strong></span> <span class='ocrx_word' id='word_1_413' title='bbox 1514 2781 1722 2864; x_wconf 73' lang='lat' dir='ltr'><strong><em>professores.-</em></strong></span> <span class='ocrx_word' id='word_1_414' title='bbox 1745 2779 1917 2846; x_wconf 88' lang='lat' dir='ltr'><strong><em>Iohannem</em></strong></span> <span class='ocrx_word' id='word_1_415' title='bbox 1939 2779 2138 2846; x_wconf 73' lang='lat' dir='ltr'><strong><em>Rendomm</em></strong></span> <span class='ocrx_word' id='word_1_416' title='bbox 2158 2801 2266 2862; x_wconf 88' lang='lat' dir='ltr'><strong><em>supre-</em></strong></span> 
     </span>
     <span class='ocr_line' id='line_1_29' title="bbox 265 2864 2265 2953; baseline -0.009 -5"><span class='ocrx_word' id='word_1_417' title='bbox 265 2879 390 2948; x_wconf 87' lang='lat' dir='ltr'><strong><em>dehaoir</em></strong></span> <span class='ocrx_word' id='word_1_418' title='bbox 417 2879 533 2946; x_wconf 81' lang='lat' dir='ltr'><strong><em>bucer</em></strong></span> <span class='ocrx_word' id='word_1_419' title='bbox 551 2877 629 2944; x_wconf 83' lang='lat' dir='ltr'><strong><em>dun</em></strong></span> <span class='ocrx_word' id='word_1_420' title='bbox 649 2873 688 2940; x_wconf 91' lang='lat' dir='ltr'><strong><em>tel</em></strong></span> <span class='ocrx_word' id='word_1_421' title='bbox 709 2871 842 2953; x_wconf 76' lang='lat' dir='ltr'><strong><em>beuhce.</em></strong></span> <span class='ocrx_word' id='word_1_422' title='bbox 887 2867 932 2936; x_wconf 85' lang='lat' dir='ltr'><strong><em>Et</em></strong></span> <span class='ocrx_word' id='word_1_423' title='bbox 949 2869 1125 2952; x_wconf 72' lang='lat' dir='ltr'><strong><em>pinahrnent</em></strong></span> <span class='ocrx_word' id='word_1_424' title='bbox 1145 2873 1240 2953; x_wconf 80' lang='lat' dir='ltr'><strong><em>ayant</em></strong></span> <span class='ocrx_word' id='word_1_425' title='bbox 1290 2886 1360 2932; x_wconf 89' lang='lat' dir='ltr'><strong><em>mae</em></strong></span> <span class='ocrx_word' id='word_1_426' title='bbox 1380 2865 1493 2931; x_wconf 84' lang='lat' dir='ltr'><strong><em>classis</em></strong></span> <span class='ocrx_word' id='word_1_427' title='bbox 1513 2865 1549 2930; x_wconf 88' lang='lat' dir='ltr'><strong><em>in</em></strong></span> <span class='ocrx_word' id='word_1_428' title='bbox 1564 2864 2265 2948; x_wconf 77' lang='lat' dir='ltr'><strong><em>priuatascholadoetorem:0arolumh1al·</em></strong></span> 
     </span>
     <span class='ocr_line' id='line_1_30' title="bbox 265 2949 2268 3040; baseline -0.008 -7"><span class='ocrx_word' id='word_1_429' title='bbox 265 2965 414 3033; x_wconf 72' lang='lat' dir='ltr'><strong><em>remacii</em></strong></span> <span class='ocrx_word' id='word_1_430' title='bbox 440 2964 569 3030; x_wconf 89' lang='lat' dir='ltr'><strong><em>mesdits</em></strong></span> <span class='ocrx_word' id='word_1_431' title='bbox 595 2959 788 3028; x_wconf 84' lang='lat' dir='ltr'><strong><em>treshenoree</em></strong></span> <span class='ocrx_word' id='word_1_432' title='bbox 810 2955 978 3040; x_wconf 79' lang='lat' dir='ltr'><strong><em>Seipneurs</em></strong></span> <span class='ocrx_word' id='word_1_433' title='bbox 998 2957 1036 3023; x_wconf 89' lang='lat' dir='ltr'><strong><em>de</em></strong></span> <span class='ocrx_word' id='word_1_434' title='bbox 1057 2955 1125 3024; x_wconf 88' lang='lat' dir='ltr'><strong><em>leur</em></strong></span> <span class='ocrx_word' id='word_1_435' title='bbox 1144 2957 1240 3023; x_wconf 90' lang='lat' dir='ltr'><strong><em>bonne</em></strong></span> <span class='ocrx_word' id='word_1_436' title='bbox 1292 2951 1401 3017; x_wconf 75' lang='lat' dir='ltr'><strong><em>bereum</em></strong></span> <span class='ocrx_word' id='word_1_437' title='bbox 1422 2953 1583 3031; x_wconf 79' lang='lat' dir='ltr'><strong><em>suendae,</em></strong></span> <span class='ocrx_word' id='word_1_438' title='bbox 1605 2951 1777 3018; x_wconf 89' lang='lat' dir='ltr'><strong><em>Iohannem</em></strong></span> <span class='ocrx_word' id='word_1_439' title='bbox 1788 2949 1978 3018; x_wconf 88' lang='lat' dir='ltr'><strong><em>Barbiriam</em></strong></span> <span class='ocrx_word' id='word_1_440' title='bbox 1998 2951 2107 3017; x_wconf 90' lang='lat' dir='ltr'><strong><em>tertiae</em></strong></span> <span class='ocrx_word' id='word_1_441' title='bbox 2124 2953 2268 3018; x_wconf 82' lang='lat' dir='ltr'><strong><em>eandem</em></strong></span> 
     </span>
     <span class='ocr_line' id='line_1_31' title="bbox 264 3035 2263 3131; baseline -0.008 -13"><span class='ocrx_word' id='word_1_442' title='bbox 264 3051 396 3131; x_wconf 78' lang='lat' dir='ltr'><strong><em>wlonti,</em></strong></span> <span class='ocrx_word' id='word_1_443' title='bbox 418 3053 494 3116; x_wconf 84' lang='lat' dir='ltr'><strong><em>ceste</em></strong></span> <span class='ocrx_word' id='word_1_444' title='bbox 512 3049 662 3115; x_wconf 89' lang='lat' dir='ltr'><strong><em>heureuse</em></strong></span> <span class='ocrx_word' id='word_1_445' title='bbox 682 3045 807 3112; x_wconf 80' lang='lat' dir='ltr'><strong><em>iocerne</em></strong></span> <span class='ocrx_word' id='word_1_446' title='bbox 828 3065 850 3108; x_wconf 95' lang='lat' dir='ltr'><strong><em>a</em></strong></span> <span class='ocrx_word' id='word_1_447' title='bbox 870 3043 930 3109; x_wconf 79' lang='lat' dir='ltr'><strong><em>esti</em></strong></span> <span class='ocrx_word' id='word_1_448' title='bbox 948 3039 1025 3122; x_wconf 76' lang='lat' dir='ltr'><strong><em>hnic</em></strong></span> <span class='ocrx_word' id='word_1_449' title='bbox 1037 3062 1104 3123; x_wconf 90' lang='grc' dir='ltr'><strong><em>ραν</em></strong></span> <span class='ocrx_word' id='word_1_450' title='bbox 1123 3044 1241 3109; x_wconf 90' lang='lat' dir='ltr'><strong><em>actions</em></strong></span> <span class='ocrx_word' id='word_1_451' title='bbox 1290 3059 1348 3119; x_wconf 76' lang='lat' dir='ltr'><strong><em>aue</em></strong></span> <span class='ocrx_word' id='word_1_452' title='bbox 1384 3036 1684 3120; x_wconf 73' lang='lat' dir='ltr'><strong><em>Gymnasiardcam,</em></strong></span> <span class='ocrx_word' id='word_1_453' title='bbox 1720 3038 1909 3104; x_wconf 83' lang='lat' dir='ltr'><strong><em>Gercasium</em></strong></span> <span class='ocrx_word' id='word_1_454' title='bbox 1940 3035 2093 3102; x_wconf 86' lang='lat' dir='ltr'><strong><em>Enattarn</em></strong></span> <span class='ocrx_word' id='word_1_455' title='bbox 2125 3041 2263 3120; x_wconf 77' lang='lat' dir='ltr'><strong><em>quartae,</em></strong></span> 
     </span>
     <span class='ocr_line' id='line_1_32' title="bbox 266 3121 2264 3220; baseline -0.008 -16"><span class='ocrx_word' id='word_1_456' title='bbox 266 3137 306 3204; x_wconf 92' lang='lat' dir='ltr'><strong><em>de</em></strong></span> <span class='ocrx_word' id='word_1_457' title='bbox 323 3157 433 3220; x_wconf 82' lang='lat' dir='ltr'><strong><em>proces</em></strong></span> <span class='ocrx_word' id='word_1_458' title='bbox 454 3135 605 3216; x_wconf 86' lang='lat' dir='ltr'><strong><em>etpriere</em></strong></span> <span class='ocrx_word' id='word_1_459' title='bbox 625 3132 663 3198; x_wconf 88' lang='lat' dir='ltr'><strong><em>de</em></strong></span> <span class='ocrx_word' id='word_1_460' title='bbox 683 3135 753 3198; x_wconf 88' lang='lat' dir='ltr'><strong><em>tens</em></strong></span> <span class='ocrx_word' id='word_1_461' title='bbox 775 3129 795 3194; x_wconf 84' lang='grc' dir='ltr'>ὰ</span> <span class='ocrx_word' id='word_1_462' title='bbox 817 3134 918 3196; x_wconf 87' lang='lat' dir='ltr'><strong><em>nostre</em></strong></span> <span class='ocrx_word' id='word_1_463' title='bbox 937 3127 1025 3196; x_wconf 86' lang='lat' dir='ltr'><strong><em>Dicn</em></strong></span> <span class='ocrx_word' id='word_1_464' title='bbox 1045 3134 1073 3194; x_wconf 91' lang='lat' dir='ltr'><strong><em>et</em></strong></span> <span class='ocrx_word' id='word_1_465' title='bbox 1095 3127 1190 3196; x_wconf 84' lang='lat' dir='ltr'><strong><em>Pero:</em></strong></span> <span class='ocrx_word' id='word_1_466' title='bbox 1218 3129 1240 3194; x_wconf 85' lang='grc' dir='ltr'>ὰ</span> <span class='ocrx_word' id='word_1_467' title='bbox 1293 3123 1423 3188; x_wconf 90' lang='lat' dir='ltr'><strong><em>Petrum</em></strong></span> <span class='ocrx_word' id='word_1_468' title='bbox 1443 3121 1565 3189; x_wconf 88' lang='lat' dir='ltr'><strong><em>Ducem</em></strong></span> <span class='ocrx_word' id='word_1_469' title='bbox 1589 3123 1730 3205; x_wconf 75' lang='lat' dir='ltr'><strong><em>animae,</em></strong></span> <span class='ocrx_word' id='word_1_470' title='bbox 1753 3122 1925 3188; x_wconf 89' lang='lat' dir='ltr'><strong><em>Iohannem</em></strong></span> <span class='ocrx_word' id='word_1_471' title='bbox 1950 3122 2123 3189; x_wconf 88' lang='lat' dir='ltr'><strong><em>Perriliam</em></strong></span> <span class='ocrx_word' id='word_1_472' title='bbox 2150 3128 2264 3202; x_wconf 72' lang='lat' dir='ltr'><strong><em>uuae,</em></strong></span> 
     </span>
    </p>
   </div>
   <div class='ocr_carea' id='block_1_3' title="bbox 266 3207 2266 3548">
    <p class='ocr_par' dir='ltr' id='par_1_4' title="bbox 266 3207 2264 3384">
     <span class='ocr_line' id='line_1_33' title="bbox 266 3207 2264 3306; baseline -0.009 -17"><span class='ocrx_word' id='word_1_473' title='bbox 266 3218 688 3306; x_wconf 74' lang='lat' dir='ltr'><strong><em>l&#39;honncuretptaireduquel</em></strong></span> <span class='ocrx_word' id='word_1_474' title='bbox 703 3220 808 3304; x_wconf 75' lang='lat' dir='ltr'><strong><em>saperet</em></strong></span> <span class='ocrx_word' id='word_1_475' title='bbox 824 3215 1004 3300; x_wconf 85' lang='lat' dir='ltr'><strong><em>rapporte&#39;es</em></strong></span> <span class='ocrx_word' id='word_1_476' title='bbox 1019 3219 1116 3282; x_wconf 81' lang='lat' dir='ltr'><strong><em>tontes</em></strong></span> <span class='ocrx_word' id='word_1_477' title='bbox 1128 3215 1238 3282; x_wconf 76' lang='lat' dir='ltr'><strong><em>choses.</em></strong></span> <span class='ocrx_word' id='word_1_478' title='bbox 1290 3207 1461 3274; x_wconf 89' lang='lat' dir='ltr'><strong><em>Iohannem</em></strong></span> <span class='ocrx_word' id='word_1_479' title='bbox 1484 3208 1679 3274; x_wconf 87' lang='lat' dir='ltr'><strong><em>Laureaturn</em></strong></span> <span class='ocrx_word' id='word_1_480' title='bbox 1705 3210 1835 3292; x_wconf 61' lang='lat' dir='ltr'><strong><em>dathae</em></strong></span> <span class='ocrx_word' id='word_1_481' title='bbox 1860 3209 2009 3290; x_wconf 86' lang='lat' dir='ltr'><strong><em>septimae</em></strong></span> <span class='ocrx_word' id='word_1_482' title='bbox 2029 3229 2066 3275; x_wconf 92' lang='lat' dir='ltr'><strong><em>ac</em></strong></span> <span class='ocrx_word' id='word_1_483' title='bbox 2081 3215 2264 3290; x_wconf 77' lang='lat' dir='ltr'><strong><em>pastrnnae.</em></strong></span> 
     </span>
     <span class='ocr_line' id='line_1_34' title="bbox 748 3293 2264 3384; baseline 0 -24"><span class='ocrx_word' id='word_1_484' title='bbox 748 3376 752 3384; x_wconf 89' lang='lat'><strong><em>.</em></strong></span> <span class='ocrx_word' id='word_1_485' title='bbox 1289 3293 1346 3360; x_wconf 77' lang='lat' dir='ltr'><strong><em>Aa</em></strong></span> <span class='ocrx_word' id='word_1_486' title='bbox 1365 3315 1443 3376; x_wconf 75' lang='lat' dir='ltr'><strong><em>auos</em></strong></span> <span class='ocrx_word' id='word_1_487' title='bbox 1465 3293 1580 3360; x_wconf 89' lang='lat' dir='ltr'><strong><em>Petrus</em></strong></span> <span class='ocrx_word' id='word_1_488' title='bbox 1601 3293 1753 3376; x_wconf 79' lang='lat' dir='ltr'><strong><em>Daquens</em></strong></span> <span class='ocrx_word' id='word_1_489' title='bbox 1774 3299 1881 3360; x_wconf 89' lang='lat' dir='ltr'><strong><em>cantor</em></strong></span> <span class='ocrx_word' id='word_1_490' title='bbox 1901 3295 2035 3360; x_wconf 71' lang='lat' dir='ltr'><strong><em>anese.</em></strong></span> <span class='ocrx_word' id='word_1_491' title='bbox 2062 3293 2264 3379; x_wconf 81' lang='lat' dir='ltr'><strong><em>&#39;Iheolopiam</em></strong></span> 
     </span>
    </p>

    <p class='ocr_par' dir='ltr' id='par_1_5' title="bbox 1289 3377 2266 3446">
     <span class='ocr_line' id='line_1_35' title="bbox 1289 3377 2266 3446; baseline -0.001 0"><span class='ocrx_word' id='word_1_492' title='bbox 1289 3381 1372 3446; x_wconf 87' lang='lat' dir='ltr'><strong><em>enim</em></strong></span> <span class='ocrx_word' id='word_1_493' title='bbox 1400 3379 1444 3444; x_wconf 91' lang='lat' dir='ltr'><strong><em>D.</em></strong></span> <span class='ocrx_word' id='word_1_494' title='bbox 1473 3378 1631 3446; x_wconf 87' lang='lat' dir='ltr'><strong><em>Iohannes</em></strong></span> <span class='ocrx_word' id='word_1_495' title='bbox 1660 3377 1811 3446; x_wconf 81' lang='lat' dir='ltr'><strong><em>Oaloinras</em></strong></span> <span class='ocrx_word' id='word_1_496' title='bbox 1844 3379 1952 3446; x_wconf 89' lang='lat' dir='ltr'><strong><em>multis</em></strong></span> <span class='ocrx_word' id='word_1_497' title='bbox 1978 3381 2045 3444; x_wconf 85' lang='lat' dir='ltr'><strong><em>iam</em></strong></span> <span class='ocrx_word' id='word_1_498' title='bbox 2072 3383 2143 3445; x_wconf 86' lang='lat' dir='ltr'><strong><em>ante</em></strong></span> <span class='ocrx_word' id='word_1_499' title='bbox 2169 3381 2266 3446; x_wconf 88' lang='lat' dir='ltr'><strong><em>annis</em></strong></span> 
     </span>
    </p>

    <p class='ocr_par' dir='ltr' id='par_1_6' title="bbox 335 3463 2265 3548">
     <span class='ocr_line' id='line_1_36' title="bbox 335 3463 2265 3548; baseline 0 -16"><span class='ocrx_word' id='word_1_500' title='bbox 335 3475 464 3540; x_wconf 69' lang='lat'>111561:</span> <span class='ocrx_word' id='word_1_501' title='bbox 483 3475 706 3532; x_wconf 66' lang='lat' dir='ltr'><strong><em>mauriane.</em></strong></span> <span class='ocrx_word' id='word_1_502' title='bbox 1283 3465 1498 3548; x_wconf 75' lang='lat' dir='ltr'><strong><em>profitebatur,</em></strong></span> <span class='ocrx_word' id='word_1_503' title='bbox 1529 3467 1581 3532; x_wconf 87' lang='lat' dir='ltr'><strong><em>cui</em></strong></span> <span class='ocrx_word' id='word_1_504' title='bbox 1600 3485 1682 3530; x_wconf 90' lang='lat' dir='ltr'><strong><em>nune</em></strong></span> <span class='ocrx_word' id='word_1_505' title='bbox 1702 3465 1746 3531; x_wconf 91' lang='lat' dir='ltr'><strong><em>D.</em></strong></span> <span class='ocrx_word' id='word_1_506' title='bbox 1772 3465 1956 3532; x_wconf 81' lang='lat' dir='ltr'><strong><em>Theodorus</em></strong></span> <span class='ocrx_word' id='word_1_507' title='bbox 1976 3465 2075 3545; x_wconf 77' lang='lat' dir='ltr'><strong><em>Besa,</em></strong></span> <span class='ocrx_word' id='word_1_508' title='bbox 2097 3465 2155 3546; x_wconf 77' lang='lat' dir='ltr'><strong><em>qni</em></strong></span> <span class='ocrx_word' id='word_1_509' title='bbox 2175 3463 2265 3532; x_wconf 83' lang='lat' dir='ltr'><strong><em>aher·</em></strong></span> 
     </span>
    </p>
   </div>
   <div class='ocr_carea' id='block_1_4' title="bbox 333 3543 2264 3703">
    <p class='ocr_par' dir='ltr' id='par_1_7' title="bbox 333 3543 2264 3703">
     <span class='ocr_line' id='line_1_37' title="bbox 333 3543 2264 3634; baseline 0.004 -23"><span class='ocrx_word' id='word_1_510' title='bbox 333 3543 796 3616; x_wconf 77' lang='lat' dir='ltr'><strong><em>2)15s·1:augrsndtemplede.</em></strong></span> <span class='ocrx_word' id='word_1_511' title='bbox 1289 3552 1341 3616; x_wconf 91' lang='lat' dir='ltr'><strong><em>nis</em></strong></span> <span class='ocrx_word' id='word_1_512' title='bbox 1366 3551 1604 3618; x_wconf 80' lang='lat' dir='ltr'><strong><em>hebdomadibus</em></strong></span> <span class='ocrx_word' id='word_1_513' title='bbox 1630 3552 1712 3617; x_wconf 62' lang='lat' dir='ltr'><strong><em>dem</em></strong></span> <span class='ocrx_word' id='word_1_514' title='bbox 1739 3571 1853 3618; x_wconf 88' lang='lat' dir='ltr'><strong><em>munus</em></strong></span> <span class='ocrx_word' id='word_1_515' title='bbox 1873 3551 1971 3632; x_wconf 87' lang='lat' dir='ltr'><strong><em>obeat,</em></strong></span> <span class='ocrx_word' id='word_1_516' title='bbox 2002 3551 2117 3634; x_wconf 76' lang='lat' dir='ltr'><strong><em>collcpa</em></strong></span> <span class='ocrx_word' id='word_1_517' title='bbox 2136 3552 2264 3618; x_wconf 87' lang='lat' dir='ltr'><strong><em>adiano-</em></strong></span> 
     </span>
     <span class='ocr_line' id='line_1_38' title="bbox 334 3611 1413 3703; baseline -0.004 -33"><span class='ocrx_word' id='word_1_518' title='bbox 334 3613 364 3681; x_wconf 79' lang='lat'><strong><em>3)</em></strong></span> <span class='ocrx_word' id='word_1_519' title='bbox 383 3613 464 3670; x_wconf 76' lang='lat'>1561:</span> <span class='ocrx_word' id='word_1_520' title='bbox 482 3621 542 3670; x_wconf 77' lang='lat' dir='ltr'><strong><em>tenc</em></strong></span> <span class='ocrx_word' id='word_1_521' title='bbox 558 3613 713 3683; x_wconf 75' lang='lat' dir='ltr'><strong><em>ducollege</em></strong></span> <span class='ocrx_word' id='word_1_522' title='bbox 730 3629 800 3683; x_wconf 84' lang='lat' dir='ltr'><strong><em>pour</em></strong></span> <span class='ocrx_word' id='word_1_523' title='bbox 815 3612 856 3668; x_wconf 84' lang='lat' dir='ltr'><strong><em>les</em></strong></span> <span class='ocrx_word' id='word_1_524' title='bbox 873 3611 968 3667; x_wconf 72' lang='lat' dir='ltr'><strong><em>enlm</em></strong></span> <span class='ocrx_word' id='word_1_525' title='bbox 984 3625 1037 3680; x_wconf 83' lang='lat' dir='ltr'><strong><em>que</em></strong></span> <span class='ocrx_word' id='word_1_526' title='bbox 1054 3611 1089 3668; x_wconf 81' lang='lat' dir='ltr'><strong><em>de</em></strong></span> <span class='ocrx_word' id='word_1_527' title='bbox 1100 3611 1238 3682; x_wconf 65' lang='lat' dir='ltr'><strong><em>lupence</em></strong></span> <span class='ocrx_word' id='word_1_528' title='bbox 1289 3641 1342 3703; x_wconf 57' lang='lat' dir='ltr'><strong><em>tus</em></strong></span> <span class='ocrx_word' id='word_1_529' title='bbox 1362 3641 1413 3703; x_wconf 40' lang='grc' dir='ltr'><strong><em>εει.</em></strong></span> 
     </span>
    </p>
   </div>
   <div class='ocr_carea' id='block_1_5' title="bbox 263 3683 2267 3816">
    <p class='ocr_par' dir='ltr' id='par_1_8' title="bbox 263 3683 2267 3816">
     <span class='ocr_line' id='line_1_39' title="bbox 263 3683 2267 3816; baseline 0.001 -10"><span class='ocrx_word' id='word_1_530' title='bbox 263 3683 757 3816; x_wconf 61' lang='lat' dir='ltr'><strong><em>*⁰¹rsee¹¹e·..f......f..</em></strong></span> <span class='ocrx_word' id='word_1_531' title='bbox 1376 3721 1441 3788; x_wconf 72' lang='lat' dir='ltr'><strong><em>He</em></strong></span> <span class='ocrx_word' id='word_1_532' title='bbox 1471 3723 1725 3806; x_wconf 68' lang='lat' dir='ltr'><strong><em>veronens.</em></strong></span> <span class='ocrx_word' id='word_1_533' title='bbox 1765 3723 2072 3805; x_wconf 58' lang='lat' dir='ltr'><strong><em>corennum</em></strong></span> <span class='ocrx_word' id='word_1_534' title='bbox 2107 3719 2267 3808; x_wconf 66' lang='lat' dir='ltr'><strong><em>semus</em></strong></span> 
     </span>
    </p>
   </div>
   <div class='ocr_carea' id='block_1_6' title="bbox 264 3806 2267 5090">
    <p class='ocr_par' dir='ltr' id='par_1_9' title="bbox 264 3806 2267 5090">
     <span class='ocr_line' id='line_1_40' title="bbox 333 3806 2262 3908; baseline -0.001 -34"><span class='ocrx_word' id='word_1_535' title='bbox 333 3819 364 3887; x_wconf 87' lang='lat' dir='ltr'><strong><em>b)</em></strong></span> <span class='ocrx_word' id='word_1_536' title='bbox 383 3821 464 3876; x_wconf 79' lang='lat'>1561:</span> <span class='ocrx_word' id='word_1_537' title='bbox 483 3821 523 3876; x_wconf 80' lang='lat' dir='ltr'><strong><em>les</em></strong></span> <span class='ocrx_word' id='word_1_538' title='bbox 541 3821 669 3902; x_wconf 72' lang='lat' dir='ltr'><strong><em>Meistres</em></strong></span> <span class='ocrx_word' id='word_1_539' title='bbox 686 3827 714 3874; x_wconf 81' lang='lat' dir='ltr'><strong><em>et</em></strong></span> <span class='ocrx_word' id='word_1_540' title='bbox 772 3835 838 3888; x_wconf 73' lang='lat' dir='ltr'><strong><em>gens</em></strong></span> <span class='ocrx_word' id='word_1_541' title='bbox 856 3817 905 3874; x_wconf 85' lang='lat' dir='ltr'><strong><em>des</em></strong></span> <span class='ocrx_word' id='word_1_542' title='bbox 922 3817 1032 3887; x_wconf 80' lang='lat' dir='ltr'><strong><em>classes,</em></strong></span> <span class='ocrx_word' id='word_1_543' title='bbox 1048 3817 1089 3874; x_wconf 85' lang='lat' dir='ltr'><strong><em>les</em></strong></span> <span class='ocrx_word' id='word_1_544' title='bbox 1106 3815 1238 3873; x_wconf 81' lang='lat' dir='ltr'><strong><em>Lacteurs</em></strong></span> <span class='ocrx_word' id='word_1_545' title='bbox 1291 3807 1414 3874; x_wconf 77' lang='lat' dir='ltr'><strong><em>Rcalori</em></strong></span> <span class='ocrx_word' id='word_1_546' title='bbox 1432 3806 1556 3890; x_wconf 74' lang='lat' dir='ltr'><strong><em>fecisset</em></strong></span> <span class='ocrx_word' id='word_1_547' title='bbox 1576 3808 1697 3874; x_wconf 75' lang='lat' dir='ltr'><strong><em>dicendi</em></strong></span> <span class='ocrx_word' id='word_1_548' title='bbox 1712 3813 1909 3908; x_wconf 35' lang='lat' dir='ltr'><strong><em>potantes!</em></strong></span> <span class='ocrx_word' id='word_1_549' title='bbox 1928 3813 1994 3872; x_wconf 77' lang='lat' dir='ltr'><strong><em>lum</em></strong></span> <span class='ocrx_word' id='word_1_550' title='bbox 2015 3807 2069 3908; x_wconf 77' lang='lat' dir='ltr'><strong><em>ille</em></strong></span> <span class='ocrx_word' id='word_1_551' title='bbox 2089 3855 2219 3873; x_wconf 87' lang='grc'><strong>.....</strong></span> <span class='ocrx_word' id='word_1_552' title='bbox 2237 3807 2262 3892; x_wconf 90' lang='lat'><strong><em>¹)</em></strong></span> 
     </span>
     <span class='ocr_line' id='line_1_41' title="bbox 264 3889 2264 4028; baseline 0.007 -82"><span class='ocrx_word' id='word_1_553' title='bbox 264 3895 295 3947; x_wconf 79' lang='lat' dir='ltr'><strong><em>et</em></strong></span> <span class='ocrx_word' id='word_1_554' title='bbox 310 3889 499 4024; x_wconf 49' lang='lat' dir='ltr'><strong><em>ngelegeeffi</em></strong></span> <span class='ocrx_word' id='word_1_555' title='bbox 499 3890 668 4012; x_wconf 45' lang='lat' dir='ltr'><strong><em>81:121qu</em></strong></span> <span class='ocrx_word' id='word_1_556' title='bbox 686 3955 771 4012; x_wconf 48' lang='lat' dir='ltr'><strong><em>&#39;ome</em></strong></span> <span class='ocrx_word' id='word_1_557' title='bbox 788 3958 834 4028; x_wconf 61' lang='lat' dir='ltr'><strong><em>qui</em></strong></span> <span class='ocrx_word' id='word_1_558' title='bbox 851 3953 968 4012; x_wconf 48' lang='lat' dir='ltr'><strong><em>must</em></strong></span> <span class='ocrx_word' id='word_1_559' title='bbox 1289 3945 1297 3960; x_wconf 94' lang='lat'><strong><em>.</em></strong></span> <span class='ocrx_word' id='word_1_560' title='bbox 1321 3944 1328 3959; x_wconf 92' lang='lat'><strong><em>.</em></strong></span> <span class='ocrx_word' id='word_1_561' title='bbox 1351 3943 1359 3958; x_wconf 95' lang='lat'><strong><em>.</em></strong></span> <span class='ocrx_word' id='word_1_562' title='bbox 1381 3943 1389 3958; x_wconf 94' lang='lat'><strong><em>.</em></strong></span> <span class='ocrx_word' id='word_1_563' title='bbox 1412 3899 1485 3974; x_wconf 74' lang='lat' dir='ltr'><strong><em>[pag.</em></strong></span> <span class='ocrx_word' id='word_1_564' title='bbox 1506 3896 1538 3993; x_wconf 63' lang='lat' dir='ltr'><strong><em>l]</em></strong></span> <span class='ocrx_word' id='word_1_565' title='bbox 1566 3893 1659 3960; x_wconf 82' lang='lat' dir='ltr'><strong><em>Hane</em></strong></span> <span class='ocrx_word' id='word_1_566' title='bbox 1685 3913 1757 3959; x_wconf 84' lang='lat' dir='ltr'><strong><em>aero</em></strong></span> <span class='ocrx_word' id='word_1_567' title='bbox 1784 3893 1925 3994; x_wconf 75' lang='lat' dir='ltr'><strong><em>Rectorcs</em></strong></span> <span class='ocrx_word' id='word_1_568' title='bbox 1951 3898 2133 3994; x_wconf 45' lang='lat' dir='ltr'><strong><em>walconem·</em></strong></span> <span class='ocrx_word' id='word_1_569' title='bbox 2147 3892 2189 3958; x_wconf 92' lang='lat' dir='ltr'><strong><em>D.</em></strong></span> <span class='ocrx_word' id='word_1_570' title='bbox 2213 3891 2264 3959; x_wconf 87' lang='lat' dir='ltr'><strong><em>Io-</em></strong></span> 
     </span>
     <span class='ocr_line' id='line_1_42' title="bbox 335 3977 2264 4097; baseline -0.002 -17"><span class='ocrx_word' id='word_1_571' title='bbox 335 4026 365 4094; x_wconf 72' lang='lat' dir='ltr'><strong><em>l)</em></strong></span> <span class='ocrx_word' id='word_1_572' title='bbox 388 4025 459 4082; x_wconf 72' lang='lat' dir='ltr'><strong><em>cour</em></strong></span> <span class='ocrx_word' id='word_1_573' title='bbox 475 4041 504 4082; x_wconf 85' lang='lat' dir='ltr'><strong><em>ee</em></strong></span> <span class='ocrx_word' id='word_1_574' title='bbox 519 4027 694 4097; x_wconf 77' lang='lat' dir='ltr'><strong><em>parapraphe</em></strong></span> <span class='ocrx_word' id='word_1_575' title='bbox 710 4032 749 4082; x_wconf 87' lang='lat' dir='ltr'><strong><em>eet</em></strong></span> <span class='ocrx_word' id='word_1_576' title='bbox 765 4028 834 4082; x_wconf 75' lang='lat' dir='ltr'><strong><em>onie</em></strong></span> <span class='ocrx_word' id='word_1_577' title='bbox 851 4025 922 4082; x_wconf 78' lang='lat' dir='ltr'><strong><em>tane</em></strong></span> <span class='ocrx_word' id='word_1_578' title='bbox 938 4021 1060 4084; x_wconf 81' lang='lat' dir='ltr'><strong><em>tidition</em></strong></span> <span class='ocrx_word' id='word_1_579' title='bbox 1076 4023 1110 4080; x_wconf 87' lang='lat' dir='ltr'><strong><em>de</em></strong></span> <span class='ocrx_word' id='word_1_580' title='bbox 1127 4023 1204 4080; x_wconf 72' lang='lat'><strong><em>1561.</em></strong></span> <span class='ocrx_word' id='word_1_581' title='bbox 1288 3979 1406 4045; x_wconf 64' lang='lat' dir='ltr'><strong><em>hams</em></strong></span> <span class='ocrx_word' id='word_1_582' title='bbox 1429 3977 1579 4078; x_wconf 52' lang='lat' dir='ltr'><strong><em>Gallim</em></strong></span> <span class='ocrx_word' id='word_1_583' title='bbox 1599 3983 1753 4078; x_wconf 51' lang='lat' dir='ltr'><strong><em>mm</em></strong></span> <span class='ocrx_word' id='word_1_584' title='bbox 1779 3999 1949 4078; x_wconf 55' lang='lat' dir='ltr'><strong><em>mmm!</em></strong></span> <span class='ocrx_word' id='word_1_585' title='bbox 1972 3978 2056 4044; x_wconf 63' lang='lat' dir='ltr'><em>brem</em></span> <span class='ocrx_word' id='word_1_586' title='bbox 2077 3979 2208 4077; x_wconf 54' lang='lat' dir='ltr'><strong><em>Qum’</em></strong></span> <span class='ocrx_word' id='word_1_587' title='bbox 2228 3983 2264 4043; x_wconf 64' lang='lat' dir='ltr'><strong><em>“l</em></strong></span> 
     </span>
     <span class='ocr_line' id='line_1_43' title="bbox 1288 4064 2266 4146; baseline 0 -14"><span class='ocrx_word' id='word_1_588' title='bbox 1288 4065 1376 4143; x_wconf 89' lang='lat' dir='ltr'><strong><em>solet,</em></strong></span> <span class='ocrx_word' id='word_1_589' title='bbox 1403 4065 1458 4130; x_wconf 90' lang='lat' dir='ltr'><strong><em>sed</em></strong></span> <span class='ocrx_word' id='word_1_590' title='bbox 1479 4064 1525 4130; x_wconf 81' lang='lat' dir='ltr'><strong><em>del</em></strong></span> <span class='ocrx_word' id='word_1_591' title='bbox 1557 4071 1621 4130; x_wconf 81' lang='lat' dir='ltr'><strong><em>enti</em></strong></span> <span class='ocrx_word' id='word_1_592' title='bbox 1642 4069 1671 4129; x_wconf 89' lang='lat' dir='ltr'><strong><em>et</em></strong></span> <span class='ocrx_word' id='word_1_593' title='bbox 1691 4070 1838 4132; x_wconf 86' lang='lat' dir='ltr'><strong><em>accurata</em></strong></span> <span class='ocrx_word' id='word_1_594' title='bbox 1858 4071 2011 4144; x_wconf 80' lang='lat' dir='ltr'><strong><em>aratiam,</em></strong></span> <span class='ocrx_word' id='word_1_595' title='bbox 2034 4085 2179 4146; x_wconf 78' lang='grc' dir='ltr'><em>ρνννιανα</em></span> <span class='ocrx_word' id='word_1_596' title='bbox 2199 4085 2266 4132; x_wconf 86' lang='lat' dir='ltr'><strong><em>om·</em></strong></span> 
     </span>
     <span class='ocr_line' id='line_1_44' title="bbox 1288 4149 2264 4233; baseline 0 -17"><span class='ocrx_word' id='word_1_597' title='bbox 1288 4152 1378 4216; x_wconf 84' lang='lat' dir='ltr'><strong><em>nium</em></strong></span> <span class='ocrx_word' id='word_1_598' title='bbox 1404 4150 1511 4215; x_wconf 87' lang='lat' dir='ltr'><strong><em>docuit</em></strong></span> <span class='ocrx_word' id='word_1_599' title='bbox 1616 4151 1782 4216; x_wconf 87' lang='lat' dir='ltr'><strong><em>consilinm</em></strong></span> <span class='ocrx_word' id='word_1_600' title='bbox 1810 4173 1832 4218; x_wconf 92' lang='lat' dir='ltr'><strong><em>a</em></strong></span> <span class='ocrx_word' id='word_1_601' title='bbox 1860 4150 1929 4216; x_wconf 91' lang='lat' dir='ltr'><strong><em>Dea</em></strong></span> <span class='ocrx_word' id='word_1_602' title='bbox 1954 4150 1988 4217; x_wconf 88' lang='lat'><strong><em>0.</em></strong></span> <span class='ocrx_word' id='word_1_603' title='bbox 2012 4149 2059 4215; x_wconf 83' lang='grc' dir='ltr'><strong><em>Μ.</em></strong></span> <span class='ocrx_word' id='word_1_604' title='bbox 2081 4151 2264 4233; x_wconf 73' lang='lat' dir='ltr'><strong><em>profectum</em></strong></span> 
     </span>
     <span class='ocr_line' id='line_1_45' title="bbox 1288 4235 2267 4320; baseline -0.001 -19"><span class='ocrx_word' id='word_1_605' title='bbox 1288 4235 1412 4301; x_wconf 91' lang='lat' dir='ltr'><strong><em>Deinde</em></strong></span> <span class='ocrx_word' id='word_1_606' title='bbox 1431 4235 1587 4302; x_wconf 73' lang='lat' dir='ltr'><strong><em>statinae</em></strong></span> <span class='ocrx_word' id='word_1_607' title='bbox 1608 4255 1712 4302; x_wconf 77' lang='lat' dir='ltr'><strong><em>omnus</em></strong></span> <span class='ocrx_word' id='word_1_608' title='bbox 1732 4237 1774 4302; x_wconf 89' lang='lat' dir='ltr'><strong><em>ad</em></strong></span> <span class='ocrx_word' id='word_1_609' title='bbox 1794 4240 1915 4303; x_wconf 88' lang='lat' dir='ltr'><strong><em>tantum</em></strong></span> <span class='ocrx_word' id='word_1_610' title='bbox 1935 4236 2159 4320; x_wconf 77' lang='lat' dir='ltr'><strong><em>apmseendnm</em></strong></span> <span class='ocrx_word' id='word_1_611' title='bbox 2180 4235 2267 4302; x_wconf 87' lang='lat' dir='ltr'><strong><em>bene·</em></strong></span> 
     </span>
     <span class='ocr_line' id='line_1_46' title="bbox 1287 4319 2263 4404; baseline 0.002 -19"><span class='ocrx_word' id='word_1_612' title='bbox 1287 4321 1396 4404; x_wconf 73' lang='lat' dir='ltr'><strong><em>ficium</em></strong></span> <span class='ocrx_word' id='word_1_613' title='bbox 1416 4325 1461 4386; x_wconf 88' lang='lat' dir='ltr'><strong><em>est</em></strong></span> <span class='ocrx_word' id='word_1_614' title='bbox 1481 4319 1662 4387; x_wconf 89' lang='lat' dir='ltr'><strong><em>cohortatus.</em></strong></span> <span class='ocrx_word' id='word_1_615' title='bbox 1708 4321 1821 4390; x_wconf 84' lang='lat' dir='ltr'><strong><em>Postea</em></strong></span> <span class='ocrx_word' id='word_1_616' title='bbox 1841 4321 2031 4404; x_wconf 88' lang='lat' dir='ltr'><strong><em>amplissimi</em></strong></span> <span class='ocrx_word' id='word_1_617' title='bbox 2052 4319 2187 4387; x_wconf 82' lang='lat' dir='ltr'><strong><em>Senatus</em></strong></span> <span class='ocrx_word' id='word_1_618' title='bbox 2214 4341 2263 4387; x_wconf 87' lang='lat' dir='ltr'><strong><em>aa·</em></strong></span> 
     </span>
     <span class='ocr_line' id='line_1_47' title="bbox 1290 4405 2263 4492; baseline -0.001 -19"><span class='ocrx_word' id='word_1_619' title='bbox 1290 4407 1417 4486; x_wconf 77' lang='lat' dir='ltr'><strong><em>lentate,</em></strong></span> <span class='ocrx_word' id='word_1_620' title='bbox 1431 4411 1532 4486; x_wconf 77' lang='lat' dir='ltr'><strong><em>praed</em></strong></span> <span class='ocrx_word' id='word_1_621' title='bbox 1551 4426 1603 4472; x_wconf 88' lang='lat' dir='ltr'><strong><em>res</em></strong></span> <span class='ocrx_word' id='word_1_622' title='bbox 1621 4405 1751 4492; x_wconf 80' lang='lat' dir='ltr'><strong><em>ferebat,</em></strong></span> <span class='ocrx_word' id='word_1_623' title='bbox 1772 4409 1990 4487; x_wconf 78' lang='lat' dir='ltr'><strong><em>mmmmdahc,</em></strong></span> <span class='ocrx_word' id='word_1_624' title='bbox 2013 4408 2055 4472; x_wconf 91' lang='lat' dir='ltr'><strong><em>cd</em></strong></span> <span class='ocrx_word' id='word_1_625' title='bbox 2074 4408 2160 4489; x_wconf 76' lang='grc' dir='ltr'><em>ι’ρααα</em></span> <span class='ocrx_word' id='word_1_626' title='bbox 2183 4405 2263 4492; x_wconf 78' lang='lat' dir='ltr'><strong><em>Syn·</em></strong></span> 
     </span>
     <span class='ocr_line' id='line_1_48' title="bbox 1290 4493 2264 4576; baseline 0 -17"><span class='ocrx_word' id='word_1_627' title='bbox 1290 4493 1377 4559; x_wconf 87' lang='lat' dir='ltr'><strong><em>dicos</em></strong></span> <span class='ocrx_word' id='word_1_628' title='bbox 1396 4496 1424 4557; x_wconf 90' lang='lat' dir='ltr'><strong><em>et</em></strong></span> <span class='ocrx_word' id='word_1_629' title='bbox 1443 4493 1675 4558; x_wconf 68' lang='lat' dir='ltr'><strong><em>ermioniae</em></strong></span> <span class='ocrx_word' id='word_1_630' title='bbox 1695 4498 1853 4559; x_wconf 86' lang='lat' dir='ltr'><strong><em>senatores</em></strong></span> <span class='ocrx_word' id='word_1_631' title='bbox 1872 4513 1906 4559; x_wconf 84' lang='lat' dir='ltr'><strong><em>se</em></strong></span> <span class='ocrx_word' id='word_1_632' title='bbox 1926 4498 2112 4572; x_wconf 74' lang='lat' dir='ltr'><strong><em>mnoutens,</em></strong></span> <span class='ocrx_word' id='word_1_633' title='bbox 2138 4493 2264 4576; x_wconf 65' lang='lat' dir='ltr'><strong><em>patras</em></strong></span> 
     </span>
     <span class='ocr_line' id='line_1_49' title="bbox 1289 4577 2265 4662; baseline 0 -19"><span class='ocrx_word' id='word_1_634' title='bbox 1289 4577 1358 4644; x_wconf 85' lang='lat' dir='ltr'><strong><em>illis</em></strong></span> <span class='ocrx_word' id='word_1_635' title='bbox 1386 4578 1447 4662; x_wconf 76' lang='lat' dir='ltr'><strong><em>epit</em></strong></span> <span class='ocrx_word' id='word_1_636' title='bbox 1477 4578 1569 4642; x_wconf 91' lang='lat' dir='ltr'><strong><em>totius</em></strong></span> <span class='ocrx_word' id='word_1_637' title='bbox 1594 4579 1772 4645; x_wconf 78' lang='lat' dir='ltr'><strong><em>madnniae</em></strong></span> <span class='ocrx_word' id='word_1_638' title='bbox 1796 4579 1933 4658; x_wconf 84' lang='lat' dir='ltr'><strong><em>nmninc,</em></strong></span> <span class='ocrx_word' id='word_1_639' title='bbox 1965 4579 2047 4661; x_wconf 73' lang='lat' dir='ltr'><strong><em>quod</em></strong></span> <span class='ocrx_word' id='word_1_640' title='bbox 2075 4599 2137 4643; x_wconf 89' lang='lat' dir='ltr'><strong><em>sua</em></strong></span> <span class='ocrx_word' id='word_1_641' title='bbox 2169 4579 2265 4644; x_wconf 70' lang='lat' dir='ltr'><strong><em>dmm</em></strong></span> 
     </span>
     <span class='ocr_line' id='line_1_50' title="bbox 1284 4663 2263 4833; baseline 0.001 -104"><span class='ocrx_word' id='word_1_642' title='bbox 1284 4664 1469 4832; x_wconf 43' lang='lat' dir='ltr'><strong><em>placillam</em></strong></span> <span class='ocrx_word' id='word_1_643' title='bbox 1490 4663 1712 4833; x_wconf 48' lang='lat' dir='ltr'><strong><em>septingi‘siscnt</em></strong></span> <span class='ocrx_word' id='word_1_644' title='bbox 1733 4669 1828 4729; x_wconf 90' lang='lat' dir='ltr'><strong><em>toturn</em></strong></span> <span class='ocrx_word' id='word_1_645' title='bbox 1847 4663 1938 4730; x_wconf 79' lang='lat' dir='ltr'><strong><em>cllum</em></strong></span> <span class='ocrx_word' id='word_1_646' title='bbox 1960 4663 2263 4831; x_wconf 51' lang='grc' dir='ltr'><strong><em>αανίαναιᾳῖιεθααςίαᾶἓ</em></strong></span> 
     </span>
     <span class='ocr_line' id='line_1_51' title="bbox 1290 4767 2198 4816; baseline -0.001 -1"><span class='ocrx_word' id='word_1_647' title='bbox 1290 4769 1306 4815; x_wconf 90' lang='lat' dir='ltr'><strong><em>e</em></strong></span> <span class='ocrx_word' id='word_1_648' title='bbox 1415 4767 1448 4812; x_wconf 92' lang='lat' dir='ltr'><strong><em>m</em></strong></span> <span class='ocrx_word' id='word_1_649' title='bbox 1513 4769 1584 4814; x_wconf 86' lang='lat' dir='ltr'><strong><em>omn</em></strong></span> <span class='ocrx_word' id='word_1_650' title='bbox 1650 4769 1749 4816; x_wconf 78' lang='lat' dir='ltr'><strong><em>mneos</em></strong></span> <span class='ocrx_word' id='word_1_651' title='bbox 1776 4769 1925 4815; x_wconf 75' lang='lat' dir='ltr'><strong><em>comeare</em></strong></span> <span class='ocrx_word' id='word_1_652' title='bbox 1970 4771 2006 4816; x_wconf 90' lang='lat' dir='ltr'><strong><em>ro</em></strong></span> <span class='ocrx_word' id='word_1_653' title='bbox 2026 4771 2079 4814; x_wconf 83' lang='lat' dir='ltr'><strong><em>aar</em></strong></span> <span class='ocrx_word' id='word_1_654' title='bbox 2179 4772 2198 4814; x_wconf 86' lang='lat' dir='ltr'><strong><em>e</em></strong></span> 
     </span>
     <span class='ocr_line' id='line_1_52' title="bbox 1185 4769 2264 4920; baseline -0.002 -16"><span class='ocrx_word' id='word_1_655' title='bbox 1185 4891 1188 4904; x_wconf 90' lang='lat'><strong><em>.</em></strong></span> <span class='ocrx_word' id='word_1_656' title='bbox 1289 4839 1405 4900; x_wconf 85' lang='lat' dir='ltr'><strong><em>menter</em></strong></span> <span class='ocrx_word' id='word_1_657' title='bbox 1424 4769 1515 4900; x_wconf 51' lang='lat' dir='ltr'><strong><em>uiliore</em></strong></span> <span class='ocrx_word' id='word_1_658' title='bbox 1535 4839 1718 4900; x_wconf 79' lang='lat' dir='ltr'><strong><em>lamsaneto</em></strong></span> <span class='ocrx_word' id='word_1_659' title='bbox 1729 4834 1855 4900; x_wconf 70' lang='lat' dir='ltr'><strong><em>mnan</em></strong></span> <span class='ocrx_word' id='word_1_660' title='bbox 1872 4771 2137 4920; x_wconf 70' lang='lat' dir='ltr'><strong><em>tardoncelwnesta</em></strong></span> <span class='ocrx_word' id='word_1_661' title='bbox 2150 4841 2264 4902; x_wconf 83' lang='lat' dir='ltr'><strong><em>conatu</em></strong></span> 
     </span>
     <span class='ocr_line' id='line_1_53' title="bbox 1226 4919 2262 5004; baseline 0.002 -20"><span class='ocrx_word' id='word_1_662' title='bbox 1226 4989 1228 4994; x_wconf 67' lang='grc'>,</span> <span class='ocrx_word' id='word_1_663' title='bbox 1284 4925 1464 5004; x_wconf 74' lang='lat' dir='ltr'><strong><em>perpererit,</em></strong></span> <span class='ocrx_word' id='word_1_664' title='bbox 1498 4924 1527 4985; x_wconf 89' lang='lat' dir='ltr'><strong><em>et</em></strong></span> <span class='ocrx_word' id='word_1_665' title='bbox 1552 4921 1657 4987; x_wconf 89' lang='lat' dir='ltr'><strong><em>omnia</em></strong></span> <span class='ocrx_word' id='word_1_666' title='bbox 1682 4919 1743 4984; x_wconf 89' lang='lat' dir='ltr'><strong><em>sibi</em></strong></span> <span class='ocrx_word' id='word_1_667' title='bbox 1764 4919 1802 4984; x_wconf 92' lang='lat' dir='ltr'><strong><em>de</em></strong></span> <span class='ocrx_word' id='word_1_668' title='bbox 1822 4919 1954 4988; x_wconf 80' lang='lat' dir='ltr'><strong><em>landate</em></strong></span> <span class='ocrx_word' id='word_1_669' title='bbox 1974 4920 2040 4986; x_wconf 89' lang='lat' dir='ltr'><strong><em>Dei</em></strong></span> <span class='ocrx_word' id='word_1_670' title='bbox 2063 4919 2100 4986; x_wconf 91' lang='lat' dir='ltr'><strong><em>O.</em></strong></span> <span class='ocrx_word' id='word_1_671' title='bbox 2124 4920 2169 4986; x_wconf 78' lang='lat' dir='ltr'><strong><em>M.</em></strong></span> <span class='ocrx_word' id='word_1_672' title='bbox 2186 4941 2262 5003; x_wconf 80' lang='lat' dir='ltr'><strong><em>pra</em></strong></span> 
     </span>
     <span class='ocr_line' id='line_1_54' title="bbox 1290 5003 2262 5090; baseline 0.001 -19"><span class='ocrx_word' id='word_1_673' title='bbox 1290 5005 1451 5072; x_wconf 87' lang='lat' dir='ltr'><strong><em>mitterent.</em></strong></span> <span class='ocrx_word' id='word_1_674' title='bbox 1481 5003 1640 5072; x_wconf 90' lang='lat' dir='ltr'><strong><em>Postremo</em></strong></span> <span class='ocrx_word' id='word_1_675' title='bbox 1660 5025 1730 5072; x_wconf 87' lang='lat' dir='ltr'><strong><em>aere</em></strong></span> <span class='ocrx_word' id='word_1_676' title='bbox 1750 5007 1878 5072; x_wconf 80' lang='lat' dir='ltr'><strong><em>caderis</em></strong></span> <span class='ocrx_word' id='word_1_677' title='bbox 1898 5027 2015 5090; x_wconf 74' lang='lat' dir='ltr'><strong><em>auoque</em></strong></span> <span class='ocrx_word' id='word_1_678' title='bbox 2035 5005 2262 5074; x_wconf 81' lang='lat' dir='ltr'><strong><em>hmestissirnis</em></strong></span> 
     </span>
    </p>
   </div>
   <div class='ocr_carea' id='block_1_7' title="bbox 1289 5206 2264 5348">
    <p class='ocr_par' dir='ltr' id='par_1_10' title="bbox 1289 5206 2264 5348">
     <span class='ocr_line' id='line_1_55' title="bbox 1359 5206 2264 5292; baseline 0.008 -30"><span class='ocrx_word' id='word_1_679' title='bbox 1359 5207 1389 5277; x_wconf 82' lang='lat'><strong><em>1)</em></strong></span> <span class='ocrx_word' id='word_1_680' title='bbox 1408 5211 1534 5292; x_wconf 83' lang='lat' dir='ltr'><strong><em>Sequitur</em></strong></span> <span class='ocrx_word' id='word_1_681' title='bbox 1553 5209 1598 5292; x_wconf 73' lang='lat' dir='ltr'><strong><em>hic</em></strong></span> <span class='ocrx_word' id='word_1_682' title='bbox 1615 5206 1704 5266; x_wconf 80' lang='lat' dir='ltr'><strong><em>Becco</em></strong></span> <span class='ocrx_word' id='word_1_683' title='bbox 1728 5211 1815 5266; x_wconf 82' lang='lat' dir='ltr'><strong><em>aretio</em></strong></span> <span class='ocrx_word' id='word_1_684' title='bbox 1831 5209 1996 5281; x_wconf 70' lang='lat' dir='ltr'><strong><em>insuperalis</em></strong></span> <span class='ocrx_word' id='word_1_685' title='bbox 2031 5227 2111 5281; x_wconf 85' lang='lat' dir='ltr'><strong><em>quem</em></strong></span> <span class='ocrx_word' id='word_1_686' title='bbox 2127 5225 2179 5282; x_wconf 81' lang='lat' dir='ltr'><strong><em>pro</em></strong></span> <span class='ocrx_word' id='word_1_687' title='bbox 2195 5219 2264 5268; x_wconf 80' lang='lat' dir='ltr'><strong><em>tem-</em></strong></span> 
     </span>
     <span class='ocr_line' id='line_1_56' title="bbox 1289 5253 2062 5348; baseline 0 -14"><span class='ocrx_word' id='word_1_688' title='bbox 1289 5293 1357 5348; x_wconf 85' lang='lat' dir='ltr'><strong><em>pore</em></strong></span> <span class='ocrx_word' id='word_1_689' title='bbox 1375 5279 1520 5336; x_wconf 77' lang='lat' dir='ltr'><strong><em>omittemus</em></strong></span> <span class='ocrx_word' id='word_1_690' title='bbox 1537 5279 1591 5334; x_wconf 83' lang='lat' dir='ltr'><strong><em>cho</em></strong></span> <span class='ocrx_word' id='word_1_691' title='bbox 1609 5279 1670 5334; x_wconf 90' lang='lat' dir='ltr'><strong><em>loco</em></strong></span> <span class='ocrx_word' id='word_1_692' title='bbox 1688 5279 1869 5337; x_wconf 85' lang='lat' dir='ltr'><strong><em>commodiore</em></strong></span> <span class='ocrx_word' id='word_1_693' title='bbox 1885 5253 2062 5336; x_wconf 66' lang='lat' dir='ltr'><strong><em>haerendum.</em></strong></span> 
     </span>
    </p>
   </div>
   <div class='ocr_carea' id='block_1_8' title="bbox 0 0 2428 6016">
    <p class='ocr_par' dir='ltr' id='par_1_11' title="bbox 0 0 2428 6016">
     <span class='ocr_line' id='line_1_57' title="bbox 0 0 2428 6016; baseline 0 3"><span class='ocrx_word' id='word_1_694' title='bbox 0 0 2428 6016; x_wconf 95' lang='lat' dir='ltr'><strong><em> </em></strong></span> 
     </span>
    </p>
   </div>
  </div>
 </body>
</html>
