4804 6012
162 312 219 372 1e1
1039 303 1267 374 oeuemm.
2086 316 2154 392 sse

156 515 277 580 augere
299 515 387 560 nunc
404 493 536 577 quidam
558 493 664 560 velim.
709 491 806 574 Quod
829 493 858 560 si
879 493 960 560 mihi
981 515 1048 560 non
1069 493 1126 560 de·
1178 493 1269 559 ferat.
1313 493 1465 560 Primum
1491 495 1595 580 igitur
1616 495 1698 562 satis
1719 503 1846 564 constat
1867 519 1966 581 quam
1989 498 2149 584 plurimos

156 602 267 665 negas,
292 587 330 644 ut
351 580 404 647 vel
426 580 645 664 perstringam
662 578 786 662 aliquid
807 581 887 660 eius,
915 601 977 662 quo
999 599 1127 645 summa
1177 580 1212 644 in
1243 580 1431 664 ignorantia
1463 589 1497 646 et
1527 581 1758 664 superstitione
1790 582 1940 660 haerere,
1974 606 2074 667 quum
2106 607 2149 652 ne

155 667 224 732 fere
246 674 412 730 momenta
434 665 518 732 verti
539 664 642 742 video,
671 665 717 730 sie
739 665 857 748 accipe.
907 666 964 732 Me
985 685 1127 749 quuma
1177 664 1285 730 oeulos
1307 665 1437 748 quidem
1456 666 1498 732 ad
1519 666 1627 732 lucem
1644 666 1785 732 oblatam
1802 669 1929 751 aperire
1950 672 2148 737 sustineant:

218 751 303 816 tuita
334 751 393 816 illa
417 761 626 833 peecatorum
654 751 858 830 remissione,
889 771 971 834 quae
1001 751 1126 816 Christi
1178 771 1316 834 quorum
1339 757 1372 816 te
1393 753 1426 815 in
1456 773 1592 816 numero
1614 773 1714 836 quum
1737 752 1888 834 habeam,
1915 763 2027 838 aperte
2047 757 2073 820 si
2099 757 2149 822 ni-

192 837 295 902 omiui
316 847 420 902 morte
442 837 533 904 nobis
553 846 660 919 perta.
690 858 728 902 ae
755 835 901 902 eiusdem
923 838 1049 920 gratiae
1070 835 1126 902 ob·
1178 837 1246 914 lieo,
1269 845 1307 902 ut
1329 836 1370 901 ad
1392 837 1474 902 illud
1496 837 1785 904 demonstrandum
1809 839 1861 904 vel
1883 777 2148 925 persuadendum

156 924 351 1006 signatione,
373 944 457 1006 quae
478 933 684 988 sacrosancto
702 943 822 988 menae
849 923 1006 1006 mysterio
1033 922 1127 988 nobis
1178 923 1252 1000 tibi,
1286 922 1412 1006 longior
1439 943 1459 988 a
1489 944 1543 988 me
1572 924 1754 990 exhortatio
1784 925 1968 992 adhibenda
1996 949 2061 992 non
2094 928 2147 992 sit

155 1007 343 1076 exhibenda
371 1019 404 1074 et
431 1006 625 1091 applicanda
651 1007 787 1090 abipso
818 1008 950 1074 Ohriste
977 1009 1127 1074 instituta
1177 1008 1280 1090 Atqui
1302 1007 1383 1072 illud
1406 1030 1509 1073 uuum
1538 1009 1711 1092 praecipue
1738 1010 1954 1076 christianum
1981 1011 2148 1078 homiuem

155 1103 216 1172 eet,
239 1095 274 1158 in
297 1095 489 1160 sacrificium
511 1093 591 1160 illud
611 1113 672 1159 sua
689 1095 723 1158 vi
740 1094 968 1176 operatorium,
990 1103 1024 1158 et
1039 1113 1125 1158 mor·
1176 1093 1263 1172 lucit,
1282 1094 1309 1158 si
1321 1094 1356 1158 in
1368 1103 1456 1158 certa
1468 1095 1531 1159 Dei
1549 1093 1676 1162 colendi
1693 1097 1818 1162 ratione
1835 1095 1895 1162 sibi
1912 1096 2149 1163 attendendum

155 1183 199 1246 tis
223 1179 348 1246 Christi
370 1201 429 1263 per
449 1200 520 1246 sese
542 1181 783 1263 applicativum,
809 1188 843 1244 et
863 1180 953 1244 illam
976 1179 1127 1244 elementi
1177 1186 1308 1256 statuat,
1331 1200 1373 1244 ne
1395 1189 1509 1262 sponte
1532 1180 1722 1262 decipiatur,
1744 1183 1778 1246 in
1798 1204 1834 1246 re
1848 1183 2043 1265 praesertim
2064 1183 2148 1248 tanti

156 1267 381 1332 adorationem
403 1264 494 1350 (quid
516 1276 626 1330 autem
649 1266 710 1330 hoe
732 1266 784 1344 sit,
812 1264 949 1330 tacendo
972 1265 1050 1330 satis
1075 1265 1126 1330 in·
1177 1266 1346 1344 momenti,
1368 1266 1423 1330 ubi
1442 1275 1574 1330 aeterna
1591 1269 1718 1332 animae
1736 1265 1824 1332 salus
1842 1269 1990 1332 vertitur.
2023 1268 2149 1334 Notum

156 1351 244 1434 dico)
264 1351 373 1418 oeulos
394 1361 428 1416 et
448 1361 592 1418 mentem
619 1359 785 1430 eonverto,
814 1351 911 1434 plane
938 1351 1034 1416 aliter
1054 1372 1128 1418 sen·
1178 1358 1229 1416 est
1246 1362 1357 1416 autem
1375 1352 1653 1418 christianismum
1670 1351 1891 1418 adulteratum
1909 1363 1943 1418 et
1959 1361 2149 1436 corruptum

155 1439 220 1502 tire
249 1459 317 1502 non
346 1458 456 1520 posse,
485 1459 582 1519 quarn
612 1458 711 1518 quum
740 1437 798 1502 illa
825 1437 955 1503 eeoelo
978 1437 1060 1514 sint,
1089 1445 1128 1500 ut
1177 1436 1285 1514 fuisse,
1297 1445 1462 1518 pastorum
1477 1437 1631 1502 eeclesiae
1643 1445 1713 1502 tum
1725 1439 1912 1517 cessatione,
1932 1447 2002 1504 tum
2014 1439 2148 1522 imperi·

154 1524 290 1588 omnino
311 1531 448 1600 constet,
470 1524 536 1588 ista
556 1524 596 1588 ab
614 1522 801 1588 hominibus
823 1523 879 1604 (ne
897 1521 973 1606 quid
992 1522 1127 1605 gravim
1178 1522 1232 1598 tia,
1250 1522 1434 1599 ambitione,
1453 1523 1597 1588 avaritia.
1631 1523 1743 1606 Neque
1762 1524 1846 1590 hane
1864 1524 2149 1608 degenerationem

156 1608 280 1692 dicam)
307 1610 448 1691 prolecta
475 1606 586 1674 videri.
636 1608 780 1674 Proinde
808 1608 932 1674 nullius
959 1629 1030 1672 esse
1059 1628 1126 1672 mo·
1178 1605 1219 1670 ad
1236 1608 1366 1672 illorum
1384 1609 1485 1672 vitam
1500 1617 1533 1672 et
1545 1628 1653 1674 mores
1666 1611 1837 1692 restringo,
1856 1631 1956 1693 quum
1968 1611 2003 1674 in
2015 1610 2071 1674 illa
2082 1611 2149 1692 pri-

155 1695 274 1770 menti,
301 1693 355 1760 ubi
378 1694 418 1760 de
440 1694 512 1760 Deo
533 1693 680 1772 colendo,
711 1705 744 1760 st
772 1695 911 1760 veritate
932 1694 1035 1776 ipsius
1057 1694 1127 1760 sine
1178 1714 1249 1758 mas
1261 1693 1403 1758 obtineat
1418 1693 1519 1775 ipsius
1530 1693 1593 1758 Dei
1605 1696 1754 1760 veritatis
1769 1696 1805 1760 in
1816 1695 2020 1762 mendacium
2038 1705 2072 1760 et
2087 1697 2149 1760 im-

155 1781 319 1846 lermento
340 1779 511 1846 retinenda
532 1781 650 1864 agitur.
685 1779 752 1846 Sed
774 1791 807 1844 et
827 1781 891 1846 ista
908 1779 1044 1844 fortasse
1066 1779 1127 1844 mi·
1178 1785 1327 1860 posteras
1349 1780 1599 1858 transformatio,
1622 1781 1730 1846 cultus
1748 1781 1812 1846 Dei
1833 1782 2014 1848 innumeris
2036 1803 2149 1864 super·

154 1889 217 1932 nus
239 1886 339 1948 pareo
362 1866 423 1932 hoc
443 1866 527 1944 loeo,
558 1867 585 1934 ei
608 1867 672 1930 mei
693 1876 806 1947 captus
828 1873 861 1930 et
882 1865 1053 1931 tenuitatis
1074 1885 1127 1930 ra·
1178 1863 1364 1930 stitionibus
1391 1864 1538 1930 adductis
1566 1866 1823 1944 contaminatio,
1843 1866 1966 1932 ordinis
1995 1867 2149 1934 eeclesiae

154 1953 279 2016 tionem
306 1959 436 2016 tantum
464 1952 593 2018 habeas.
644 1950 791 2016 Tandem
820 1973 899 2016 vero
930 1950 1012 2015 illud
1043 1971 1064 2014 a
1094 1957 1127 2014 ts
1179 1957 1325 2016 extrema
1351 1951 1566 2033 perturbatio,
1593 1972 1672 2018 usus
1694 1961 1971 2018 sacramentorum
1992 1973 2149 2036 eonspur·

153 2037 360 2114 contendam,
383 2038 429 2102 mi
451 2046 552 2120 pater,
576 2045 613 2102 ut
631 2037 717 2104 eiad
736 2059 788 2101 me
806 2035 1005 2102 audiendum
1025 2057 1127 2118 usque
1178 2035 1277 2102 catio:
1313 2043 1352 2100 ut
1377 2057 1443 2100 uno
1473 2035 1572 2100 verbo
1599 2037 1730 2114 finiam,
1765 2037 1928 2119 stupenda
1956 2047 1991 2104 et
2018 2058 2150 2104 omnem

153 2123 357 2206 propendere
396 2123 596 2206 dignaberis,
629 2131 783 2206 patruum
816 2133 925 2188 tecum
955 2122 1127 2188 admittere
1177 2141 1312 2186 sensum
1334 2141 1534 2204 exsuperans
1554 2121 1759 2187 inordinatio.
1808 2123 1882 2190 Hoe
1905 2143 1981 2203 vero
2003 2123 2032 2188 si
2053 2124 2149 2206 pauci

152 2228 258 2292 grave
281 2209 421 2286 nonsit,
444 2207 529 2291 qued
550 2208 609 2274 tibi
635 2229 701 2274 non
722 2207 926 2276 incommode
949 2229 1125 2283 cessurum,
1179 2205 1454 2287 animadvertunt,
1476 2205 1552 2272 inde
1574 2209 1620 2286 fit,
1644 2207 1729 2292 quod
1747 2208 1863 2292 regula
1880 2207 2001 2274 Lesbia
2018 2208 2072 2274 hie
2090 2229 2149 2292 pro

151 2294 235 2360 mihi
265 2314 333 2360 non
362 2303 483 2360 temere
509 2294 732 2377 persuadeam.
781 2295 874 2360 Bene
901 2292 989 2372 vale,
1018 2292 1127 2358 obser·
1178 2314 1294 2358 norma
1315 2300 1446 2358 tantum
1467 2292 1601 2358 obtinet.
1651 2293 1774 2358 Iamsi
1796 2294 1946 2377 religioni
1968 2293 2149 2360 illieatho-

154 2379 262 2446 vaude
285 2389 394 2463 pater,
422 2400 459 2446 ae
489 2389 583 2446 tuum
605 2389 738 2462 prepter
759 2377 871 2446 Deum
892 2378 1126 2445 subduetitium
1177 2377 1259 2444 lieae
1280 2399 1363 2461 pura
1384 2385 1418 2444 et
1434 2379 1548 2444 nahra
1558 2379 1621 2444 Dei
1639 2379 1801 2444 institutio
1820 2387 2013 2462 opponatur,
2035 2377 2150 2444 eadem

153 2471 210 2532 bra
232 2465 462 2534 benevolentia
483 2487 549 2532 nen
571 2467 676 2550 magis
697 2463 872 2548 indignum
893 2484 1040 2549 agnosce.
1178 2463 1247 2530 illic
1269 2465 1498 2530 convenientia
1519 2485 1602 2548 quae
1625 2464 1707 2532 lucie
1730 2464 1771 2530 ad
1794 2463 1945 2530 tenebras
1968 2465 2149 2547 deprehen·

1180 2549 1283 2615 detur.
1329 2548 1438 2630 Quare
1460 2557 1498 2614 ut
1519 2551 1590 2632 quis
1612 2550 1683 2616 istis
1704 2549 1858 2616 derebus
1880 2571 1957 2616 vere
1974 2557 2150 2634 eognoscat

1179 2643 1214 2700 et
1234 2635 1363 2714 sentiat,
1385 2655 1492 2718 neque
1513 2637 1669 2718 principis
1691 2637 1865 2715 autoritati,
1887 2657 1993 2718 neque
2014 2656 2149 2704 consue-

150 2753 201 2808 ΑΒ
217 2751 457 2810 mmmmm„
474 2753 653 2822 QUENDAM
671 2754 956 2811 fflORTATOfflA
977 2753 1026 2809 ET
1044 2753 1127 2808 Apo,
1179 2720 1301 2786 tudinis
1322 2721 1579 2804 praescriptioni,
1601 2743 1707 2804 neque
1728 2743 1786 2787 sue
1807 2721 1910 2804 ipsius
1926 2723 2037 2788 sensui
2058 2730 2150 2786 stan·

533 2839 755 2907 nggrpmgr)
1179 2805 1259 2872 dum
1289 2816 1351 2872 eet:
1385 2805 1620 2872 eonsulendum
1652 2807 1789 2873 verbum
1820 2807 1973 2886 Domini,
2007 2813 2041 2872 st
2071 2805 2150 2890 quid

1178 2892 1246 2958 illie
1268 2890 1402 2957 mandet
1422 2898 1480 2958 aut
1500 2897 1597 2958 vetet
1611 2945 1613 2950 .
1629 2893 1717 2958 Nam
1738 2913 1843 2976 neque
1852 2893 2016 2958 Dominus
2036 2892 2073 2958 in
2089 2914 2149 2958 au·

241 2976 355 3059 Quum
378 2977 418 3042 de
439 2977 521 3044 faeie
542 2977 603 3044 tibi
621 2978 754 3062 ignotus
776 2978 848 3057 sim,
878 2977 1055 3046 absurdum
1077 2985 1128 3044 ta-
1179 2977 1257 3061 gulo
1277 2977 1432 3060 loquutus
1454 2985 1511 3057 est,
1535 2987 1569 3042 et
1590 2999 1681 3044 suam
1699 2978 1902 3046 voluntatem
1919 2986 1990 3044 tum
2013 2978 2150 3046 summis

154 3085 232 3130 men
253 3085 322 3130 non
344 3062 519 3140 videbitur,
542 3063 633 3145 quod
655 3062 696 3128 ad
720 3065 976 3148 teseripserim,
1005 3066 1033 3130 si
1054 3073 1128 3130 tues
1180 3071 1250 3128 tum
1270 3063 1393 3128 infimis
1414 3065 1608 3145 patefactam
1629 3085 1699 3132 osse
1716 3064 1830 3130 voluit
1879 3063 1967 3130 Illud
1993 3084 2071 3130 vere
2092 3063 2150 3130 ubi

154 3149 279 3216 liberos
299 3150 395 3216 istius
416 3149 543 3216 consilii
564 3157 694 3216 autores
716 3149 802 3234 apud
820 3157 852 3216 te
870 3151 1021 3216 citavere.
1055 3149 1128 3216 Hoc
1179 3158 1253 3214 cte
1280 3149 1350 3231 ipso
1376 3149 1569 3228 obtinueris,
1598 3157 1637 3215 ut
1661 3149 1839 3233 patientem
1866 3169 1980 3216 aurem
2007 3149 2080 3214 Deo
2101 3149 2150 3216 lo-

154 3237 255 3302 ctiam
279 3235 320 3300 ad
341 3233 425 3300 illud
447 3233 557 3300 valere
579 3236 682 3317 eupio,
711 3243 749 3300 ut
770 3237 839 3301 sine
860 3235 928 3300 ullo
947 3237 1127 3304 exeusatio-
1179 3235 1292 3317 quenti
1312 3235 1548 3315 accommodes,
1576 3235 1643 3301 illis
1670 3255 1753 3318 quae
1780 3235 1878 3302 verbo
1900 3233 1992 3300 nobis
2014 3235 2151 3302 tradidit

153 3343 235 3386 num
257 3321 398 3388 eireuitu
420 3329 452 3384 te
473 3321 712 3404 quamprimum
734 3320 788 3388 hic
805 3322 1003 3404 compellem.
1047 3323 1127 3387 Ete-
1178 3320 1372 3402 aequieseas,
1394 3341 1494 3386 unam
1516 3321 1631 3386 salutis
1652 3323 1743 3386 viam
1763 3322 1804 3386 ab
1825 3342 1863 3388 ee
1885 3341 1952 3386 uno
1973 3321 2150 3403 petendam

153 3408 224 3470 nim
246 3407 310 3472 hoc
331 3405 371 3470 de
393 3415 426 3470 te
451 3405 569 3488 aecepi,
592 3408 620 3472 si
644 3405 722 3490 quid
745 3407 786 3472 ad
804 3418 837 3472 te
854 3407 1038 3487 scriberem,
1061 3429 1127 3473 non
1178 3415 1212 3472 et
1233 3404 1474 3492 percipiendam
1496 3407 1555 3472 tibi
1576 3413 1717 3486 statuae,
1750 3427 1906 3490 maguum
1935 3405 1994 3470 tibi
2023 3406 2149 3472 aditum
2217 3477 2220 3484 ,

154 3499 289 3558 tantum
311 3512 331 3555 a
354 3499 386 3556 ts
408 3491 533 3575 placido
555 3491 734 3558 admissum
754 3493 811 3571 iri,
842 3493 899 3558 ssd
926 3515 967 3558 ne
990 3513 1031 3558 ue
1057 3513 1126 3558 mo·
1177 3491 1221 3558 ad
1242 3514 1281 3557 ea
1312 3512 1394 3575 quae
1422 3499 1573 3556 nostrum
1594 3513 1754 3576 quemque
1782 3501 1894 3558 tenere
1915 3492 2047 3574 expedit
2073 3512 2148 3575 per-

152 3577 278 3644 lestum
296 3577 354 3642 tibi
371 3578 519 3642 futurum
539 3575 622 3642 illud
642 3578 825 3662 perlegere,
853 3585 887 3642 et
905 3515 992 3728 adu}
1016 3587 1049 3644 te
1071 3577 1127 3644 de-
1178 3576 1341 3644 noscenda
1362 3579 1609 3660 comparaveris.
1654 3577 1707 3644 Ad
1729 3587 1874 3643 nestram
1892 3577 2073 3643 doctrinam
2092 3598 2148 3642 ve-

152 3662 230 3728 inde
252 3661 407 3728 meditari
425 3671 458 3728 et
478 3662 670 3745 expendere.
708 3662 801 3728 'Illud
823 3685 895 3728 eam
939 3673 1013 3729 ete
1035 3685 1127 3746 spem
1179 3664 1247 3728 nio:
1281 3683 1381 3746 quam
1401 3662 1547 3746 plerique
1568 3663 1751 3728 inauditam
1773 3671 1807 3728 et
1828 3663 2067 3746 inexploratum
2089 3683 2148 3728 sue

151 3750 239 3814 mehr
261 3749 388 3826 mreoit,
417 3757 454 3813 ut
474 3769 574 3830 quum
596 3749 727 3831 pietatis
748 3769 860 3816 semen
881 3749 918 3813 iu
939 3758 973 3815 te
994 3750 1127 3814 subesse
1178 3748 1319 3832 quodam
1336 3749 1534 3832 praeiudicio
1552 3749 1717 3826 damnant,
1736 3750 1885 3832 occupati
1903 3748 2059 3814 nimirum
2077 3769 2149 3814 nes·

152 3835 297 3911 videam,
319 3833 449 3900 cultura
471 3831 603 3898 demum
625 3834 772 3900 adhibita
791 3835 934 3902 fructum
951 3835 1028 3900 inde
1051 3857 1126 3901 eon·
1178 3834 1228 3902 eio
1248 3855 1314 3917 qua
1335 3833 1503 3916 opinione,
1532 3855 1615 3917 quae
1642 3835 1746 3900 aciem
1772 3835 1892 3900 mentis
1919 3835 2064 3916 ipsorum
2085 3831 2148 3899 hae

152 3929 374 4004 sequutumm
406 3941 466 3985 suo
497 3928 643 4002 tempere
674 3921 761 4004 apud
792 3941 845 3986 me
883 3922 1126 3987 constituerem.
1178 3921 1212 3986 in
1233 3939 1270 3985 re
1291 3941 1423 4003 prorsus
1452 3917 1620 3985 obtundat.
1669 3920 1745 3986 Non
1771 3921 1896 4003 attingo
1923 3919 2147 3998 contumelias,

152 4005 269 4087 Quum
290 4006 393 4089 igitur
414 4005 455 4070 ad
476 4013 509 4069 te
530 4005 638 4088 ipsum
659 4005 952 4078 excolendumhee
969 4007 1128 4090 seriptum
1178 4014 1212 4072 et
1233 4005 1356 4072 scelera
1377 4005 1485 4084 etiam,
1508 4025 1590 4088 quae
1610 4004 1703 4071 nobis
1725 4006 1949 4086 imponuntur,
1972 4013 2010 4068 ut
2032 4026 2052 4069 a
2072 4025 2148 4070 noe-

151 4094 327 4176 pertineat,
349 4092 384 4156 in
406 4091 521 4173 primis
542 4089 604 4157 hoe
625 4099 732 4158 mcum
753 4101 884 4176 reputes
906 4091 1015 4172 velim,
1043 4091 1129 4158 nibil
1179 4092 1238 4158 tris
1256 4090 1468 4174 degustandis
1484 4098 1675 4158 avertantur
1692 4110 1814 4154 omnes.
1848 4089 1949 4172 Atqui
1966 4089 2027 4156 hoe
2044 4111 2147 4154 unum

152 4179 263 4262 magis
284 4176 398 4242 decere
420 4177 635 4242 christianum
656 4178 838 4256 hominem,
865 4199 962 4260 quam
991 4186 1028 4242 ut
1049 4177 1127 4242 dum
1177 4177 1273 4243 nobis
1293 4177 1449 4259 imputari
1470 4183 1592 4259 potest,
1619 4174 1704 4259 quod
1733 4196 1787 4240 eos
1808 4195 1922 4240 omnes
1943 4176 2000 4258 qui
2024 4174 2148 4241 Obrieti

152 4265 280 4330 abusus
307 4270 341 4328 et
368 4263 569 4346 corruptelas
595 4263 631 4328 in
658 4264 722 4328 Dei
750 4264 841 4330 cultu
874 4263 946 4349 (qui
972 4263 1127 4347 babetur)
1179 4264 1311 4328 nomine
1337 4270 1528 4340 densentur,
1555 4261 1662 4327 adhue
1689 4262 1806 4328 misere
1828 4261 1992 4344 palantes,
2020 4260 2149 4326 adsue

153 4348 338 4433 palpabiles
356 4357 468 4412 notare
484 4355 600 4431 potest,
619 4370 657 4415 ae
675 4348 779 4428 debet,
801 4349 856 4414 det
873 4349 973 4414 etiam
985 4369 1127 4432 operam,
1178 4349 1236 4414 illa
1257 4349 1369 4432 signa,
1396 4348 1534 4414 verbum
1556 4347 1619 4412 Dei
1648 4367 1765 4430 nempe
1794 4367 1948 4418 reuocare
1977 4345 2147 4412 contendi·

153 4456 197 4500 ue
218 4435 404 4519 promiscuo
433 4455 594 4502 consensu
625 4435 759 4500 sesain
789 4435 844 4500 illo
866 4456 964 4501 coeno
987 4435 1127 4502 volutari
1178 4455 1260 4500 mus
1305 4431 1413 4498 Simul
1435 4433 1534 4498 etiam
1555 4431 1745 4512 evincimus,
1775 4432 2012 4498 controversias
2034 4452 2147 4498 omnes

153 4521 259 4586 sinet:
282 4518 359 4585 iude
379 4519 486 4601 potius
508 4517 612 4584 discat
632 4519 694 4586 sibi
716 4519 756 4585 de
777 4518 841 4586 Dei
863 4521 1000 4586 veritate
1021 4521 1128 4604 inqui·
1179 4519 1219 4586 de
1240 4520 1304 4586 Dei
1326 4518 1416 4584 cultu
1444 4539 1485 4584 ex
1512 4516 1611 4584 verbe
1639 4519 1742 4601 ipsius
1770 4539 1841 4584 esse
1868 4513 2080 4596 dirimendas,
2109 4523 2147 4582 ut

152 4605 299 4671 rendum
321 4625 408 4682 esso,
435 4606 531 4669 utin
557 4605 617 4670 illa
642 4613 715 4670 tuto
738 4607 930 4688 acquiescat
974 4606 1127 4672 Alterum
1178 4604 1400 4688 unusquisque
1439 4611 1563 4681 teneat,
1601 4603 1686 4686 quod
1718 4625 1739 4670 a
1770 4605 1841 4670 Deo
1874 4625 1944 4670 esse
1976 4602 2144 4668 constabit

153 4694 258 4756 etiam
280 4689 378 4768 addo,
407 4698 446 4756 ut
468 4689 553 4774 qued
581 4689 621 4756 de
648 4698 760 4756 nostra
779 4691 927 4758 doctrina
947 4691 1126 4770 subiiciam,
1179 4688 1269 4771 Quid
1289 4689 1343 4755 hie
1363 4688 1562 4755 adversarii?
1611 4689 1793 4756 Ecclesiam
1816 4689 1947 4767 scilieet,
1977 4697 2014 4754 ut
2035 4687 2146 4754 Aiacis

153 4777 286 4860 placide
309 4773 437 4844 audias:
459 4775 551 4842 brevi
573 4777 660 4842 enim
680 4777 806 4857 faciam,
829 4786 866 4842 ut
888 4786 979 4842 tanto
1001 4777 1127 4844 facilius
1178 4777 1329 4862 clypeum
1357 4775 1597 4854 ementiuntur,
1626 4783 1663 4840 ιιι
1689 4775 1749 4842 sub
1777 4775 1880 4858 ipsius
1906 4773 2000 4840 larva
2031 4792 2145 4838 securo

153 4883 317 4948 agnoscas
339 4883 438 4946 quam
466 4862 555 4928 viam
577 4883 768 4946 sequamur,
795 4871 829 4928 et
856 4884 920 4946 quo
947 4863 1004 4928 illa
1027 4864 1126 4928 stiam
1177 4862 1310 4928 lateant.
1361 4861 1429 4928 Nee
1458 4882 1535 4928 vero
1562 4860 1626 4926 alia
1652 4861 1715 4926 luit
1742 4863 1825 4926 ratio
1850 4859 2084 4944 prophetarum
2111 4864 2146 4924 et

1178 4946 1407 5031 apostolorum,
1441 4967 1541 5029 quum
1570 4967 1623 5012 res
1644 4948 1723 5030 ipsis
1754 4953 1841 5012 esset
1872 4965 1948 5011 curn
1977 4945 2055 5022 illis,
2088 4945 2146 5027 qui

226 5081 258 5146 1)
278 5082 315 5137 1„
337 5083 502 5140 ,dm
524 5084 648 5140 mam,
670 5100 698 5138 ,θ
716 5085 791 5140 „im
811 5084 1012 5153 mmm
1034 5084 1126 5140 m
1178 5035 1277 5098 etiam
1297 5031 1450 5098 ecclesiae
1471 5053 1607 5112 nomen,
1635 5045 1668 5098 et
1689 5052 1852 5098 summam
1873 5031 1907 5096 in
1930 5049 1968 5094 ea
1986 5030 2145 5097 autorita-

154 5165 174 5206 α
192 5151 273 5206 Reae
289 5167 322 5206 w
338 5153 436 5220 ,auam
453 5168 539 5208 „m
568 5154 636 5208 pm,
651 5169 683 5222 p.
698 5102 761 5224 lll,
777 5153 863 5209 Im,
880 5169 908 5222 p.
925 5151 985 5222 313¹
1004 5153 1081 5208 ΗΜ,
1097 5169 1126 5223 p.
1177 5125 1260 5218 tem·
1276 5117 1390 5184 eadem
1421 5117 1509 5184 mala
1539 5117 1603 5218 fide
1635 5118 1845 5217 usurpabant.
1899 5113 1987 5195 Quid
2019 5117 2029 5180 i
2056 5113 2143 5180 'url

154 5219 216 5287 366,
238 5219 340 5276 cesa
354 5237 382 5288 p.
399 5219 457 5288 195,
474 5221 562 5276 Ano.
576 5239 605 5290 p.
623 5220 665 5276 89.
1177 5204 1337 5272 Novimus
1366 5223 1444 5270 vero
1476 5203 1645 5270 eeclesiam
1677 5203 1768 5268 illam
1802 5221 1884 5286 quae
1910 5209 1999 5268 certo
2041 5200 2146 5266 unda·

1890 5299 1941 5355 12·
