4804 6012
2204 327 2262 390 260

1148 322 1380 392 OONSILIA.

257 333 323 396 259

257 516 420 593 veluntas,
441 523 479 580 ut
499 513 548 580 illi
569 535 628 581 vos
649 513 859 593 submittatis,
877 532 974 596 quam
995 521 1034 578 ut
1054 513 1168 578 fraena
1189 512 1236 578 la-
1288 512 1433 580 hccnon
1450 511 1627 580 aliudesse
1644 521 1762 596 potest,
1780 533 1878 596 quam
1896 511 2093 578 tantundem
2112 510 2262 596 derogare

256 603 344 668 xetis
374 601 496 668 vestris
524 598 701 668 affectibus.
756 599 844 664 Nem
882 609 915 664 et
946 597 1127 676 infidehum
1158 598 1236 665 olim
1288 601 1384 666 unico
1407 599 1533 665 Christi
1553 597 1688 664 Domini
1710 598 1815 666 nostri
1836 597 2005 678 sacrificio,
2034 595 2163 682 quando
2191 619 2262 682 pur·

257 687 447 772 exemplum
468 686 523 752 hic
544 686 639 750 nobis
660 686 800 750 incutiat
819 683 979 768 pudorem
1000 692 1135 768 oportet.
1173 684 1236 750 Ut-
1311 686 1451 752 aterium
1473 685 1551 752 solis
1572 686 1726 750 humenis
1747 684 2022 751 satisfactionibus
2039 683 2168 764 nititur.
2209 683 2263 750 vi-

257 795 387 856 nunqua
409 773 498 837 enim
520 771 568 836 illi
590 791 657 836 uon
679 791 752 836 eam
780 772 999 836 reverentiam
1028 770 1238 835 adhibuerint
1288 707 1363 837 dete
1384 771 1487 856 igitur
1514 793 1556 837 an
1577 769 1661 836 illud
1687 771 1731 836 sit
1752 768 1947 848 excusabile,
1977 782 2011 836 et
2031 792 2083 846 an,
2111 769 2170 835 ubi
2197 772 2262 852 quis

255 858 292 924 in
325 859 394 925 suis
427 855 722 940 superstitionibus,
757 877 840 940 quae
867 877 888 921 a
915 856 1010 920 nobis
1039 855 1237 939 praestanda
1287 857 1335 924 ita
1356 856 1628 924 scandalizaverit
1649 857 1826 934 ecclesiam,
1846 855 2045 922 dissimulari
2063 854 2187 934 debeat,
2209 863 2263 926 aut

256 946 364 1009 estin
386 943 613 1010 sacramentis:
642 943 703 1008 hcc
729 949 841 1007 tamur
862 941 1050 1007 habueruut
1075 963 1134 1024 pro
1159 963 1235 1008 con·
1288 964 1348 1027 pro
1369 943 1435 1010 levi
1457 941 1575 1008 delicto
1597 942 1744 1008 tolerari:
1767 963 1805 1008 ac
1826 963 1892 1008 non
1919 943 2027 1025 potius
2055 963 2126 1006 eam
2155 963 2262 1025 repre-

254 1029 351 1109 fesso,
374 1029 416 1094 ab
442 1029 508 1094 illis
537 1027 693 1094 arcendos
721 1049 792 1093 esse
819 1027 1004 1110 quicunque
1034 1027 1145 1111 aliquo
1172 1027 1235 1094 cri·
1288 1030 1481 1095 hensionem
1520 1036 1693 1108 mereatur,
1733 1050 1817 1112 quae
1854 1027 1946 1092 illum
1979 1037 2120 1106 moneat,
2155 1037 2193 1094 ut
2223 1029 2263 1093 sit

254 1117 344 1180 mine
375 1113 492 1198 polluti
527 1123 747 1180 censerentur.
795 1112 908 1194 Quum
934 1133 1014 1178 vero
1040 1133 1142 1180 coena
1168 1115 1235 1178 Do-
1288 1116 1412 1181 cantior
1431 1117 1466 1180 in
1488 1125 1664 1196 posterum,
1689 1115 1743 1180 cui
1764 1113 1831 1180 tale
1852 1113 1977 1198 aliquid
1998 1111 2159 1180 acciderit.
2195 1113 2261 1181 Sci-

254 1200 339 1266 mini
378 1200 476 1266 alicui
515 1199 731 1276 interdicitur,
766 1221 809 1264 ne
849 1220 884 1264 se
914 1209 1073 1283 perpetuo
1105 1198 1235 1264 excludi
1288 1223 1361 1268 mus
1381 1202 1417 1266 in
1439 1199 1557 1283 quibus
1580 1201 1755 1266 versemini
1776 1201 1946 1284 angustiis,
1967 1222 2005 1266 ec
2026 1199 2118 1265 vobis
2140 1222 2262 1284 quoquc

254 1287 559 1370 existimatusque
587 1285 705 1350 coniici
726 1285 761 1349 in
790 1284 1060 1368 desperationem,
1088 1283 1145 1350 sed
1173 1285 1236 1350 hoo
1286 1287 1515 1371 proceritatis
1537 1287 1642 1352 officio
1670 1285 1892 1352 condolemus:
1917 1285 1974 1351 sed
2002 1287 2078 1370 quia
2103 1285 2190 1350 nihil
2216 1287 2261 1352 iu·

253 1371 326 1438 fieri
350 1382 388 1437 ut
416 1392 488 1438 sese
516 1371 655 1449 deiiciat,
685 1379 785 1454 utque
807 1371 863 1436 alii
892 1391 952 1452 per
975 1369 1071 1436 illum
1097 1371 1233 1436 discant.
1287 1381 1381 1438 varet
1403 1394 1430 1438 a·
1444 1373 1538 1438 nobis
1558 1371 1694 1450 absolvi,
1722 1373 1818 1438 sinite
1845 1373 1881 1436 in
1909 1393 1965 1436 vos
1991 1373 2100 1456 potius
2132 1393 2175 1438 ex
2200 1371 2261 1436 Dei

254 1447 367 1538 Quum
399 1457 501 1542 igitur
533 1457 595 1521 hoc
623 1465 728 1521 totum
755 1453 819 1522 Dei
852 1457 952 1522 verbo
984 1456 1234 1540 praescribatur,
1287 1458 1386 1524 verbe
1408 1459 1486 1523 ferri
1509 1459 1715 1536 seutentiam,
1738 1467 1775 1522 ut
1797 1469 1903 1523 totum
1923 1457 2012 1522 istud
2041 1465 2151 1524 vestro
2182 1458 2260 1523 bono

253 1545 397 1628 petimus
426 1565 445 1608 a
477 1541 570 1608 vobis
603 1563 662 1625 per
690 1542 880 1619 Dominum,
909 1563 952 1608 ne
984 1565 1042 1608 vos
1075 1542 1234 1608 subiicere
1286 1555 1319 1609 et
1340 1544 1441 1609 saluti
1461 1543 1564 1611 cedet.

253 1627 376 1714 pudeat
397 1630 445 1694 rei
474 1629 514 1693 de
541 1650 606 1712 qua
632 1640 837 1712 compertum
864 1627 992 1694 habetis
1020 1649 1118 1711 quam
1146 1639 1235 1693 recta
1372 1629 1534 1696 Audimus
1558 1627 1646 1694 aliud
1664 1629 1751 1694 inter
1773 1650 1831 1695 vos
1854 1628 2045 1713 disceptari:
2075 1651 2193 1714 nempe
2220 1650 2260 1694 an

254 1736 417 1799 quamque
440 1722 554 1780 sancta
576 1715 627 1780 sit.
670 1713 747 1780 Non
769 1725 819 1779 est
845 1713 946 1779 etiam
973 1711 1065 1779 nobis
1088 1713 1233 1790 dubium,
1284 1716 1383 1782 liceat
1408 1716 1561 1798 cuiquam
1582 1716 1732 1798 ingerere
1755 1735 1826 1781 sese
1854 1713 1895 1778 ad
1924 1715 2198 1798 praedicationem
2225 1736 2259 1781 eo

254 1821 326 1866 esse
359 1799 446 1884 apud
474 1822 534 1866 vos
561 1799 702 1866 delectos
735 1799 884 1864 homines
912 1808 945 1863 et
972 1799 1165 1866 constitutos
1193 1797 1235 1864 ad
1285 1801 1346 1867 loci
1368 1803 1424 1868 ubi
1446 1801 1583 1868 ecclesia
1605 1801 1781 1866 reformata
1802 1809 1917 1880 exstet,
1940 1802 2070 1868 etiamsi
2098 1803 2140 1868 ab
2162 1802 2259 1868 eccle-

253 1886 447 1970 corrigenda
474 1885 635 1964 scandala,
665 1883 706 1950 ad
732 1883 912 1950 monendos
935 1887 990 1968 qui
1018 1886 1234 1968 peccaverint,
1286 1889 1336 1952 sia
1363 1887 1425 1952 hoc
1453 1901 1564 1952 ratum
1586 1885 1734 1952 habitum
1764 1908 1829 1951 non
1857 1887 1909 1952 sit.
1955 1891 2064 1970 Atque
2084 1897 2123 1952 ut
2133 1887 2206 1971 quis
2216 1889 2260 1951 ita

252 1981 351 2055 atquc
378 1972 452 2038 illos
484 1969 705 2056 agnoscendos
738 1972 793 2054 qui
826 1991 899 2036 sese
931 1970 1070 2036 honeste
1103 1977 1232 2056 gerunt.
1287 1995 1322 2038 sc
1349 1973 1497 2058 gesserit,
1530 1993 1572 2037 an
1604 1973 1704 2038 etiam
1736 1973 1834 2040 liceat
1866 1972 1907 2036 ad
1938 1973 2033 2038 illum
2065 1974 2261 2042 audiendum

253 2049 321 2140 Qui
343 2068 453 2122 autem
474 2057 515 2122 ad
538 2079 577 2122 ea
598 2077 736 2122 munera
762 2063 929 2134 vocantur,
953 2079 1026 2121 eam
1048 2057 1235 2122 humanito-
1285 2059 1408 2124 venire.
1447 2060 1513 2124 Hie
1536 2067 1644 2124 autem
1668 2079 1800 2124 oramus
1822 2067 1862 2124 ut
1883 2057 2060 2144 diligenter
2077 2061 2260 2140 attendatis,

252 2149 328 2220 tem,
351 2163 488 2226 eamque
506 2143 763 2208 moderationem
785 2163 863 2225 prae
881 2163 916 2208 se
938 2143 1023 2208 ferre
1040 2142 1169 2220 debent,
1193 2164 1234 2206 ne
1286 2155 1451 2228 utcunque
1475 2146 1636 2210 Dominus
1657 2145 1745 2210 inter
1771 2165 1832 2210 vos
1858 2165 1976 2229 corpus
2005 2145 2135 2230 aliquod
2163 2147 2260 2214 cccle-

250 2249 409 2296 ccnsurae
430 2237 604 2312 praetextu
625 2231 698 2312 quis
719 2229 905 2306 infametur,
929 2237 986 2293 aut
997 2237 1163 2312 prematur
1181 2248 1233 2294 ea-
1287 2232 1355 2296 siae
1373 2231 1588 2307 constituerit,
1611 2229 1688 2294 inde
1706 2253 1771 2296 non
1791 2231 1892 2314 sequi,
1914 2229 2021 2296 multa
2037 2253 2105 2297 non
2124 2255 2194 2300 esse
2214 2247 2260 2298 to-

250 2313 396 2392 lumniis,
426 2315 516 2379 falsis
546 2311 763 2378 delationibus
791 2323 849 2378 aut
877 2313 1126 2396 suspicionibus.
1172 2316 1233 2379 At-
1285 2317 1420 2382 leranda
1448 2317 1482 2382 in
1511 2314 1622 2395 ἀταξία
1644 2317 1775 2398 publica
1805 2335 1886 2400 quae
1918 2319 1992 2383 istic
2023 2317 2131 2384 adhuc
2165 2319 2261 2402 viget,

251 2421 315 2484 que
337 2399 399 2464 hoc
425 2401 619 2484 attingimus
647 2401 852 2476 nominatim,
880 2411 917 2464 ut
945 2401 992 2465 ita
1018 2399 1234 2465 admittantur
1285 2423 1367 2484 quae
1389 2403 1425 2466 iu
1447 2401 1583 2468 ccclesia
1604 2379 1687 2469 bene
1708 2403 1884 2467 constituta
1901 2403 2036 2468 ferenda
2057 2425 2124 2470 non
2146 2415 2261 2471 essent.

251 2505 334 2570 quae
356 2489 438 2550 fient
460 2483 707 2564 admonitiones,
730 2495 768 2550 ut
789 2487 817 2550 is
839 2485 881 2550 ad
903 2507 999 2568 quem
1021 2483 1234 2570 pertinebunt
1285 2488 1360 2554 Non
1381 2489 1545 2571 loquimur
1563 2487 1603 2552 dc
1620 2489 1687 2552 illis
1709 2487 1902 2566 actionibus,
1920 2489 1955 2554 in
1977 2489 2095 2572 quibus
2112 2501 2262 2574 peccetur

251 2569 405 2636 audiatur
433 2571 531 2636 etiam
564 2572 592 2636 si
620 2593 720 2654 quam
749 2572 996 2638 excusationem
1028 2569 1156 2646 habeat,
1190 2591 1233 2635 ne
1285 2575 1320 2638 in
1348 2575 1468 2652 Deum,
1500 2595 1646 2656 quaeque
1678 2575 1782 2657 ipsius
1814 2573 1914 2638 verbo
1948 2587 2144 2660 repugnant.
2196 2575 2261 2644 Sed

250 2657 417 2740 aperiatur
437 2655 582 2723 fenestra
609 2655 804 2722 detrahendi
837 2665 871 2722 et
892 2657 1042 2724 molestia
1069 2655 1234 2723 afficiendi
1284 2681 1385 2744 quum
1414 2660 1527 2726 miseri
1559 2661 1706 2744 papistae
1733 2659 1801 2725 sint
1833 2669 1870 2725 ut
1896 2682 1973 2726 oves
1999 2661 2175 2745 dispersae,
2208 2663 2261 2729 ubi

249 2743 448 2809 innocentes.
494 2741 550 2809 sie
573 2743 675 2827 igitur
696 2742 848 2827 expediet
870 2743 1010 2826 aliquem
1038 2764 1096 2826 pro
1125 2741 1233 2808 cilicio
1285 2747 1449 2811 Dominus
1471 2747 1593 2812 excitat
1614 2753 1721 2812 certes
1742 2747 1902 2824 homines,
1925 2747 1981 2830 qui
2001 2747 2075 2814 illos
2097 2769 2139 2814 ex
2168 2749 2260 2815 dissi-

250 2825 370 2896 deferri
392 2825 479 2912 apud
501 2829 655 2907 seniores,
679 2835 717 2892 ut
733 2827 841 2894 delato
863 2850 935 2895 sese
957 2848 1099 2913 purgare
1120 2828 1231 2894 liceat:
1284 2833 1415 2914 petione
1436 2832 1602 2915 colligant,
1624 2839 1756 2898 tantum
1778 2831 1871 2896 abest
1893 2841 1930 2897 ut
1950 2831 2051 2899 talem
2072 2855 2167 2918 opem
2196 2833 2260 2900 illis

249 2935 288 2980 ao
316 2915 344 2979 ei
373 2915 529 2980 innocens
557 2915 784 2997 comperiatur,
814 2913 941 2980 delator
968 2915 1103 2981 seorsim
1132 2915 1232 2979 corri—
1284 2918 1426 2984 oblatam
1447 2918 1605 3000 impedire
1625 2918 1690 3000 ipsi
1710 2916 1895 2996 debeamus,
1923 2928 1961 2984 ut
1987 2921 2095 3002 potius
2124 2942 2162 2986 eo
2184 2943 2260 2988 casu

249 3006 348 3085 gutur
368 3007 408 3064 ut
429 3001 539 3066 minus
562 3001 830 3084 circumspectus:
855 3001 905 3065 sin
931 3021 1008 3066 vero
1032 2999 1140 3066 malus
1162 3002 1232 3065 ani-

249 3107 324 3151 mus
347 3084 388 3150 ad
411 3083 608 3151 delationem
630 3085 865 3152 calumniosam
886 3085 998 3170 ipsum
1024 3085 1163 3170 impulit,
1191 3086 1232 3150 il·

248 3169 307 3236 lud
340 3179 427 3237 esset
453 3170 552 3254 plane
583 3169 797 3237 intolerabile.
849 3171 1008 3238 Vestrum
1040 3181 1090 3238 est
1122 3187 1232 3238 autem

247 3278 343 3324 orare
364 3257 554 3338 Dominum,
577 3265 615 3322 ut
635 3278 715 3340 quos
737 3256 779 3322 ad
800 3257 890 3322 istud
919 3279 1041 3322 munus
1076 3257 1231 3343 elegistis,

246 3341 323 3410 illos
341 3342 458 3426 spiritu
480 3364 539 3409 suo
561 3353 654 3427 reget
675 3363 749 3410 cum
771 3363 852 3409 vera
870 3343 1056 3427 prudentia,
1078 3365 1232 3410 mansue-

247 3428 371 3506 tudine,
394 3427 473 3507 nelo,
496 3427 701 3495 rectitudine.
730 3427 800 3494 Vos
822 3451 902 3495 vero
920 3430 1009 3513 ipsos
1028 3429 1124 3496 sinite
1146 3429 1232 3496 frac-

248 3515 301 3581 nis
323 3513 388 3580 ilhs
410 3514 581 3592 contineri,
604 3515 721 3598 quibus
743 3535 857 3580 omnes
884 3536 966 3598 opus
995 3515 1170 3582 habemus:
1199 3525 1232 3582 et

247 3621 386 3684 quornm
410 3611 460 3666 cst
476 3600 638 3683 inspicere
655 3601 692 3665 in
715 3599 804 3680 alios,
823 3601 922 3685 primi
941 3601 990 3666 illi
1010 3612 1043 3666 et
1064 3603 1232 3688 corrigan-

1284 3004 1379 3070 nobis
1406 3003 1634 3088 usurpandum
1662 3003 1706 3068 sit
1732 3003 1814 3070 illud
1841 3005 1988 3084 Domini,
2016 3017 2052 3071 ut
2085 3005 2260 3073 habeamus

1284 3111 1344 3172 pro
1366 3089 1487 3156 neonis
1510 3099 1592 3168 tum,
1614 3090 1670 3173 qui
1687 3111 1755 3155 non
1776 3089 1845 3156 sint
1869 3090 2045 3156 adversum
2072 3113 2133 3158 nos
2165 3093 2259 3176 (leuc.

1286 3181 1314 3254 9,
1339 3175 1404 3259 50).
1449 3173 1537 3256 Quia
1566 3175 1620 3240 hic
1648 3197 1715 3240 non
1742 3177 1853 3260 agitur
1881 3175 1921 3242 de
1947 3199 2085 3244 munere
2111 3180 2259 3260 pastoris,

1285 3260 1342 3328 sed
1364 3267 1494 3326 tantum
1516 3261 1557 3327 de
1580 3261 1670 3326 illius
1692 3281 1800 3346 opera,
1830 3264 1886 3344 qui
1915 3263 1963 3329 ita
1990 3263 2092 3342 docet,
2122 3275 2161 3330 ut
2186 3287 2258 3330 sen·
2375 3307 2376 3322 ι

1284 3349 1347 3412 sim
1370 3347 1412 3412 ad
1433 3347 1604 3412 Christum
1632 3345 1773 3414 adducat
1794 3349 1850 3432 qui
1872 3357 1968 3415 erant
1995 3351 2086 3433 prius
2114 3349 2257 3434 dispcrsi.

1283 3433 1359 3498 Non
1381 3434 1492 3517 agitur
1514 3435 1613 3498 ctiam
1636 3433 1676 3498 de
1704 3433 1819 3498 ordine
1841 3443 2015 3518 perpetuo:
2038 3435 2095 3501 ssd
2125 3435 2165 3502 de
2193 3457 2258 3501 me·

1283 3517 1337 3584 dio
1359 3519 1499 3602 quodam
1519 3519 1789 3598 extraordinario,
1818 3541 1882 3604 quo
1904 3522 2069 3588 Dominus
2095 3524 2198 3588 utitur
2221 3523 2258 3585 in

1283 3605 1472 3670 confusione
1493 3613 1641 3689 papatus
1686 3605 1920 3672 Reoordamini
1942 3609 2041 3673 etiam
2067 3607 2157 3674 illius
2183 3629 2256 3692 epo-

248 3695 304 3754 tur
326 3697 360 3751 ιι
381 3686 592 3772 castigentur.
1285 3691 1362 3756 stoli
1383 3692 1576 3770 sententiae,
1599 3689 1688 3774 quod
1709 3691 1765 3774 qui
1786 3713 1853 3756 non
1877 3694 2252 3760 suntecclesiaedcmes·

335 3771 430 3838 luter
452 3773 517 3838 alia
537 3773 621 3838 vitia
642 3793 725 3855 quae
753 3771 850 3836 multi
877 3771 939 3838 sibi
965 3771 1141 3839 condonari
1168 3773 1233 3839 vel·
1284 3777 1351 3856 tici,
1385 3777 1489 3860 ipsius
1524 3778 1657 3862 regulae
1692 3786 1726 3842 ct
1754 3779 1886 3843 statutis
1918 3799 1984 3844 non
2023 3781 2091 3845 sint
2123 3779 2255 3847 subiecti

249 3858 328 3935 lent,
353 3879 455 3924 unum
474 3867 538 3923 est:
562 3879 681 3942 nempe
702 3867 741 3922 ut
761 3857 876 3924 liceret
897 3859 977 3941 ipsis
1000 3859 1159 3925 beneficia
1176 3860 1234 3924 illa
1285 3863 1298 3938 (
1303 3868 1329 3928 1.
1353 3862 1428 3928 (lor.
1453 3869 1482 3940 b,
1516 3868 1578 3939 12).
1623 3861 1877 3929 Observandum
1898 3865 2040 3948 deniquo
2069 3867 2155 3950 quod
2183 3865 2255 3932 alibi

250 3951 392 4028 papatus
413 3965 496 4027 quae
518 3952 637 4010 vocant
657 3945 810 4022 retinere,
832 3943 886 4009 vel
911 3943 951 4010 de
979 3944 1045 4010 illis
1062 3947 1231 4029 negotiari.
1284 3947 1386 4014 tradit
1413 3947 1501 4013 idem
1533 3949 1715 4032 apostolus,
1738 3950 1849 4014 offerri
1876 3971 1994 4034 nempe
2020 3951 2133 4036 gaudii
2159 3961 2255 4018 mate

252 4025 350 4109 Quod
371 4031 503 4094 omnino
522 4041 616 4095 extra
638 4029 905 4112 disceptationem
929 4029 1151 4096 damnandum
1173 4039 1232 4097 est.
1285 4035 1378 4112 uam,
1401 4035 1460 4100 ubi
1482 4035 1691 4120 evangehum
1712 4045 1931 4118 promovetur,
1958 4038 2087 4102 etiamsi
2115 4039 2178 4106 hoe

253 4113 388 4180 Crimen
411 4123 461 4180 est
480 4116 566 4181 enim
595 4113 680 4200 quod
703 4115 946 4182 christianismo
968 4116 1090 4182 diserte
1112 4138 1232 4201 repug-
1285 4121 1487 4187 occasionem
1515 4123 1574 4186 fiat
1596 4121 1732 4205 (Philip.
1760 4127 1785 4199 l,
1812 4125 1874 4206 lc).
1953 4125 2141 4190 uamobrem
2168 4124 2255 4192 ucis
2375 4125 2376 4138 ¹

253 4213 321 4278 nat,
346 4201 373 4265 si
401 4201 473 4283 quis
501 4222 536 4266 se
562 4201 683 4267 talibus
700 4201 878 4285 sacrilegiis
900 4203 1108 4268 contaminet
1138 4203 1232 4268 Alte·
1284 4227 1352 4272 non
1391 4204 1523 4272 videtur
1561 4205 1822 4272 interdicendum
1860 4207 2011 4276 fidelibus
2049 4209 2091 4274 ab
2122 4211 2255 4278 istorum

253 4307 329 4352 rum
367 4295 418 4350 est
455 4308 520 4351 non
552 4291 637 4352 tanti
668 4289 825 4352 momenti
864 4289 899 4352 in
931 4289 1081 4370 speciem,
1115 4289 1234 4354 offerre
1284 4291 1534 4376 praedicatione,
1557 4291 1653 4358 modo
1674 4292 1743 4360 illic
1766 4301 1873 4359 exstet
1893 4294 1996 4378 proba
2017 4305 2051 4360 ct
2077 4317 2162 4380 pura
2188 4298 2254 4364 doc·
2375 4357 2376 4360 ,

253 4392 373 4456 nempe
394 4371 536 4438 infantes
558 4371 599 4438 ad
620 4373 819 4456 baptismum
839 4375 1043 4456 papisticnm,
1073 4386 1130 4439 aut
1156 4395 1232 4459 pro-
1283 4377 1387 4442 trina:
1410 4379 1497 4444 absit
1518 4387 1629 4444 autem
1650 4379 1794 4462 precatio
1815 4381 1923 4446 omnis
1947 4383 2183 4464 superstitiosa,
2205 4389 2255 4450 aut
2375 4381 2376 4398 *

255 4457 348 4540 sequi
373 4457 490 4522 funera
516 4467 731 4524 mortuorum.
781 4459 884 4543 Atqui
910 4460 966 4526 nbi
994 4459 1053 4536 illi,
1086 4461 1142 4544 qui
1171 4461 1233 4527 hoc
1284 4464 1421 4548 quaevis
1443 4464 1508 4529 aha
1523 4465 1679 4530 mixtura.
1708 4465 1821 4549 Neque
1843 4475 1953 4532 tamen
1970 4466 2033 4535 hoc
2050 4489 2088 4534 eo
2110 4471 2254 4554 pertinet,

255 4543 317 4612 eibi
338 4542 437 4608 licere
459 4552 605 4608 autnon
633 4545 789 4628 imputari
811 4545 937 4623 volunt,
966 4545 1051 4611 serio
1083 4567 1118 4612 se
1144 4547 1234 4631 ipsos
1284 4557 1323 4616 ut
1342 4548 1419 4615 inde
1440 4551 1643 4616 occasionem
1670 4560 1802 4635 captent
1829 4551 2030 4620 subducandi
2056 4575 2093 4620 se
2121 4578 2142 4620 a
2168 4563 2253 4620 coetu
2375 4557 2376 4560 ’

256 4629 471 4706 excusserint,
502 4651 540 4695 ac
566 4627 677 4694 Deum
704 4627 845 4696 iudicem
873 4631 935 4698 sibi
962 4633 1132 4715 posuerint
1158 4639 1234 4698 ante
1285 4635 1461 4713 ordinarie,
1484 4645 1542 4701 aut
1562 4637 1664 4702 etiam
1685 4637 1820 4722 segnius
1836 4637 2052 4704 conveniendi
2074 4639 2116 4706 ad
2133 4639 2253 4708 ordina·

255 4715 376 4794 oculos,
404 4714 499 4780 facile
525 4716 561 4778 in
589 4737 624 4781 se
652 4716 739 4799 ipsos
759 4717 866 4782 ferent
892 4719 1099 4783 sententiam.
1143 4716 1235 4785 Satis
1287 4722 1372 4788 rium
1405 4731 1567 4803 pastorem
1595 4723 1805 4789 audiendum.
1855 4723 2021 4792 Incitandi
2048 4734 2129 4792 suut
2154 4727 2253 4812 potius

257 4802 347 4868 enim
369 4810 419 4866 est
446 4810 562 4864 notum
590 4799 692 4879 vobis,
722 4822 820 4884 quam
843 4801 946 4869 foedis
974 4811 1009 4868 et
1034 4803 1234 4871 detestandis
1285 4815 1319 4872 ct
1340 4807 1557 4873 confirmandi
1578 4808 1619 4874 ad
1641 4807 1820 4874 tenendum
1842 4809 2000 4891 ordinem,
2026 4811 2061 4876 in
2088 4834 2184 4896 quem
2210 4815 2253 4896 ip-

256 4883 736 5038 {ufflffiqlibus'fisfflfflqim
775 4888 876 5036 mertis
915 4887 1060 5037 Stoenos
1087 4889 1235 5040 'indigus
1286 4914 1338 5044 {3⁵
1366 4893 1467 5044 ιιιὶιΙ
1494 4893 1677 4993 introduxit
1697 4893 1871 4994 Dominus.
1889 4982 1895 4995 Ι
1915 4898 1966 4964 Ac
1992 4897 2129 4996 proinde
2145 4909 2254 4999 illm?

256 4992 675 5156 iitinalbmfflollil
690 4993 1158 5158 llslipiltiielullqlisl'
1176 4987 1236 5140 tl
1286 4987 1354 5148 ql:
1380 4981 1976 5135 tilenhtffttlltlttlstl
1998 4982 2154 5154 lige?
2167 4984 2253 5138 ll

258 5163 327 5209 nen
365 5151 477 5208 autem
515 5141 774 5242 benedictionem
806 5141 942 5209 Domrm
979 5147 1042 5229 ipsi
1073 5157 1235 5230 procuret.
1287 5157 1385 5234 pastu
1413 5150 1579 5216 ordinario
1600 5151 1725 5218 alienas
1745 5152 1891 5220 reddant
1934 5155 2067 5222 Interea
2088 5159 2118 5223 si
2139 5159 2194 5241 qui
2217 5155 2252 5220 il·

256 5223 461 5312 Participare
482 5229 583 5295 ctiam
604 5227 754 5311 precrbns
778 5250 861 5314 quae
887 5231 975 5296 fiunt
1000 5253 1059 5314 pro
1085 5233 1236 5316 mortuis,
1288 5236 1337 5302 los
1366 5235 1490 5304 adeunt
1521 5259 1589 5304 non
1620 5239 1809 5306 curiositate
1840 5239 1981 5324 quadam
2012 5241 2124 5322 illecti,
2156 5261 2252 5328 neque
