4804 6012
784 1605 864 1688 AD
886 1603 1253 1686 DISCIPLINAM
1275 1601 1755 1688 ECCLESIASTIOAM.

648 1895 698 1949 DE
716 1894 822 1950 LUXU,
837 1895 856 1961 ι)
1265 1863 1268 1901 l
1294 1859 1450 1943 Allegant
1477 1865 1602 1925 vestem
1628 1858 1750 1942 Ioseph
1778 1857 1972 1942 polymitam
2000 1865 2034 1922 et
2062 1857 2195 1922 inaures
2217 1875 2270 1920 ar-

1265 1917 1464 2050 imillasque
1490 1945 1666 2010 Rebeccae.
1719 1941 1828 2026 Quam
1856 1951 1969 2009 ve'rnm
1999 1949 2048 2008 est
2074 1940 2157 2006 illud
2178 1940 2270 2008 (liee-

353 2035 486 2102 Bellum
514 2053 616 2116 quum
642 2032 784 2115 suscipio
811 2053 878 2098 non
911 2041 1026 2098 contm
1053 2052 1156 2096 unum
1185 2037 1242 2096 aut
1293 2031 1399 2096 ronis:
1418 2033 1442 2112 ¹)
1473 2031 1514 2096 L.
1545 2029 1678 2096 Luculli
1707 2029 1862 2095 villarum
1889 2027 2169 2112 magnificentiam
2195 2027 2270 2092 imi-

268 2123 411 2190 alterum
437 2119 621 2196 hominem,
649 2117 707 2184 sed
734 2125 849 2184 eontra
876 2117 1042 2185 saeculum
1070 2116 1146 2196 hoc,
1175 2117 1241 2183 scio
1294 2123 1409 2182 tantur
1431 2116 1535 2194 multi,
1557 2116 1755 2200 probitatem
1773 2136 1852 2180 vero
1869 2113 1964 2198 quis?
1999 2115 2041 2180 In
2063 2122 2154 2179 veste
2175 2113 2270 2198 poly-

268 2218 429 2294 quantum
449 2205 532 2270 mihi
549 2203 692 2271 invidiae
710 2225 823 2286 parem
841 2203 928 2287 apud
950 2204 1030 2268 istos
1049 2203 1242 2286 inquorum
1292 2203 1373 2268 mita
1395 2201 1564 2268 declarant
1585 2223 1659 2268 suas
1677 2201 1750 2268 illas
1767 2221 1903 2286 pompas
1925 2221 1997 2266 esse
2018 2219 2197 2284 puerorum
2219 2199 2271 2263 lu·

267 2303 327 2362 eto.
372 2293 500 2358 Verum
521 2311 599 2374 pars
616 2289 700 2354 mihi
721 2290 804 2355 forte
826 2289 968 2374 gratiam
990 2289 1110 2354 referet
1131 2295 1165 2352 et
1186 2287 1241 2353 be-
1293 2288 1391 2354 diora.
1435 2287 1625 2374 Epimelian
1647 2309 1712 2352 non
1735 2286 1944 2364 damnamus,
1966 2283 2101 2351 modum
2122 2283 2271 2350 adhiberi

267 2380 422 2448 neficinm
442 2377 590 2462 ignoscet
610 2375 666 2442 ubi
688 2397 742 2440 me
763 2376 924 2440 monitore
946 2375 1088 2460 eoeperit
1109 2375 1242 2456 resipis·
1292 2373 1455 2455 volumus,
1474 2375 1530 2458 qui
1548 2375 1591 2439 sit
1608 2373 1825 2440 abstinentiae
1842 2373 1974 2457 propior
1991 2393 2090 2456 quam
2107 2371 2270 2436 luxuriae.

267 2487 356 2534 cere:
379 2463 435 2530 alii
458 2485 510 2528 me
532 2463 585 2530 vel
603 2483 645 2527 ex
667 2461 742 2539 alto,
765 2469 804 2525 ut
825 2461 931 2526 solent
951 2461 1062 2544 supini
1082 2459 1131 2525 illi
1149 2461 1242 2526 Mee-
1293 2463 1346 2528 De
1373 2459 1489 2544 primis
1521 2459 1669 2526 vestibus
1697 2459 1816 2526 Ganos.
1846 2461 1875 2524 3.
1932 2457 2022 2524 Adeo
2056 2457 2272 2542 degeneravit

267 2559 408 2629 cenatas,
431 2547 617 2632 despicient,
640 2547 695 2612 vel
717 2546 835 2630 quibus
857 2547 964 2612 solent
980 2545 1105 2612 facetiis
1125 2545 1242 2612 irride·
1293 2547 1460 2615 saeculum
1482 2545 1636 2629 apriseis
1657 2545 1722 2610 illis
1745 2545 1907 2624 moribus,
1935 2553 1972 2609 ut
1993 2545 2060 2609 iam
2080 2551 2273 2628 portentum

266 2637 399 2720 bunt.²)
447 2635 561 2718 Neque
583 2634 671 2698 enim
699 2631 760 2698 ulli
788 2631 955 2717 indignius
983 2653 1018 2698 se
1044 2631 1243 2717 reprebendi
1293 2642 1430 2700 naturae
1452 2632 1612 2698 habeatur
1634 2639 1743 2696 castus
1765 2631 1818 2697 vir
1839 2639 1897 2696 aut
1914 2639 2003 2696 casta
2021 2629 2149 2695 mulier.
2195 2629 2272 2694 Vox

267 2725 379 2788 ferunt
407 2727 465 2786 ant
492 2721 598 2804 magis
626 2738 724 2804 aegre
753 2717 905 2798 audiunt,
934 2739 1033 2802 quam
1055 2719 1111 2801 qui
1133 2739 1167 2783 se
1189 2737 1242 2784 ra·
1293 2719 1434 2785 infracta
1455 2725 1489 2784 et
1516 2717 1623 2784 soluta
1645 2715 1794 2784 discincti
1821 2723 1870 2782 ost
1898 2715 2053 2784 hominis.
2103 2715 2271 2800 Nepotes

267 2809 356 2875 tione
377 2807 462 2872 tueri
485 2810 661 2889 nequeunt.
710 2805 797 2870 Mihi
819 2805 899 2870 satis
920 2805 984 2870 erit
1005 2802 1184 2870 obtinuisse
1205 2811 1243 2868 ut
1295 2807 1442 2870 animum
1469 2825 1540 2870 esse
1568 2805 1791 2871 continentem
1818 2803 1874 2869 ubi
1901 2803 2004 2868 oratio
2034 2801 2164 2866 diffluit.
2209 2801 2273 2868 Isti

267 2893 419 2962 nonnulli
440 2891 483 2958 ad
499 2891 667 2956 meliorem
684 2890 812 2975 frugem
829 2890 976 2970 redeant,
997 2910 1110 2956 eorum
1132 2897 1243 2955 autem
1295 2891 1494 2960 effoeminati
1526 2897 1559 2955 et
1593 2887 1744 2956 dissoluti
1779 2911 1847 2956 una
1880 2895 1992 2956 tamen
2028 2909 2063 2954 re
2096 2889 2159 2955 viri
2194 2895 2272 2952 sunt

267 2980 446 3064 nequitiem
469 2976 557 3061 apud
579 2997 659 3062 quos
685 2997 790 3059 neque
817 2975 940 3042 veritas
959 2997 1065 3059 neque
1086 2977 1242 3042 honestas
1295 2999 1394 3063 quam
1416 2977 1523 3043 dicere
1545 2975 1646 3060 pudet
1664 2983 1696 3040 at
1717 2977 1809 3042 ouius
1830 2975 1842 3040 i
1866 2997 1918 3042 sos
1935 2975 2052 3042 merito
2072 2971 2197 3059 pudere
2215 2973 2272 3040 de·

267 3066 359 3132 valet
380 3063 573 3130 traduxisse.
625 3061 723 3128 Oerte
752 3061 875 3145 aliquid
896 3083 949 3128 me
970 3063 1126 3144 proficere
1147 3081 1243 3146 posse
1295 3065 1377 3131 beat.
1433 3063 1606 3130 Maecenas
1648 3069 1804 3146 quantam
1842 2999 1974 3128 laudem
2006 3059 2272 3127 mansuetudinis

268 3150 397 3218 confido
410 3147 497 3232 apud
515 3146 672 3232 quosdam
683 3148 738 3230 qui
749 3149 905 3231 temporis
923 3148 1003 3214 vitio
1021 3149 1126 3232 magis
1145 3168 1243 3231 quam
1294 3151 1379 3216 ferre
1397 3157 1532 3234 poterat,
1551 3148 1615 3214 nisi
1633 3169 1706 3212 eam
1725 3149 1830 3232 ipsam
1849 3147 1983 3215 lascivia
2000 3145 2185 3231 delitiisque
2203 3147 2271 3214 suis

269 3257 329 3304 suo
350 3241 495 3320 peccant
529 3235 708 3300 Ducuntur
732 3235 819 3299 enim
841 3233 955 3318 populi
976 3233 1105 3312 iudicio,
1128 3242 1163 3298 et
1183 3233 1243 3299 ho·
1296 3235 1502 3320 corrupisset.
1535 3235 1576 3300 In
1599 3257 1728 3300 summa
1750 3256 1860 3300 rerum
1882 3234 2031 3299 omnium
2052 3233 2188 3300 licentia
2210 3232 2272 3298 sibi

268 3329 402 3388 nestum
428 3327 549 3404 putant
575 3321 668 3385 enias
701 3319 889 3403 exemplum
921 3319 1036 3385 vident
1068 3327 1125 3384 aut
1157 3318 1244 3402 quod
1294 3321 1491 3405 temperavit
1511 3343 1554 3386 ne
1576 3322 1771 3406 sanguinem
1792 3318 1953 3399 funderet,
1976 3342 2018 3386 ne
2039 3319 2274 3404 periniurium

268 3407 457 3490 exemplum
479 3407 649 3489 habent.³)
698 3405 791 3486 Istis,
819 3406 970 3488 inquam,
1000 3404 1108 3472 adhoc
1130 3403 1243 3471 docili·
1294 3415 1510 3492 grassaretur,
1533 3429 1575 3474 ne
1598 3428 1696 3490 quem
1718 3413 1878 3491 potestate
1896 3427 1956 3471 sua
1973 3413 2146 3490 premeret.
2191 3405 2273 3472 Dic-

266 3493 329 3561 bus
350 3502 385 3559 et
405 3493 525 3558 leviter
547 3491 709 3576 corruptis
735 3493 819 3557 forte
845 3491 970 3558 iniieiet
996 3513 1131 3556 manum
1157 3492 1243 3557 veri·
1294 3502 1367 3560 tum
1393 3501 1444 3560 est
1469 3493 1601 3560 mollem
1627 3494 1742 3572 buseo,
1769 3513 1836 3558 non
1864 3492 1987 3558 mitem.
2038 3490 2274 3558 Fastidientur

268 3587 335 3660 tas,
363 3578 419 3644 ubi
441 3577 636 3644 advocatum
662 3585 760 3643 nacta
787 3577 858 3642 erit.
901 3577 995 3644 Haec
1017 3578 1164 3644 ciborum
1186 3577 1243 3644 ob·
1296 3601 1380 3666 quae
1402 3601 1444 3646 ex
1466 3601 1556 3645 more
1578 3587 1711 3644 suntet
1733 3577 1864 3644 sordida
1886 3577 2095 3644 suntomnia
2122 3576 2228 3643 solita
2243 3579 2273 3664 2)

267 3665 465 3732 lectamenta
493 3684 577 3748 qnae
606 3670 733 3730 saturos
761 3661 857 3728 edere
886 3670 1012 3747 cogant
1057 3665 1164 3728 Extra
1185 3685 1243 3729 na·
1382 3665 1471 3748 Quid
1493 3665 1573 3731 adeo
1595 3671 1673 3731 sunt
1693 3664 1834 3748 improbi
1859 3670 1893 3729 et
1920 3661 2129 3748 impudentes
2153 3671 2193 3728 ut
2220 3684 2273 3729 re-

268 3759 378 3817 turam
410 3757 489 3816 sunt
521 3749 709 3833 quaerenda
746 3749 880 3814 nomina
919 3750 947 3814 si
980 3749 1060 3816 haee
1092 3757 1245 3834 portenta
1296 3752 1457 3836 prehendi
1482 3751 1592 3817 ferant
1616 3751 1696 3816 dnm
1724 3749 1950 3834 inspiciantur.
1999 3749 2126 3814 Volunt
2159 3749 2275 3814 omnia

267 3837 421 3902 luxuriae
442 3834 616 3920 designare
636 3834 798 3901 volumus.
841 3835 919 3900 Non
941 3855 1034 3900 secus
1056 3836 1136 3901 baec
1158 3835 1244 3900 ludi·
1297 3837 1377 3904 adeo
1391 3859 1461 3904 esse
1475 3836 1638 3921 pellucida
1658 3846 1696 3901 ut
1707 3835 1808 3902 oculis
1820 3837 1920 3902 etiam
1931 3836 2175 3900 transeuntium
2187 3834 2274 3900 nihil

269 3941 327 3986 cra
346 3922 542 4004 suspicimus
564 3929 661 4004 atque
684 3921 869 4001 adoramus,
897 3942 994 4004 quam
1018 3923 1111 4006 pueri
1138 3922 1172 3986 in
1195 3929 1244 3986 te-
1296 3923 1596 3990 transsilireliceat
1626 3923 1927 3988 Putasunumessa
1945 3942 2061 4004 corpus
2074 3921 2128 3987 eui
2145 3929 2196 3986 tot
2212 3941 2274 4004 pa-

269 4006 381 4073 nebris
401 4007 512 4074 larvas
534 4014 695 4074 metuunt.
729 4007 840 4090 Atque
856 4013 895 4072 ut
912 4005 961 4073 bis
983 4009 1076 4091 pueri
1098 4027 1243 4074 essemus
1296 4019 1412 4076 rantur
1439 4009 1568 4076 vestes?
1613 4007 1770 4074 Falleris:
1792 4008 1955 4073 mensium
1976 4015 2055 4074 sunt
2072 4027 2110 4072 ao
2131 4005 2273 4074 dierum.

270 4092 382 4158 omnia
408 4092 501 4158 nobis
529 4094 681 4159 tenebras
710 4093 856 4159 fecimus.
910 4093 995 4158 Pars
1028 4091 1164 4158 remedii
1193 4099 1245 4158 est
1296 4094 1411 4162 Senec.
1434 4095 1539 4178 Epist
1563 4099 1614 4159 21.
1657 4095 1733 4160 Non
1755 4101 1805 4160 est
1826 4099 2058 4158 ornamentum
2076 4091 2169 4157 virile
2192 4113 2274 4158 con·

269 4177 396 4244 malum
418 4199 516 4243 suum
537 4199 650 4257 nosse,
678 4185 712 4242 et
733 4177 768 4243 id
790 4199 886 4261 saepe
912 4177 1031 4246 accidit
1051 4187 1089 4244 ut
1110 4199 1152 4242 ne
1175 4179 1243 4244 suis
1295 4183 1443 4248 cinnitas.
1477 4181 1545 4246 Nos
1562 4181 1671 4264 pueris
1688 4181 1815 4264 peiores
1832 4201 1947 4246 sumus
1967 4177 2053 4262 quod
2071 4177 2146 4243 illos
2166 4198 2274 4260 parvo

270 4263 404 4415 quidem
426 4263 594 4328 autoribus
615 4263 699 4330 vitia
719 4264 766 4330 sic
782 4263 933 4348 placeant
960 4270 998 4329 ut
1024 4261 1158 4330 laudare
1185 4285 1243 4330 au·
1296 4287 1370 4334 aere
1391 4273 1503 4352 empta
1524 4267 1659 4332 monilia
1680 4266 1853 4346 delectant,
1876 4286 1936 4330 nos
1958 4263 2066 4330 carius
2088 4263 2194 4348 inepti
2215 4286 2273 4330 su·

294 4356 379 4415 eant.
423 4347 519 4415 Nunc
541 4371 619 4415 vero
640 4351 767 4416 sontica
788 4350 889 4432 pestis
909 4359 960 4416 est
981 4348 1038 4414 ubi
1055 4349 1115 4416 sibi
1138 4350 1244 4415 homi·
1295 4375 1378 4419 mus.
1428 4353 1608 4436 Nunquam
1634 4351 1752 4419 vitium
1781 4352 1852 4417 sine
1877 4351 2063 4434 patrocinio.
2112 4347 2206 4414 Dum
2230 4349 2275 4414 ad

270 4456 331 4502 nes
353 4432 568 4500 blandiuntur
587 4443 620 4502 et
640 4435 736 4502 malis
754 4437 821 4502 suis
838 4435 1057 4519 patrocinium
1074 4443 1244 4520 quaerunt
1296 4441 1447 4523 exempla
1479 4439 1638 4518 vivimus,
1673 4440 1740 4504 iam
1772 4459 1840 4502 non
1874 4437 2000 4502 ratione
2032 4435 2273 4518 componimur,

271 4520 442 4605 Ohrysost
476 4519 586 4588 homil.
623 4525 660 4586 11
694 4522 731 4586 in
765 4522 886 4590 Genea.
919 4521 1007 4588 circa
1037 4521 1243 4606 principium
1296 4524 1353 4592 sed
1371 4524 1562 4592 abducimur
1579 4523 1822 4592 consuetudine.
1855 4523 1987 4588 Pudeat
2007 4542 2108 4604 quum
2128 4521 2274 4586 formam

1297 4619 1413 4678 exacta
1440 4631 1519 4677 eura
1545 4611 1726 4678 excolueris
1759 4609 1918 4676 amultis
1945 4605 2141 4674 animalibus
2169 4607 2272 4687 vinci,

341 4741 371 4808 1)
392 4739 440 4794 Β)
462 4741 633 4810 myram,
658 4741 779 4808 πῶς,
803 4742 875 4798 Bm
901 4742 1000 4799 GM·
1026 4741 1091 4798 003·
1110 4741 1162 4798 145
1209 4743 1236 4798 οι
1296 4717 1338 4762 ne
1360 4695 1438 4782 qnid
1459 4699 1502 4762 sit
1523 4697 1565 4762 ad
1582 4697 1831 4764 ostentationem
1852 4693 2070 4780 parsimoniae
2087 4693 2123 4756 in
2145 4693 2274 4758 vestitu
2399 4735 2400 4742 ι

271 4807 332 4866 125.
374 4809 562 4891 videturesse
579 4810 737 4890 imperfecta
760 4812 894 4881 quaedam
917 4813 1024 4868 iacente
1044 4744 1243 4870 cremabit·
1295 4782 1446 4848 ”While-
1499 4781 1586 4848 Vld⁰
1618 4783 1697 4881 5⁰¹¹:
1725 4781 1762 4848 O·
1798 4785 1829 4881 l)
1858 4802 1907 4866 ep.
1938 4778 2005 4865 5·³)
2055 4777 2136 4877 11⁰⁰,
2156 4778 2272 4878 lem

274 4880 365 4936 ὸναιιο
383 4893 429 4933 cus
446 4879 543 4934 mama
560 4879 718 4934 adeamne
735 4895 834 4934 mnus
852 4881 975 4935 adlabere
985 4898 1041 4936 nos
1058 4888 1104 4936 esa
1132 4882 1243 4938 Passim
1294 4889 1392 4954 quam
1414 4869 1533 4935 vellem
1554 4889 1575 4934 a
1595 4868 1762 4935 veteribus
1784 4867 1911 4933 drotum
1928 4871 1987 4946 est,
2010 4885 2064 4931 eos
2082 4885 2140 4951 qur
2157 4887 2192 4930 m
2209 4885 2274 4930 ex·

272 4953 421 5004 οοσιιπιιιιι
432 4949 550 5016 phrases
566 4965 622 5003 aaa
637 4949 740 5014 finitae,
759 4955 784 5001 et
800 4954 880 5002 notae
897 4951 1062 5020 marptnalea
1079 4953 1192 5004 astons.

341 5015 369 5080 2)
389 5015 447 5070 Hoc
466 5033 547 5085 quum
566 5017 679 5072 dicimus
696 5017 793 5084 rident,
817 5018 894 5086 qnasi
912 5034 975 5074 suas
993 5019 1112 5074 lautitias
1130 5019 1165 5074 ed
1182 5019 1241 5074 illo-

272 5099 331 5138 rum
348 5091 498 5152 temporum
516 5086 692 5143 rusticitatem
710 5085 838 5140 reducere
851 5086 976 5141 velimus:
995 5103 1045 5141 cur
1060 5089 1140 5156 igitur
1153 5104 1241 5144 exem·
1365 5090 1394 5154 1)
1413 5091 1454 5146 De
1473 5093 1544 5146 offic.
1561 5092 1587 5145 in
1604 5091 1651 5145 iol.
1670 5087 1722 5143 349
1740 5090 1803 5157 (a).

272 5153 347 5222 plum
364 5154 543 5220 parsimoniae
561 5170 594 5209 cu
614 5155 701 5210 iditati
718 5170 783 5210 suae
797 5157 980 5224 praetexunt?
998 5157 1053 5225 ((1.)
1363 5159 1393 5225 2)
1411 5159 1504 5214 Senec.
1524 5161 1611 5230 Epist.
1628 5157 1662 5212 20
1679 5161 1745 5226 (0.).

340 5218 368 5286 3)
385 5221 495 5290 babent,
511 5239 566 5278 oce
602 5225 675 5279 abin.
1363 5227 1394 5294 3)
1412 5228 1506 5285 Senec.
1523 5229 1551 5283 in
1567 5227 1621 5283 fine
1639 5229 1716 5296 epist.
1736 5227 1801 5296 (0.).
