4852 6022
284 343 344 406 aer
490 418 491 422 p
1108 321 1454 397 amaranthus
2221 329 2283 391 eoa

285 526 484 606 (Archetypum
493 523 617 603 gallicum
625 522 702 602 ¹qnod
712 523 784 602 Dera
794 537 823 574 se
834 520 948 574 vertisse
958 523 1076 573 metatur
1084 535 1135 572 noa
1148 518 1258 587 quidem
1310 520 1405 602 gravi
1427 539 1506 602 erga
1517 519 1624 582 Deum
1646 518 1826 582 offensione
1846 539 1911 582 non
1929 538 2066 602 possem,
2101 517 2147 581 Et
2168 535 2284 599 quam.

284 613 339 649 non
358 595 480 647 vidrmns.
509 592 693 644 Desonbrmus
711 606 872 712 apprensum
890 589 933 642 ed.
951 589 1018 642 Gen.
1037 587 1115 658 p.19,
1134 586 1212 641 Laus.
1231 605 1258 708 p.
1310 605 1361 670 vis
1387 604 1502 670 litem
1529 625 1619 670 mm
1647 625 1712 668 non
1747 603 1843 668 valdo
1872 611 2021 668 amanter
2048 624 2069 668 a
2097 601 2190 667 vobis
2217 603 2282 666 im

283 659 532 787 {ttulistis
553 659 741 796 &tm
759 662 890 796 ιιξῗιῗ·
927 655 1044 779 'dini
1060 657 1258 794 lilttttj
1310 691 1612 858 lllllhhllll
1628 687 1854 858 ffigffln
1865 689 1981 840 ffl
2002 708 2096 839 3133„
2099 687 2284 838 mg

1309 861 1493 928 liberarem.
1537 861 1605 927 Nec
1627 869 1738 926 tamen
1764 861 1800 924 iu
1827 827 1966 925 dubium
1987 857 2113 924 adduco
2135 879 2220 942 quae
2242 860 2284 924 sit

1309 957 1420 1012 vestra
1437 947 1519 1012 mihi
1539 959 1703 1029 comporta
1714 967 1875 1030 propensa
1886 945 2071 1010 obedientia
2082 965 2161 1028 erga
2172 945 2282 1010 Deum

1310 1041 1342 1096 et
1364 1033 1530 1098 ministros
1558 1033 1674 1115 ipsius,
1702 1041 1741 1096 ut
1770 1031 1854 1097 haue
1884 1051 1992 1096 meam
2020 1031 2280 1095 exhortationem

1308 1118 1394 1200 apud
1425 1139 1482 1184 vos
1515 1118 1637 1182 nullius
1668 1117 1819 1200 ponderis
1842 1117 1987 1182 hrturam
2011 1136 2140 1192 verear,
2175 1137 2281 1198 neque

369 1207 461 1272 Nihil
483 1206 566 1270 mihi
587 1205 743 1271 maiorem
766 1206 934 1270 tristitiam
961 1205 1086 1284 attulit,
1114 1203 1256 1268 dilectis·
1308 1205 1406 1269 etiam
1429 1224 1486 1268 vos
1504 1203 1586 1268 latet
1607 1225 1681 1270 mea
1698 1223 1777 1287 erga
1794 1225 1851 1268 vos
1869 1203 2048 1268 sinceritas.
2082 1200 2181 1282 Quod
2203 1221 2280 1266 vero

284 1295 358 1360 simi
380 1294 507 1368 fratres,
530 1299 603 1374 post
625 1311 679 1356 eas
697 1292 811 1356 turbas
833 1310 915 1374 quae
934 1298 1001 1354 tam
1020 1290 1139 1354 misere
1161 1289 1255 1354 dissi·
1308 1310 1373 1353 non
1392 1298 1443 1354 est
1459 1310 1569 1353 meum
1587 1311 1607 1354 a
1625 1288 1715 1354 vobis
1733 1287 1911 1353 admissum
1932 1287 2116 1363 consilium,
2140 1286 2280 1369 tempori

283 1387 444 1464 paverant
477 1385 511 1442 et
542 1399 646 1460 paene
678 1383 866 1441 everterant
900 1387 1044 1442 vestram
1076 1375 1254 1451 ecclesiam,
1307 1375 1412 1460 magis
1433 1374 1662 1458 imputandum
1685 1373 1784 1453 duco,
1811 1395 1911 1458 quum
1933 1394 1986 1438 res
2008 1375 2055 1436 ita
2076 1383 2187 1438 essent
2209 1393 2279 1454 per·

283 1485 381 1549 quam
406 1463 461 1529 ubi
490 1463 641 1527 intellexi
669 1471 780 1527 vestra
808 1463 914 1545 iurgia
943 1467 975 1525 ct
997 1463 1255 1526 concertationes
1307 1461 1471 1537 turbatae,
1501 1469 1537 1524 ιιι
1564 1481 1663 1543 quam
1692 1458 1822 1525 difficile
1844 1465 1930 1526 esset
1956 1467 2101 1525 statuere
2122 1455 2203 1540 quid
2225 1477 2278 1522 ex·

284 1572 360 1618 eum
379 1549 539 1616 ministris
560 1549 639 1632 ipsis
661 1549 715 1630 qui
738 1547 831 1613 nobis
852 1553 1088 1614 successerunt
1129 1545 1255 1628 Quam·
1306 1545 1442 1628 pediret.
1487 1546 1584 1612 Nune
1605 1545 1663 1610 ubi
1683 1567 1736 1610 res
1753 1567 1813 1629 per
1830 1546 1894 1610 Dei
1916 1546 2056 1629 gratiam
2078 1545 2186 1628 magis
2207 1551 2279 1607 sunt

284 1637 336 1704 vis
354 1635 442 1702 enim
460 1633 712 1718 praeposteritate
727 1633 792 1710 illa,
810 1653 892 1716 quae
909 1654 983 1698 cum
1000 1631 1133 1698 illorum
1151 1633 1255 1715 primo
1307 1629 1438 1696 sedatae
1460 1640 1494 1696 et
1516 1632 1722 1714 compositae,
1750 1631 1877 1696 confido
1898 1651 1957 1695 vos
1978 1629 2071 1696 facile
2093 1637 2278 1712 perspectu·

285 1721 376 1786 aditu
408 1721 581 1787 coniuncta
608 1719 786 1784 etiamnum
817 1719 1022 1797 remanebat,
1055 1719 1170 1782 merito
1198 1739 1256 1783 vos
1307 1737 1369 1795 ros,
1397 1738 1463 1782 non
1485 1717 1573 1781 aliud
1594 1717 1677 1782 mihi
1705 1738 1776 1782 esse
1801 1717 2002 1800 propositum
2031 1735 2130 1797 quam
2160 1723 2199 1778 nt
2227 1735 2278 1780 ros

285 1813 396 1892 posset
417 1803 596 1880 offendere,
626 1825 834 1887 quaecunque
857 1811 968 1870 tamen
997 1805 1121 1869 occasio
1141 1803 1254 1882 subsit,
1307 1802 1483 1885 perducam
1505 1805 1541 1866 in
1568 1811 1691 1867 rectam
1713 1805 1817 1867 viam:
1847 1811 1884 1866 ut
1910 1801 1957 1866 ita
1984 1801 2024 1866 de
2050 1821 2104 1864 me
2133 1799 2278 1882 persuasi

285 1914 353 1958 non
376 1911 506 1975 possum
530 1891 600 1955 sine
626 1911 746 1974 magno
773 1901 807 1954 et
834 1889 951 1954 intimo
981 1889 1115 1954 horrore
1142 1887 1256 1954 audire
1307 1909 1343 1953 re
1365 1889 1437 1973 ipsa
1458 1889 1641 1954 exhibeatis
1662 1909 1725 1971 quo
1747 1887 1865 1953 affectu
1886 1887 2051 1953 ducamini
2067 1885 2110 1950 ad
2128 1885 2277 1951 obedien·

286 1975 418 2060 aliquod
450 1977 486 2040 in
514 1976 650 2042 ecclesia
681 1975 824 2041 schisma
851 1975 1001 2040 residere.
1051 1973 1164 2055 Quare
1193 1974 1255 2040 hoc
1308 1973 1387 2037 dum
1410 1975 1548 2038 veritati.
1593 1973 1635 2038 In
1657 1975 1771 2057 primis
1791 1972 1966 2056 expendite
1987 1991 2118 2055 quaeso,
2142 1973 2277 2054 seposito

286 2063 368 2130 mihi
390 2063 488 2146 longe
515 2061 576 2126 fuit
597 2062 744 2126 acerbius
771 2082 869 2144 quam
895 2061 1005 2126 verbis
1034 2061 1160 2144 aperire
1204 2081 1256 2124 os·
1308 2061 1398 2123 omni
1420 2079 1634 2143 personarum
1655 2069 1821 2142 respectu,
1850 2079 1914 2141 quo
1936 2057 2059 2124 honore
2081 2058 2231 2124 affecerit
2248 2065 2279 2121 et

286 2151 366 2224 sim,
400 2145 484 2231 quod
516 2145 627 2211 audivi
659 2145 700 2210 de
732 2146 851 2212 vestris
882 2145 949 2211 illis
984 2081 1255 2224 contentionibus,
1308 2143 1385 2228 quid
1408 2145 1584 2210 contulerit
1610 2145 1676 2210 illis
1698 2145 1862 2210 Dominus
1890 2165 1973 2227 quos
2000 2144 2036 2208 iu
2064 2144 2278 2209 ecclesiasta

286 2234 441 2318 quamdiu
469 2234 503 2296 in
532 2233 656 2298 incerto
692 2239 779 2298 statu
807 2231 932 2296 versati
959 2232 1053 2298 estis:
1087 2252 1189 2314 quum
1218 2252 1257 2296 ea
1308 2231 1452 2295 instituit
1484 2238 1631 2314 pastores
1660 2238 1693 2294 et
1725 2231 1819 2296 verbi
1852 2231 2026 2296 ministros.
2077 2229 2155 2293 Non
2187 2229 2277 2293 modo

286 2321 453 2388 occasione
482 2339 547 2383 non
579 2317 685 2382 solum
717 2317 853 2382 ecelesia
888 2325 998 2382 vestra
1030 2319 1130 2382 scissa
1162 2325 1256 2395 esset,
1308 2317 1394 2380 enim
1417 2315 1508 2380 iubet
1528 2337 1587 2381 nos
1609 2317 1822 2399 obsequentes
1846 2323 2015 2400 praestare
2036 2335 2114 2381 cum
2136 2322 2229 2380 metu
2248 2321 2278 2379 et

288 2413 399 2490 aperte
421 2405 563 2476 omnino,
586 2401 642 2468 sed
664 2410 698 2468 et
718 2404 826 2484 ipsum
847 2402 1067 2468 ministerium
1089 2401 1255 2476 eeclesias·
1308 2409 1448 2466 tremore
1470 2401 1570 2467 verbo
1597 2402 1701 2485 ipsius
1728 2402 1807 2467 dum
1836 2401 1930 2467 nobis
1959 2401 2198 2480 annunciatur,
2225 2399 2278 2466 sed

287 2491 391 2556 ticum
413 2488 585 2572 opprobrio
607 2498 640 2552 et
651 2487 865 2553 contumeliae
887 2489 1079 2572 expositum,
1101 2487 1187 2570 quod
1209 2495 1259 2552 est
1309 2487 1408 2552 etiam
1442 2487 1565 2552 honore
1591 2496 1626 2553 et
1659 2488 1845 2552 reverentia
1874 2485 2117 2570 prosequendos
2145 2485 2277 2550 mandat

287 2575 407 2642 infiniti
440 2573 607 2639 cuiusdam
646 2574 814 2638 momenti.
868 2571 1045 2656 Quumque
1076 2595 1135 2656 per
1165 2573 1258 2638 illam
1308 2571 1399 2637 verbi
1422 2573 1604 2652 ministres,
1635 2581 1792 2656 tanquam
1824 2573 1927 2656 ipsius
1956 2571 2117 2656 legatione
2140 2587 2275 2648 ornatos,

288 2661 424 2740 ἀταξίαν,
445 2681 527 2743 quae
548 2681 635 2726 nunc
656 2659 764 2725 adhuc
786 2660 874 2742 viget
896 2659 930 2722 in
953 2657 1017 2724 Dei
1039 2659 1189 2737 ecclesia,
1218 2657 1258 2722 de
1309 2667 1342 2723 et
1363 2679 1443 2742 quoe
1466 2660 1597 2742 agnosci
1627 2659 1707 2723 velit
1734 2669 1770 2723 ut
1799 2679 1875 2724 euos
1903 2657 2001 2722 etiam
2029 2657 2166 2741 angelos
2190 2657 2275 2741 (Mal.

288 2745 432 2814 remedio
450 2747 613 2828 praesenti
634 2765 693 2827 pro
714 2743 819 2810 morbi
837 2745 963 2810 ratione
980 2745 1090 2809 minus
1111 2744 1181 2828 spei
1200 2743 1259 2808 ha-
1309 2747 1339 2822 2,
1363 2749 1381 2806 7
1392 2769 1399 2824 ;
1422 2747 1451 2808 2.
1470 2745 1544 2810 (lor.
1569 2749 1597 2822 5,
1621 2749 1678 2822 203
1704 2750 1729 2808 l.
1753 2743 1850 2809 Thes.
1871 2748 1899 2820 5,
1923 2745 1985 2812 13).
2031 2741 2139 2822 Saue,
2169 2765 2277 2826 qoam·

288 2835 409 2910 berem,
431 2831 538 2914 accepi
566 2852 641 2896 cum
665 2851 793 2895 summo
820 2829 938 2914 gaudio
961 2829 1083 2896 malum
1112 2829 1195 2894 illud
1222 2830 1259 2894 in
1310 2828 1367 2894 diu
1390 2829 1476 2912 apud
1504 2851 1563 2896 vos
1585 2829 1727 2908 fuimus„
1750 2851 1818 2895 uon
1843 2829 1983 2894 multum
2013 2829 2186 2895 vobiscum
2207 2851 2276 2895 oon·

287 2927 411 2985 certam
439 2917 593 2982 unionem
622 2921 656 2980 et
687 2937 879 2982 consensum
908 2923 1143 2982 commutatum
1170 2933 1258 2980 esse:
1310 2915 1475 2981 tendimus
1502 2913 1542 2980 de
1568 2915 1741 2980 ministerii
1769 2917 1872 2981 nostri
1900 2915 2075 3000 dignitate,
2106 2935 2151 2980 no
2178 2915 2276 2998 suspi-

288 3024 391 3088 quum
414 3010 593 3068 statuerem
615 3001 661 3068 ita
686 3001 809 3068 factum
830 3001 872 3066 iri
894 3009 930 3066 ut
959 3003 1094 3086 quisque
1116 3003 1151 3066 in
1170 3002 1259 3066 viam
1309 3001 1394 3067 aioni
1416 3001 1519 3066 ullam
1539 3002 1715 3067 fenestram
1738 3002 1950 3085 aperiremus:
1976 3021 2065 3067 nune
2087 3019 2168 3066 vero
2189 3011 2277 3065 extra

287 3089 419 3168 rediret,
441 3095 539 3171 atque
556 3087 605 3152 ita
622 3107 760 3170 regnum
771 3087 907 3153 Domini
929 3088 1033 3154 nostri
1044 3087 1120 3152 Iesu
1133 3085 1258 3152 Christi
1309 3086 1391 3150 illud
1410 3085 1595 3170 periculum
1616 3089 1756 3172 positus,
1785 3087 1919 3153 liberius
1941 3086 2026 3170 quod
2048 3087 2154 3152 sentio
2176 3087 2277 3170 prole·

287 3183 543 3261 promoveretur.
594 3171 661 3238 Ubi
688 3174 777 3238 enim
804 3180 881 3239 suut
907 3175 999 3239 rixae
1027 3183 1060 3238 et
1088 3172 1257 3251 discordia,
1309 3193 1390 3236 ram.
1435 3169 1473 3237 Si
1495 3171 1578 3236 mihi
1606 3171 1770 3258 agendum
1796 3179 1882 3239 esset
1907 3193 1983 3239 cum
2009 3173 2172 3238 ministris
2193 3173 2276 3256 ipsis,

288 3262 347 3328 vix
369 3259 438 3325 ulla
460 3267 511 3324 est
532 3279 606 3342 spes
626 3257 815 3341 proficiendi
837 3259 872 3322 in
894 3259 1019 3324 melius.
1063 3256 1175 3339 Quum
1197 3259 1259 3342 igi·
1311 3256 1460 3323 docerem
1489 3277 1570 3341 quae
1597 3268 1684 3324 esset
1710 3259 1856 3324 muneris
1885 3257 2018 3322 illorum
2048 3258 2146 3338 ratio,
2180 3267 2213 3323 et
2239 3256 2276 3322 ad

288 3355 344 3412 tur
365 3347 507 3412 fructum
530 3351 656 3410 certum
673 3365 714 3408 ex
737 3343 794 3408 illa
814 3343 1040 3410 conciliatione
1062 3343 1143 3408 mihi
1162 3365 1257 3426 spon·
1310 3344 1388 3426 quid
1409 3344 1502 3410 vobis
1528 3364 1588 3409 suo
1615 3345 1797 3410 ministerio
1826 3351 2011 3410 teneantur.
2062 3341 2176 3424 Quum
2205 3364 2277 3408 vero

288 3433 410 3508 darem,
433 3429 525 3495 facile
543 3450 616 3495 sum
639 3429 801 3494 adductus
818 3437 857 3494 ut
874 3427 915 3494 ad
933 3429 1021 3495 illius
1039 3449 1165 3513 quoque
1183 3450 1258 3494 con·
1310 3449 1370 3513 pro
1398 3451 1433 3495 se
1466 3429 1604 3514 singulis
1631 3437 1702 3496 tum
1735 3431 1894 3495 ministris
1926 3437 1998 3496 tum
2029 3429 2169 3512 privatis
2198 3430 2276 3493 ratio

288 3517 507 3584 firmationem
540 3537 592 3580 me
622 3513 843 3599 adjungerem.
888 3513 927 3580 st
960 3516 1049 3580 enim
1076 3515 1111 3578 iu
1143 3513 1259 3580 mediis
1310 3513 1476 3580 reddenda
1503 3517 1546 3582 sit
1572 3517 1661 3581 vitae
1685 3537 1763 3582 suae
1791 3513 1939 3594 tandem,
1969 3516 2074 3600 magis
2102 3523 2214 3580 estut
2240 3515 2276 3578 in

288 3604 369 3688 ipsis
402 3601 606 3687 gramssimis
640 3601 888 3684 tempestatibus
919 3601 1135 3666 conscientiae
1168 3620 1258 3666 meae
1310 3623 1382 3666 sese
1404 3603 1541 3684 quisque
1562 3603 1729 3666 intueatur
1744 3600 1824 3685 quid
1840 3601 1913 3666 aliis
1935 3599 2059 3678 debeat,
2082 3621 2182 3684 quam
2202 3597 2278 3682 quid

287 3688 405 3755 iudicio
427 3694 569 3752 atcerte
591 3689 756 3768 proposito
784 3707 912 3768 semper
933 3685 975 3751 ad
996 3685 1150 3752 eeclesiae
1171 3705 1258 3750 oom-
1310 3687 1373 3752 sibi
1395 3687 1551 3753 debeatur
1573 3686 1614 3752 ab
1634 3688 1697 3752 alio
1719 3686 1840 3753 diutius
1858 3687 2013 3770 requirat.
2045 3685 2111 3753 Ubi
2130 3687 2188 3750 illa
2203 3705 2277 3751 oon·

287 3775 477 3840 munionem
499 3770 682 3838 faciendam
712 3781 745 3835 et
770 3771 1028 3836 conservandam
1055 3770 1165 3837 studia
1187 3793 1259 3836 mea
1310 3772 1462 3841 sideratio
1483 3772 1593 3837 locum
1620 3772 1753 3839 habehit
1773 3773 1861 3838 inter
1882 3794 1953 3846 vos,
1983 3781 2055 3836 tum
2077 3772 2178 3837 etiam
2201 3772 2278 3836 haee

288 3859 428 3938 oouhrli,
462 3867 552 3924 tanto
584 3856 690 3940 magis
726 3856 930 3924 testificanda
963 3857 1044 3922 mihi
1079 3867 1151 3922 erat
1185 3879 1259 3940 pro·
1309 3859 1425 3941 regula
1445 3860 1512 3922 fixa
1533 3859 1689 3937 haerebit,
1711 3879 1830 3943 nempe
1847 3879 1901 3924 eos
1918 3859 1973 3940 qni
1990 3857 2097 3923 locum
2114 3858 2278 3924 ministro·

288 3946 402 4030 pensio
430 3944 532 4008 animi
557 3942 623 4008 mei
648 3964 726 4026 erga
753 3943 826 4026 pios
855 3943 958 4026 ipsos,
987 3943 1135 4008 ubitam
1160 3964 1259 4026 appo-
1310 3964 1385 4007 rum
1408 3944 1498 4008 verbi
1521 3951 1650 4020 teuent,
1678 3944 1808 4028 quando
1830 3945 1975 4028 regimen
1998 3945 2186 4010 animarum
2207 3963 2277 4007 ves·

290 4033 355 4096 sita
382 4029 422 4096 ad
452 4049 524 4094 eam
553 4049 624 4094 rem
652 4049 686 4092 se
713 4029 838 4094 occasio
871 4029 1035 4094 offerebat.
1088 4030 1137 4092 Ac
1169 4028 1259 4094 vide·
1311 4036 1437 4093 trarum
1457 4029 1537 4112 ipsis
1560 4038 1611 4095 est
1631 4031 1857 4108 commissum,
1884 4029 2107 4114 agnoscendos
2129 4049 2200 4094 osae
2221 4049 2275 4092 vo-

289 4117 364 4182 bam
387 4136 465 4180 sane
487 4137 540 4180 res
567 4115 613 4178 ita
641 4124 712 4178 tum
741 4113 928 4197 dissipatas,
957 4125 994 4178 ut
1015 4114 1098 4178 mihi
1125 4135 1191 4179 non
1213 4115 1260 4179 ita
1310 4115 1360 4180 bis
1382 4121 1556 4196 parentum
1576 4115 1655 4194 looo,
1678 4117 1765 4180 etin
1786 4115 1890 4198 pretio
1913 4113 2079 4180 habendos
2101 4125 2201 4198 atqua
2221 4115 2274 4178 ho-

290 4200 432 4284 proclive
461 4201 627 4266 videretur
654 4219 708 4264 eas
737 4200 773 4265 in
800 4201 965 4283 integrum
997 4207 1119 4264 statum
1139 4200 1260 4282 reponi
1311 4199 1474 4264 noraudos
1501 4209 1635 4284 propter
1656 4201 1738 4265 illud
1759 4221 1880 4266 munus
1902 4221 1965 4283 quo
1987 4201 2174 4284 funguntur
2192 4197 2273 4281 apud

291 4293 388 4368 atque
410 4287 545 4352 restitui.
589 4285 763 4369 Utcunque
785 4287 836 4362 sit,
859 4285 1097 4367 optatissimam
1119 4285 1209 4350 illam
1227 4295 1261 4350 et
1311 4307 1370 4350 vos
1392 4305 1435 4349 ex
1446 4285 1582 4350 Domini
1604 4288 1782 4352 voeauone.
1816 4287 1885 4352 Neo
1906 4295 2018 4350 tamen
2039 4285 2073 4350 id
2094 4307 2134 4350 eo
2155 4295 2274 4370 spectat

291 4367 388 4438 valde
410 4379 625 4453 opportunam
647 4371 848 4438 occasionem
870 4371 1053 4436 iudicabam
1076 4393 1095 4436 a
1116 4372 1259 4437 Domino
1311 4379 1348 4435 ut
1370 4373 1536 4437 auferatur
1557 4374 1609 4438 ius
1631 4371 1713 4438 illud
1732 4371 1825 4438 vobis
1854 4371 1967 4438 aDeo
1989 4372 2144 4437 collatum
2157 4367 2225 4454 ’(ιιι
2245 4378 2277 4434 et

291 4457 434 4524 oblatam
456 4457 497 4520 ad
518 4457 686 4522 eeclesiam
708 4465 852 4522 vestram
874 4455 1116 4522 restituendam.
1161 4457 1259 4522 Nunc
1311 4457 1378 4523 suis
1400 4459 1563 4534 omuibus)
1585 4467 1625 4522 ut
1645 4461 1789 4524 examini
1810 4457 2025 4525 subiiciantur
2048 4466 2195 4540 pastores
2210 4479 2277 4521 om·

291 4565 379 4616 vero,
404 4539 460 4605 ubi
480 4551 593 4607 contra
614 4563 721 4607 meam
743 4542 834 4606 illam
851 4543 1127 4625 exspectationem
1149 4541 1260 4607 audivi
1310 4565 1378 4621 nes,
1401 4553 1439 4608 ut
1459 4543 1687 4609 discernantur
1708 4543 1802 4627 probi
1823 4556 1856 4609 et
1877 4543 2032 4626 improbi,
2060 4554 2158 4626 atque
2179 4543 2278 4626 repri-

291 4627 551 4696 oonciliationem
573 4627 661 4692 illam
689 4629 776 4693 inter
803 4636 950 4712 pastores
977 4635 1104 4693 vestros
1125 4635 1159 4692 et
1183 4627 1259 4692 vici·
1311 4639 1444 4694 mantur
1464 4630 1514 4694 illi
1536 4631 1590 4712 qui
1611 4629 1673 4694 sub
1694 4631 1785 4696 larva
1805 4637 1972 4714 pastorum
1993 4630 2136 4712 lupinam
2154 4629 2279 4712 rapaci·

292 4737 352 4780 nas
374 4713 534 4789 ecelesias,
558 4734 576 4776 a
598 4713 727 4780 Farello
749 4715 849 4780 etiam
870 4721 903 4779 et
925 4735 945 4777 a
966 4735 1018 4778 me
1040 4723 1145 4778 ratam
1166 4713 1259 4780 habi·
1311 4723 1411 4779 tatem
1433 4715 1643 4799 prodiderint.
1677 4717 1820 4780 Tantum
1843 4717 1904 4781 hoc
1925 4715 1999 4782 volo
2021 4715 2107 4798 apud
2128 4715 2202 4780 illos
2227 4713 2279 4798 qui

291 4811 370 4880 tam,
392 4799 544 4864 idoneam
570 4819 637 4862 non
664 4800 763 4866 luisse
791 4800 833 4864 ad
861 4821 918 4866 vos
946 4801 1071 4866 sinemo
1098 4800 1260 4866 amicitiae
1311 4809 1421 4883 partes
1441 4809 1611 4884 pastorum
1633 4801 1771 4886 implent
1791 4801 2011 4885 aliquatenus,
2039 4807 2077 4866 ut
2104 4802 2173 4866 sint
2199 4801 2280 4866 tole·

292 4887 411 4952 affootu
433 4893 466 4949 et
488 4883 652 4967 legitimae
675 4885 911 4950 coniunctionis
933 4886 1065 4952 vinculo
1087 4906 1161 4950 cum
1183 4906 1257 4951 ves-
1311 4885 1444 4966 rabilos,
1472 4895 1510 4951 ut
1531 4909 1589 4953 vos
1611 4889 1709 4952 etiam
1731 4888 1909 4953 christiane
1931 4887 2060 4970 geratis,
2084 4907 2123 4952 ac
2144 4885 2280 4970 proinde

292 4972 353 5036 tris
385 4969 569 5054 pastoribus
601 4969 718 5051 quihus
751 4973 934 5036 animarum
966 4980 1149 5038 vestrarum
1181 4991 1260 5038 eura
1310 4972 1416 5056 magis
1437 4973 1598 5036 rationem
1615 4973 1762 5038 habeatis
1779 4975 1849 5038 eius
1866 4971 1952 5056 quod
1973 4972 2103 5038 avobis
2125 4971 2281 5038 debeatur

294 5057 450 5122 mandata
472 5065 523 5122 est
540 5053 747 5138 colligandos,
769 5065 898 5122 coactus
916 5058 962 5121 fui
986 5056 1027 5122 ad
1051 5057 1259 5123 scribendum
1310 5058 1396 5134 aliis,
1425 5079 1524 5141 quam
1546 5059 1631 5141 quod
1659 5060 1737 5142 ipsis
1768 5058 1859 5126 vobis
1886 5059 1942 5123 alii
1970 5057 2119 5124 debeant.
2172 5059 2279 5140 Atque

293 5161 347 5204 me
367 5141 522 5219 conferre,
546 5151 745 5218 uteonaror,
768 5143 980 5224 quantumin
1003 5165 1054 5208 me
1074 5151 1168 5222 esset,
1191 5165 1259 5208 me-
1310 5153 1422 5226 aperte
1445 5145 1505 5212 hoo
1525 5153 1558 5208 et
1581 5145 1695 5227 paucis
1716 5143 1895 5228 expediam.
1940 5145 2015 5209 Duo
2036 5143 2091 5210 hic
2113 5144 2206 5210 vobis
2226 5165 2280 5208 eo·

295 5221 436 5289 dioinam
463 5227 538 5294 huie
573 5227 658 5292 malo
686 5225 807 5302 facere,
844 5227 929 5311 quod
957 5228 1162 5295 dissimulare
1188 5228 1260 5294 sine
1310 5229 1445 5312 gitanda
1466 5239 1560 5296 sunt:
1590 5229 1713 5308 Unum,
1740 5229 1826 5314 quod
1847 5231 2073 5296 ministrorum
2096 5237 2282 5296 vestrorum

284 899 510 969 Misericordia
540 897 604 964 Dei
644 899 763 974 nostri,
803 907 836 962 et
874 897 982 981 gratia
1015 895 1149 962 Domini
1181 896 1258 961 Iesu

284 987 411 1054 christi
434 984 524 1052 vobis
546 983 787 1084 multiplicetur·
808 1003 868 1065 per
889 984 1022 1066 spiritus
1045 981 1150 1048 sancti
1171 1003 1257 1047 com·

635 1079 896 1136 mumoatrouem.
