4782 6010
278 352 321 415 aa
1076 345 1341 415 emenonis
1367 351 1492 413 1r-1s
1640 297 1648 311 ’
2235 351 2270 414 ιι

277 559 342 621 que
363 538 464 604 etiam
483 537 700 619 eonsilium,²)
724 537 790 602 nisi
808 537 919 602 risum
936 543 1023 602 esset
1039 537 1152 619 paneis
1169 536 1258 620 apud
1310 537 1409 602 sertis
1437 534 1549 602 verbis
1575 555 1705 602 meeum
1732 535 1782 600 illi
1808 533 2039 617 eonveniebut,
2072 543 2111 601 ut
2141 533 2272 602 nondum

277 631 312 689 te
334 622 506 708 deplorare
532 623 687 688 miseram
717 631 840 688 sortem
869 622 985 704 optimi
1011 622 1112 688 huius
1133 623 1256 702 fratris
1309 622 1449 688 viderim
1471 622 1528 705 qui
1548 621 1635 688 ma‘
1681 623 1825 706 ingeram
1853 622 2030 687 veritatem
2051 621 2114 688 hoo
2134 621 2172 686 in
2190 629 2272 706 perte

275 729 378 792 quam
399 709 483 774 mihi
508 730 568 792 per
594 708 708 774 literas
736 708 967 794 signifioarunt
994 708 1104 774 amici.
1121 708 1256 793 quidem
1308 709 1513 791 profiteatur.
1562 707 1604 772 In
1639 707 1702 772 rim
1731 719 1843 774 tamen
1870 709 2011 792 patitur,
2042 728 2105 774 nee
2134 726 2206 790 spes
2229 717 2272 774 est

276 793 357 861 fidei
378 803 413 860 et
433 793 604 878 probitatis
625 816 694 859 non
723 793 851 860 dubiae.
902 791 982 860 Sive
1012 801 1122 859 umen
1152 793 1256 860 dolori
1308 795 1414 878 primo
1436 813 1564 878 quoque
1590 802 1736 878 tempore
1763 793 1887 860 aboleri
1911 813 2008 878 posse
2035 793 2186 860 siuisuos
2204 795 2273 860 istas

275 901 351 946 meo
373 889 407 946 et
428 880 635 980 sympathiae
656 880 822 981 indulgeo,
832 881 861 964 ⁸)
890 879 963 946 sive
991 880 1062 980 eius
1084 881 1255 980 negotium
1307 901 1471 958 minores,
1499 879 1556 963 qui
1581 879 1650 980 iam
1677 878 1890 980 obtinuerunt
1915 887 2046 978 eertum·
2063 879 2172 980 iidem.
2212 877 2272 945 Oro

298 966 1256 1136 'stela”stultatemittet-,statuent
1306 964 2273 1130 tabilt'tmtqbltttttttttlmltt

276 1148 390 1222 ageret
410 1139 446 1202 in
468 1145 583 1203 nostra
604 1137 725 1204 Galba.
768 1137 824 1203 Ita
845 1141 880 1203 se'
901 1137 1005 1222 gessit
1032 1144 1071 1202 ut
1090 1139 1255 1222 gratiosus
1305 1137 1439 1204 relietus
1460 1145 1511 1205 est
1530 1154 1666 1222 pauper,
1693 1137 1844 1222 orphano
1865 1146 1903 1202 tu
1924 1138 1990 1204 eris
2011 1135 2152 1204 adiutor.
2160 1136 2190 1222 ἃ)
2228 1137 2274 1204 Ne

276 1233 365 1290 esset
379 1223 481 1307 -apud
507 1223 632 1289 ordinis
661 1223 767 1289 nostri
800 1223 965 1304 homines,
998 1222 1128 1306 siquis
1160 1223 1253 1290 alius.
1305 1225 1443 1308 patiaris
1459 1244 1498 1290 eo
1515 1223 1721 1290 neaeseitstis
1741 1223 1848 1308 redigi
1865 1233 1903 1289 ut
1919 1233 2069 1290 extrema
2085 1224 2272 1306 experietur.

273 1308 327 1374 Eo
348 1331 486 1376 numero
505 1309 637 1375 babitus
658 1310 746 1374 inter
767 1308 917 1374 homines
947 1308 1058 1392 aliqua
1079 1310 1254 1375 autoritate
1305 1309 1419 1390 Potes,
1449 1311 1478 1377 si
1499 1310 1565 1388 vis,
1594 1309 1705 1392 aliqua
1725 1309 1775 1374 illi
1795 1329 1994 1377 suoourrere.
2039 1309 2171 1378 Veram
2190 1316 2225 1376 tu
2243 1308 2274 1374 id

272 1395 450 1480 praeditos,
479 1403 519 1462 at
540 1417 601 1462 nee
621 1395 687 1460 illis
707 1393 825 1478 pudori
846 1400 934 1460 esset
960 1415 1022 1475 nea
1043 1396 1253 1479 oontemptui
1305 1395 1425 1463 melius
1446 1416 1507 1480 pro
1534 1403 1595 1468 tas
1622 1393 1807 1480 pmdsntia
1855 1395 1932 1462 Non
1959 1395 2053 1479 potui
2080 1405 2192 1462 umen
2211 1416 2273 1462 ma·

273 1481 402 1547 Tamen
423 1502 527 1565 quum
549 1503 617 1547 non
644 1487 755 1565 posset
782 1479 975 1546 submittere
1003 1480 1127 1546 diadas
1149 1482 1254 1548 eervi-
1305 1503 1387 1548 num
1409 1481 1497 1548 ultro
1525 1481 1751 1548 lssoirientem
1779 1481 1965 1560 eondnere,
1992 1481 2074 1565 quin
2103 1481 2273 1565 aliquidin

272 1587 328 1633 oes
348 1567 405 1634 isti
426 1567 632 1634 voluntariae
661 1567 813 1646 servituti
844 1587 943 1651 quam
970 1565 1080 1633 adhue
1107 1568 1253 1643 ferimus,
1304 1567 1404 1634 buius
1424 1587 1556 1634 oausam
1577 1567 1762 1634 seriberem.
1806 1567 1900 1636 Haeo
1916 1588 1976 1652 pro
1997 1575 2156 1652 tempore.
2188 1567 2273 1648 Vale,

274 1652 474 1738 demigravit
494 1653 537 1718 ad
564 1674 625 1720 ros
651 1653 686 1718 in
715 1652 840 1718 nullam
862 1673 955 1738 spem
976 1651 1112 1719 reditus.
1156 1653 1253 1720 Nune
1305 1653 1523 1721 eruditissime
1534 1653 1595 1721 vir.
1628 1652 1809 1732 Noviod⁶)
1829 1652 1935 1738 pridie
1950 1675 2055 1720 nones
2072 1652 2272 1739 septembres

271 1747 405 1824 praeter
426 1738 615 1822 opinionem
637 1739 707 1816 eius
728 1737 847 1806 eoeidit
864 1748 905 1803 ut
923 1745 1002 1822 agat
1017 1737 1162 1804 fabulam
1183 1761 1254 1805 mo-
1471 1775 1477 1788 ·
1719 1775 1810 1840 'suus
1832 1795 1874 1840 οἱ
1892 1737 2006 1841 'animo
2026 1773 2190 1842 calvinus

273 1825 409 1905 teriam,
436 1846 497 1891 neo
520 1831 641 1890 statam
664 1823 777 1891 sedem
798 1825 856 1890 ubi
876 1827 960 1908 figet
980 1825 1131 1908 reperiat
1175 1825 1253 1891 Huo
2191 1825 2198 1839 ‘

275 1911 390 1991 edam,
420 1917 459 1976 ut
480 1910 594 1990 audio,
623 1911 664 1976 ob
692 1911 863 1996 augentius
890 1919 925 1976 et
950 1910 1096 1995 inopiam
1123 1911 1172 1976 rei
1194 1911 1252 1977 do·

274 1996 430 2064 meetieae
474 2005 664 2063 aeourrerat
702 2003 742 2060 ut
780 1997 896 2080 opibus
931 1996 1127 2075 amisorum,
1171 2017 1253 2080 quos

271 2083 350 2148 olim
372 2091 489 2147 mutua
517 2102 616 2166 opera
636 2084 783 2162 iuverat,
811 2085 1039 2166 paupertatem
1062 2104 1154 2148 suam
1177 2091 1253 2147 tan·

272 2170 375 2252 tisper
396 2175 605 2246 sustentaret,
628 2168 733 2237 donee
755 2189 827 2235 sors
844 2167 942 2253 paulo
960 2168 1133 2252 benignior
1154 2169 1252 2233 offer·

269 2263 371 2321 retur.
417 2254 514 2320 Nune
541 2255 650 2337 eeoipe
679 2261 801 2337 quanto
829 2253 994 2338 potentior
1022 2255 1067 2320 sit
1087 2254 1253 2319 calumnia
1766 2253 1818 2324 ll.

268 2361 368 2425 quam
390 2339 524 2406 veritas.
567 2339 783 2422 Importunas
811 2339 1020 2423 nescioquis
1049 2361 1090 2405 ex
1118 2340 1251 2421 vestris,
1540 2391 1778 2462 OALVINUS
1799 2389 2015 2462 INOERTQ
2028 2391 2055 2476 ι)
2101 2461 2104 2470 Ι

1689 2035 1895 2045 ..-——-—.

269 2447 369 2512 quem
390 2433 479 2493 uerte
500 2446 569 2490 non
585 2425 689 2491 audeo
705 2426 906 2492 malevolum
924 2425 1093 2508 suspicari,
1116 2425 1165 2491 ita
1182 2447 1252 2492 om-

270 2513 365 2580 nium
391 2531 487 2577 aures
515 2511 585 2578 suis
618 2509 837 2578 delationibus
864 2519 1181 2595 prseoooupeverat,
1214 2517 1253 2577 ut

269 2599 360 2665 omni
382 2597 570 2682 purgationi
592 2597 721 2664 alausas
742 2598 875 2664 fuerint
919 2597 1035 2681 Itaque
1056 2597 1168 2664 nullus
1189 2598 1253 2663 fuit

270 2705 377 2769 aquo
398 2703 505 2750 essem
527 2683 733 2749 extunderet
776 2683 880 2749 Forte
907 2705 975 2748 non
1004 2689 1076 2748 erat
1104 2683 1154 2748 illi
1198 2705 1252 2750 ro-

269 2771 424 2857 positnm‚
447 2769 594 2853 quisquis
621 2769 651 2834 is
675 2767 739 2836 luit
760 2771 815 2854 qui
837 2768 1026 2836 huiusmodi
1048 2705 1251 2853 tragoediam

269 2856 455 2936 pensitavit,
483 2855 689 2921 immerentis
710 2875 831 2922 nomen
852 2855 940 2938 apud
961 2852 1112 2920 aredulos
1133 2856 1252 2922 iratres

269 2940 488 3030 proscindere.
530 2941 708 3026 Uteunque
735 2949 847 3008 tamen
874 2939 1131 3026 imprudentiam
1152 2963 1251 3009 exou-

271 3050 346 3096 sare
367 3050 428 3094 neo
446 3027 614 3112 depreoari
631 3033 748 3112 potest,
756 3028 786 3114 ⁴)
809 3027 889 3113 quin
908 3047 1029 3112 magno
1047 3025 1147 3094 huius
1163 3029 1252 3094 malo

271 3135 310 3182 ae
332 3113 477 3199 perieulo
499 3115 667 3180 erraverit
711 3114 805 3181 Haeo
827 3120 953 3193 autem,
980 3119 1021 3177 ut
1042 3112 1145 3194 aiunt,
1175 3135 1252 3181 oon·

271 3201 411 3267 tumelia
432 3199 481 3264 illi
503 3199 757 3284 impingebatur,
786 3199 873 3284 quod
893 3197 1066 3266 inuidisset
1087 3199 1122 3264 in
1145 3201 1252 3284 suspi-

271 3287 399 3355 aianem
422 3283 650 3369 anabaptiemi.
684 3286 811 3351 Mirum
829 3287 894 3352 nisi
915 3285 973 3350 ille
991 3295 1094 3367 ‘supra
1115 3287 1252 3351 modum

270 3373 372 3442 fuerit
393 3371 557 3455 suspioax,
580 3373 635 3455 qui
657 3371 744 3438 hano
766 3372 986 3439 eonieoturam
1008 3391 1051 3435 ex
1072 3377 1142 3436 tam
1168 3372 1252 3438 levi-

270 3459 353 3526 oulis
374 3457 504 3524 indioiis
525 3458 638 3524 traxit.
672 3458 728 3524 Ex
749 3459 896 3542 professo
915 3455 1038 3524 adduxi
1066 3478 1141 3522 eum
1163 3458 1252 3525 inter

270 3543 433 3628 eolloquia
458 3543 494 3608 iu
522 3564 708 3610 sermonem
736 3541 838 3610 huius
864 3542 1070 3612 eaorementi.
1118 3545 1172 3610 Ita
1201 3543 1251 3610 di-

314 3768 321 3781 '
361 3767 389 3822 ia
404 3765 514 3822 Oalrini
529 3764 568 3820 ad
585 3765 730 3820 Bueerunt.
772 3763 860 3836 ριιοοι
878 3783 925 3838 pur
943 3769 1075 3825 attentius
1088 3767 1253 3837 perlegerint

287 3837 356 3892 aelle
372 3836 531 3903 consedeat,
555 3836 639 3889 latim
661 3836 790 3903 epulam
812 3836 928 3902 [οποοιιι
945 3845 971 3893 et
988 3845 1104 3893 teneras
1121 3851 1178 3890 non
1196 3851 1252 3891 esee

273 3905 382 3958 iuvenis
398 3907 555 3974 aprunam
573 3919 677 3957 annuns
694 3905 741 3958 ara
759 3906 862 3974 egressi
882 3907 921 3961 ad
937 3910 1027 3963 mrum
1042 3907 1209 3975 primarium
1227 3910 1251 3960 et

273 3975 370 4042 napae·
385 3973 441 4027 iarn
458 3974 580 4028 nominis
596 3973 668 4026 inter
685 3973 808 4028 ἀοοιοοοι
830 3977 1011 4044 euangelicos,
1036 3974 1147 4029 eunden
1187 3991 1201 4028 e
1218 3974 1252 4028 de

273 4043 416 4110 emptoris
433 4043 591 4096 estulentis
608 4057 643 4096 ne
659 4039 712 4109 yps)
754 4039 843 4097 uidem
866 4047 1056 4114 amoenam.
1097 4043 1146 4097 Nu
1208 4043 1252 4099 lio

273 4111 458 4166 amotionis
473 4111 602 4176 formula,
624 4111 702 4165 nulla
739 4112 861 4166 οοιτιιιοο
877 4114 1056 4182 praedicatio,
1073 4112 1177 4166 nullum
1193 4111 1252 4166 lau·

274 4179 397 4234 dationis
413 4181 536 4234 asban:
559 4195 629 4249 puae
652 4181 745 4234 omnia
768 4181 804 4236 ab
826 4182 919 4250 ιὀοοιο
942 4183 981 4237 ad
998 4181 1077 4237 nen
1094 4187 1253 4252 tantumque

272 4247 364 4302 airum
390 4249 522 4303 scribente
544 4248 648 4318 neplr'pi
671 4264 844 4329 nequaquem
863 4257 1000 4320 poterant.
1042 4249 1172 4318 Epistola
1194 4256 1253 4304 tota

273 4317 425 4383 familiaris
448 4323 501 4386 eet,
524 4317 598 4370 unde
620 4317 786 4386 eadwinus,
812 4319 855 4373 ael
870 4321 942 4376 tane
957 4337 1014 4376 non
1029 4321 1149 4388 minan
1165 4319 1254 4386 fuisse

277 4383 390 4440 θοῑοιιιι·
405 4385 443 4438 ad
458 4385 604 4452 Bueenem,
621 4385 663 4440 ael
680 4387 719 4440 ad
735 4387 877 4442 minimum
896 4391 1003 4444 Baaere
1020 4389 1179 4456 scriptorem
1196 4389 1253 4441 ianr

275 4458 358 4509 antea
376 4452 563 4523 aliquomodo
580 4456 739 4509 innotuisse.
778 4455 852 4524 Quid
869 4459 896 4512 ei
914 4459 1047 4513 Galatam
1064 4457 1120 4510 iane
1138 4473 1166 4512 a.
1185 4455 1253 4510 1528

274 4521 420 4577 nonmoda
431 4523 618 4592 Arpentoratr',
635 4523 683 4576 sed
699 4525 780 4579 etiarn
798 4527 975 4596 apudipsuns
985 4527 1123 4580 Bueerune
1140 4541 1253 4581 eamne·

274 4597 356 4647 ratus
372 4589 462 4644 esset?
492 4591 560 4646 Vide
577 4608 647 4660 quae
659 4592 780 4648 diuinus
788 4609 876 4663 supra
894 4597 932 4651 ad
942 4596 980 4650 N.
993 4595 1016 4650 1.
1046 4595 1185 4649 omnum
1204 4609 1253 4648 an·

274 4678 341 4716 aura
352 4659 484 4714 Caluinus
500 4676 558 4714 non
576 4661 733 4729 adscripsit.
761 4663 901 4719 Hubertus
913 4663 982 4718 1532
994 4678 1050 4718 esse
1062 4664 1154 4730 valuit,
1171 4678 1253 4733 puune

274 4729 467 4800 autographon
484 4729 534 4782 boe
546 4729 697 4784 selestiani
704 4731 934 4799 Aryentoratensi
949 4736 1088 4789 insereret.
1125 4731 1253 4786 Hermin-

270 4799 375 4868 jardus
398 4795 466 4851 1534
486 4799 625 4865 proponit.
671 4797 726 4867 Qui
746 4806 836 4855 tamen
858 4805 968 4857 aninum
993 4803 1042 4857 leae
1066 4807 1254 4870 argumentum

275 4870 364 4936 affert,
382 4867 456 4938 quod
472 4867 601 4934 epistolae
618 4881 705 4922 ser-mo
722 4873 748 4922 et
764 4871 852 4937 ealar,
875 4887 952 4941 quern
971 4871 1085 4939 disan,
1109 4871 1197 4938 napis
1214 4885 1253 4924 ee·

275 4942 337 4990 rius
355 4945 379 4990 et
395 4937 541 5006 reltpiasus
564 4935 691 4990 rideatur
713 4953 796 5006 quara
809 4941 1039 5006 praecedentium.
1078 4937 1154 5007 Quae
1171 4955 1253 5008 quam

274 5021 376 5073 parurn
393 5006 502 5070 sanant
518 5003 556 5057 ad
573 5019 628 5056 rem
651 5005 847 5074 definiendam,
870 5025 927 5062 non
945 5009 1074 5079 estquod
1090 5022 1253 5062 moneamus.

380 5073 411 5138 2)
430 5075 542 5127 Leisure
570 5081 600 5125 to
623 5075 702 5126 write
733 5076 823 5129 would
850 5083 899 5130 not
925 5078 994 5131 bave
1018 5077 1141 5146 weigbed
1165 5094 1195 5130 ss
1219 5093 1253 5128 an

276 5149 420 5210 argument
437 5149 467 5196 to
484 5141 618 5211 persuade
635 5158 687 5208 me,
706 5161 760 5213 any
777 5161 853 5198 more
870 5145 936 5198 than
954 5146 1025 5215 good
1043 5147 1137 5198 adriae
1155 5185 1162 5199 .
1182 5187 1188 5198 .
1207 5186 1214 5198 .

382 5211 412 5274 3)
451 5227 486 5264 ou
504 5211 570 5263 beer
588 5211 656 5264 with
673 5227 724 5264 rue.

382 5278 412 5345 4)
431 5229 512 5333 loen
531 5279 640 5332 neither
658 5297 756 5334 exuare
773 5289 825 5334 eto.

1398 2563 1530 2631 Videtur
1551 2583 1650 2631 οοιιιοο
1667 2565 1778 2632 addita
1793 2565 1895 2647 fuisse
1915 2565 1975 2631 ulii
1990 2563 2119 2630 auidam
2140 2560 2277 2645 epistolae

1303 2650 1396 2716 euius
1417 2651 1512 2734 quasi
1526 2652 1767 2733 post-saepae
1788 2656 1841 2732 eet,
1861 2651 1956 2734 idque
1976 2650 2198 2734 imperfectam.

1305 2823 1396 2889 (Petri
1413 2823 1535 2876 Danielis
1553 2839 1635 2876 mauu
1653 2823 1755 2893 scripte
1772 2827 1864 2878 exstat
1880 2823 1909 2878 in
1923 2821 1989 2878 Ood.
2006 2823 2092 2878 Beru.
2110 2820 2171 2890 141,
2189 2818 2276 2875 lilii

1303 2893 1333 2946 in
1350 2891 1445 2946 eedem
1463 2891 1563 2946 sobeds
1579 2908 1640 2946 anm
1661 2898 1758 2946 nostra
1774 2892 1809 2946 N.
1828 2891 1846 2945 9
1868 2909 1950 2976 qnam
1969 2893 2106 2962 sequitur,
2131 2896 2161 2945 et
2181 2889 2214 2944 N.
2230 2887 2277 2942 222

1664 2977 1745 3031 quam
1762 2959 1921 3032 preeoedrt.)

1390 3114 1563 3182 Pollicitus
1585 3115 1713 3182 fireram
1734 3137 1788 3183 me
1810 3137 1937 3200 quoque
1959 3115 2001 3182 ad
2019 3123 2053 3180 te
2071 3116 2275 3200 seriptnrum,

1304 3208 1338 3266 et
1359 3223 1451 3268 eram
1472 3202 1607 3268 omnino
1635 3203 1782 3270 fauturus
1804 3205 1833 3268 si
1859 3201 2101 3286 aliquantulum
2125 3199 2275 3286 temporis

1304 3287 1529 3372 superfuisset.
1573 3287 1681 3355 Video
1702 3297 1814 3356 tamen
1830 3287 2016 3371 Rapit-stam
2032 3293 2185 3354 nostrum
2202 3307 2276 3370 quas

1302 3381 1413 3460 partes
1477 3393 1532 3440 ere
1554 3381 1736 3442 statuerem
1757 3395 2020 3460 praeoooupasse.
2065 3371 2105 3439 Si
2133 3373 2275 3440 obtinue-

1303 3459 1357 3538 rit,
1380 3460 1415 3526 ni
1443 3459 1450 3473 '
1486 3459 1568 3526 meis
1590 3460 1694 3527 literis
1716 3463 1779 3526 erit
1799 3482 1891 3546 opus,
1914 3461 1968 3525 sin
1988 3461 2108 3538 miuus,
2132 3459 2277 3543 experiar

1304 3566 1347 3611 an
1370 3545 1494 3630 aliquid
1516 3548 1677 3630 portando
1699 3547 1836 3614 valeam.
1871 3545 1989 3614 Saluta
2006 3545 2090 3612 mihi
2107 3545 2277 3630 diligenter

1305 3631 1513 3698 Franciseum
1542 3640 1719 3717 augustum
1748 3641 1843 3700 tuum
1872 3639 2039 3716 totamque
2065 3631 2160 3696 illam
2187 3629 2276 3696 iami-

1303 3717 1384 3783 liam
1419 3725 1454 3783 et
1486 3718 1607 3785 emiooe
1640 3739 1763 3785 omnes.
1807 3718 1973 3784 Dominus
2005 3725 2039 3782 te
2067 3716 2135 3782 hue
2167 3735 2276 3802 prope·

1304 3803 1391 3869 diem
1414 3851 1422 3867 ’
1444 3854 1452 3869 ’
1476 3853 1484 3869 ’
1507 3804 1555 3888 ⁴²)
1879 3888 2047 3956 Penates
2069 3889 2197 3974 anuas)

1407 4109 1437 4178 t)
1456 4111 1504 4165 the
1521 4127 1590 4182 poor
1606 4129 1653 4166 are
1671 4112 1721 4166 leit
1737 4111 1766 4165 in
1784 4129 1801 4165 a
1817 4113 1917 4182 speoial
1934 4127 2050 4166 manner
2067 4116 2096 4164 to
2114 4127 2186 4181 your
2207 4122 2276 4166 earet

1304 4195 1359 4252 you
1377 4195 1424 4234 ere
1440 4180 1488 4234 the
1506 4180 1602 4251 belper
1619 4182 1651 4235 of
1664 4181 1712 4236 the
1730 4181 1843 4251 orphan
2261 4244 2266 4256 ,

1407 4247 1437 4316 6)
1458 4250 1654 4304 Nouiodunum
1676 4265 1774 4305 menen
1802 4256 1862 4305 erat
1879 4249 2010 4318 plantae
2035 4247 2144 4304 uaeas
2172 4243 2278 4316 oppidu

1304 4333 1451 4400 οοιιιοιιιιιο,
1468 4319 1531 4400 aide
1551 4319 1664 4400 cellarii
1681 4317 1778 4402 tleepr.
1796 4325 1852 4373 ant.
1869 4321 1902 4372 in
1918 4317 2016 4373 indies
2054 4317 2151 4372 Vertere
2170 4315 2277 4396 dejpea

1305 4526 1356 4579 ³⁰⁶¹
1373 4523 2238 4657 llwltllffiwlllll‘lalfflllaflil
2238 4535 2263 4572 '¹'

1305 4592 1405 4716 arilli
1422 4596 1474 4728 eit,
1497 4663 1546 4716 secl
1567 4669 1593 4718 et
1610 4665 1699 4736 lasura
1721 4670 1746 4718 et
1768 4679 1872 4717 annum
1889 4663 2007 4730 scriptae
2023 4662 2153 4731 epatolcoe
2170 4657 2277 4740 definire

1303 4732 1414 4812 minine
1436 4735 1568 4812 ananus.
1610 4731 1859 4814 Attarnen'nomen
1882 4731 2009 4786 Lutetiae
2034 4747 2091 4786 nan
2113 4733 2277 4783 immeritas

1305 4799 1612 4976 fflrgztggwtum
1637 4809 1694 4856 rate
1713 4801 1788 4868 (arde
1804 4807 1859 4952 nat.
1878 4801 1944 4871 sep.)
1969 4801 2008 4950 ad
2031 4797 2142 4856 ο1532
2165 4801 2277 4949 reseren-

1373 4937 1788 5087 ,οι
1804 5007 2077 5078 ,a
2094 4939 2277 5074 aar

1307 5091 1431 5146 margine
1448 5091 1546 5130 nornen
1563 5077 1653 5158 urbes:
1671 5077 1805 5158 Ιιιιιοιίοο.

1304 5215 1370 5284 plue
1386 5143 1807 5284 midudaiiid‘deriie'imdseidtddt
1816 5145 2160 5284 ‘desidiislladdaefaoil
2174 5143 2277 5264 m

1308 5289 1334 5338 et
1349 5284 1468 5348 fortasse
1490 5283 1548 5336 iarn
1571 5284 1643 5338 inter
1667 5285 1777 5338 iuuenes
1800 5285 1931 5339 Aureliae
1952 5283 2090 5340 studweoe
2111 5281 2276 5337 eelebratu
2372 5267 2373 5318 ἶ
