4782 6010
271 339 350 410 ΧΠ
1134 327 1409 397 Eplsnousu.

274 527 419 596 euvino
441 526 707 608 conscriptorum.
751 520 846 605 Opus
872 519 1079 605 epistolicam
1105 519 1215 603 ipsum
1242 525 1370 584 constet
1398 515 1604 584 ternionibus
1626 520 1667 582 35
1689 514 1817 602 (Δ-Ζ,
1839 514 2037 601 AA-MM)
2059 515 2129 581 sive
2149 516 2264 599 popinis

267 637 544 704 numerationi
568 644 700 720 procem
719 631 852 700 indioes.
902 631 1094 697 Notandum
1116 641 1227 696 temon
1249 649 1403 695 numeros
1425 630 1622 713 paginarum
1643 628 1788 710 incipere
1809 647 1830 692 a
1849 628 1973 710 quinte,
1997 645 2039 690 ex
2060 647 2124 710 quo
2145 627 2265 712 colliges

275 770 316 814 es
337 749 448 814 omnis
468 767 550 831 quae
578 745 714 811 titulum
741 751 776 810 et
803 742 1040 810 dedicationem
1069 750 1253 825 sequuntur
1280 750 1354 824 post
1383 739 1569 806 absolutum
1590 737 1725 806 domum
1745 759 1827 821 opus
1849 738 2054 822 epistolioum
2075 739 2163 822 typis
2182 759 2266 804 man·

277 859 357 926 data
375 859 484 926 fuisse.
528 855 639 924 Medio
664 855 737 922 loco
765 856 852 920 inter
880 854 1023 920 indicem
1047 853 1260 937 epistolarum
1284 851 1417 918 Caluini
1438 865 1472 918 ot
1496 849 1640 918 indicem
1667 871 1795 928 rernm,
1823 850 1858 914 in
1880 861 1992 916 nostro
2014 849 2146 934 quidem
2166 871 2266 916 exem·

276 971 372 1058 plnn‘,
394 972 519 1036 inserta
539 969 663 1053 legitur
682 967 819 1050 epistole
840 965 999 1049 quaedum
1021 963 1063 1032 ad
1085 964 1202 1030 Vitum
1227 961 1446 1042 Theodorum,
1474 983 1573 1046 quem
1595 963 1749 1029 emissem
1771 959 1850 1026 elicit
1870 962 2097 1046 typographus
2118 982 2176 1028 suo
2195 963 2267 1044 loeo,

276 1091 312 1149 et
332 1104 398 1166 qus
418 1080 529 1148 addita
550 1088 667 1164 quarta
689 1078 900 1162 epistolarum
922 1077 1070 1144 centuria
1091 1077 1157 1142 iam
1179 1074 1339 1158 completo
1360 1083 1419 1140 oet.
1463 1073 1639 1142 Caeterum
1661 1072 1742 1140 hoec
1763 1073 1863 1140 editio
1880 1074 2033 1158 princeps
2054 1073 2182 1139 mendis
2200 1096 2267 1158 ope·

276 1214 390 1262 terum
412 1199 517 1259 scatet
538 1191 699 1276 plurimis,
723 1209 863 1273 quorum
885 1187 1049 1254 nonnulla
1070 1187 1113 1252 ed
1133 1187 1256 1252 nucem
1278 1185 1454 1252 voluminis
1476 1187 1696 1270 corriguntur.

431 1303 483 1368 Ne
505 1301 586 1386 quid
606 1302 641 1366 in
662 1299 860 1368 bibliotheca
880 1307 993 1366 nostro
1015 1297 1200 1366 calviniana
1222 1297 1395 1377 desideres,
1418 1295 1507 1381 quod
1524 1297 1602 1363 olim
1623 1298 1659 1365 in
1680 1318 1721 1363 es
1741 1297 1812 1376 fnit,
1835 1295 1986 1362 addimus
2008 1296 2071 1362 hoo
2091 1297 2162 1363 loco
2171 1297 2269 1364 Bemo

276 1414 513 1482 dedicationem
534 1421 625 1478 tomo
645 1411 857 1495 epistolarum
874 1411 1098 1494 praemissam.

434 1526 460 1590 I
461 1525 662 1590 dustrissimo
684 1527 713 1588 et
728 1523 942 1606 potentissimo
955 1520 1103 1604 Principi
1122 1519 1314 1602 acDomino,
1333 1521 1378 1588 D.
1391 1519 1553 1586 Friderieo
1565 1518 1678 1586 Caruili
1700 1519 1853 1586 Palatino
1873 1521 1917 1586 ad
1939 1519 2093 1600 Rhenum
2114 1518 2270 1586 Bararice

277 1636 375 1720 Duri,
396 1637 483 1704 sacri
505 1635 645 1700 Romani
665 1634 794 1716 imperii
815 1632 954 1700 Electori
967 1633 1140 1714 primario,
1158 1633 1298 1716 qratiam
1319 1637 1347 1696 et
1362 1651 1475 1714 pacern
1496 1654 1518 1697 a
1538 1631 1684 1698 Domino.

432 1746 634 1832 Miqraturus
656 1747 699 1812 ad
720 1744 894 1812 Dominum
916 1744 1072 1810 Iohannes
1096 1743 1261 1824 Calvinus,
1289 1764 1387 1826 quum
1414 1743 1453 1808 de
1479 1744 1646 1810 mmnndis
1672 1744 1817 1810 cadesim
1841 1748 1971 1808 netum
1997 1743 2123 1825 quiden
2148 1746 2270 1828 copiare

276 1860 437 1940 desineret,
456 1878 517 1924 sua
537 1857 616 1923 milu'
638 1857 783 1937 κειμήλια,
806 1857 841 1922 id
863 1861 916 1936 cst,
943 1855 1130 1922 schedarum
1150 1857 1302 1939 inperitem
1323 1875 1468 1920 murum
1489 1855 1726 1935 commendarit,
1754 1860 1790 1920 ut
1817 1855 1947 1936 siquid
1972 1854 2008 1918 in
2028 1855 2073 1920 iis
2093 1857 2270 1922 inuenissent

277 1993 337 2054 quo
352 1975 479 2054 possent
499 1970 651 2037 adiuuari
671 1969 828 2048 emlesiae,
853 1969 889 2034 id
917 1988 1036 2050 quoque
1056 1969 1092 2032 in
1113 1966 1213 2032 lucem
1234 1967 1380 2033 edmetm.
1435 1963 1589 2050 Ooqitcnti
1611 1971 1716 2033 auum
1742 1966 1802 2032 liae
1829 1967 1867 2033 de
1886 1987 1922 2030 re
1949 1967 2031 2032 milri
2057 1987 2153 2050 cupere
2173 1970 2270 2040 omnic

269 2081 484 2166 pervolrctauti
503 2081 690 2163 multiplices
711 2079 891 2146 obstiterunt
912 2079 1121 2161 difficultates,
1142 2079 1308 2161 quominus
1328 2078 1363 2152 id
1384 2082 1449 2142 tam
1469 2080 1527 2144 cito
1538 2083 1761 2160 praestaretur
1781 2097 1878 2160 quam
1899 2098 1952 2162 epo
1972 2077 2067 2158 uolui,
2090 2078 2271 2162 dfonassis

275 2194 372 2260 etiam
393 2194 533 2275 oportuit.
579 2191 804 2273 Praetmquam
824 2191 907 2256 enirn
927 2191 1008 2273 quod
1029 2189 1202 2256 euoluendis
1223 2194 1263 2256 tot
1279 2189 1402 2256 sclredis
1424 2190 1560 2256 aliorum
1580 2190 1674 2256 etiam
1696 2211 1790 2274 opera
1808 2190 1872 2272 [uit
1892 2189 2079 2271 musmo,
2100 2195 2128 2256 et
2148 2190 2271 2255 mulum

275 2306 313 2372 in
333 2325 367 2370 ec
388 2305 534 2386 ternporis
557 2303 744 2384 ponendum,
766 2322 820 2368 coe
841 2306 1044 2384 consequutoc
1064 2307 1139 2368 mm
1158 2303 1194 2368 in
1214 2300 1272 2366 mc
1290 2301 1412 2368 civitate
1433 2301 1639 2381 calamitates,
1665 2302 1766 2382 pestis
1791 2302 1934 2368 uidelicet
1954 2302 2075 2384 aliquot
2094 2321 2194 2368 cnnos
2213 2321 2274 2367 con·

276 2416 415 2496 unuatc,
442 2421 470 2482 et
492 2415 644 2480 temutes
670 2413 721 2480 illi
740 2415 880 2498 inpentes
899 2415 935 2478 in
956 2415 1096 2497 oontipuo
1117 2412 1205 2478 nodis
1225 2433 1316 2496 reqno
1337 2413 1472 2492 meimti,
1502 2433 1583 2494 quae
1604 2417 1632 2478 et
1654 2435 1702 2478 me
1724 2419 1753 2478 et
1772 2413 1843 2479 illos
1864 2415 2043 2479 institutum
2063 2435 2144 2496 opus
2165 2415 2274 2496 saepis·

277 2528 357 2594 sime
377 2526 559 2609 obrumpere
578 2530 743 2609 coepermt.
779 2524 903 2610 Maqnc
923 2545 1042 2608 quoque
1062 2523 1150 2590 nobis
1170 2525 1207 2589 in
1227 2523 1430 2604 epistolarum
1445 2525 1562 2590 deketu
1583 2524 1767 2606 disfimltas,
1789 2525 1931 2610 malipna
1946 2527 2138 2606 praesertim
2159 2545 2197 2592 ac
2208 2545 2275 2608 per·

279 2659 372 2706 oersa
392 2638 488 2704 huius
508 2637 627 2704 socordi
646 2635 807 2702 hominum
827 2637 955 2720 inqenia
975 2636 1193 2719 reputantibus
1214 2636 1320 2702 odona
1339 2641 1393 2714 est,
1418 2636 1495 2702 dum
1515 2636 1628 2700 luorum
1648 2639 1838 2720 scriptorum
1859 2637 2023 2703 eddionem
2043 2638 2090 2704 sio
2109 2643 2274 2721 temperare

276 2749 441 2818 studemus
461 2755 506 2830 ul,
527 2747 631 2830 quoad
652 2749 721 2814 eius
740 2747 811 2830 ueri
826 2749 958 2830 polerit,
985 2749 1054 2814 sine
1080 2748 1265 2830 cuiusquam
1290 2749 1459 2830 offensione
1481 2767 1576 2828 quom
1592 2749 1748 2830 plurimis
1762 2750 1876 2832 prosit.
1920 2747 2027 2814 Multa
2048 2751 2164 2832 quippe
2182 2749 2273 2832 [ami-

276 2861 408 2928 liariter
429 2862 511 2926 inter
538 2860 655 2925 amicos
680 2859 746 2924 dici
766 2859 920 2941 scribique
947 2864 1181 2938 consueverunt,
1204 2860 1394 2943 praesertim
1414 2859 1453 2924 cd
1474 2861 1604 2944 iuqeuui
1631 2860 1765 2940 spirtus
1785 2859 1971 2940 hominibus,
1990 2860 2104 2943 *qualis
2122 2861 2190 2943 suit
2210 2859 2275 2926 cac

281 2974 377 3039 eiures
398 2973 429 3038 si
450 2973 618 3056 quisquam
637 2971 755 3036 nostris
781 2971 968 3054 temporibus
989 2969 1088 3052 alius,
1116 2990 1196 3052 quoe
1221 2971 1350 3035 minime
1371 2970 1519 3052 expediat
1544 2991 1699 3038 emoriere.
1744 2970 1789 3037 m
1809 2971 1951 3038 moena
1972 2992 2091 3055 quoque
2111 2972 2201 3038 nodis
2218 2971 2274 3054 suit

282 3105 346 3150 non
365 3084 455 3150 modo
470 3102 681 3166 personarum
704 3102 812 3147 oerum
839 3082 932 3148 etium
958 3087 1130 3164 temporum
1157 3087 1185 3148 et
1211 3083 1348 3150 locorum
1369 3085 1459 3149 ratio.
1504 3083 1615 3166 Itaque
1643 3104 1682 3149 ee
1703 3084 1860 3166 plurimis
1886 3105 1948 3151 non
1968 3085 2016 3149 ita
2035 3084 2137 3150 muta
2157 3084 2275 3150 tandem

282 3195 448 3274 edidimus,
469 3215 565 3277 eaque
594 3195 757 3275 expunctis
783 3194 941 3260 interdum
968 3194 1160 3276 nominibus,
1188 3215 1227 3261 ne
1247 3197 1299 3262 cui
1320 3196 1542 3277 praeberenus
1570 3195 1788 3276 expostulandi
1812 3201 2034 3280 crpumcnturn.
2082 3195 2155 3278 Qua
2182 3197 2217 3260 in
2236 3215 2275 3272 re,

280 3307 338 3372 etsi
357 3307 464 3372 temari
484 3307 523 3372 de
541 3311 648 3372 nostra
669 3305 834 3390 diliqentio
854 3305 991 3388 donaque
1009 3305 1072 3386 tide
1092 3307 1202 3372 merito
1216 3327 1402 3390 possumus,
1429 3311 1532 3371 tamen
1558 3327 1620 3372 non
1648 3311 1758 3372 ternere
1785 3309 1952 3374 metuimus
1973 3313 2009 3374 ut
2029 3329 2068 3374 ne
2088 3310 2136 3374 sic
2157 3308 2275 3391 quidem

279 3419 418 3484 munium
439 3417 570 3484 indiciis
584 3417 721 3498 perinde
742 3416 994 3498 satisfecerimus.
1027 3415 1140 3482 Fuerit
1160 3419 1244 3483 cuim
1264 3417 1327 3498 ltoc,
1343 3419 1532 3503 praesertim
1548 3419 1584 3484 in
1605 3439 1693 3502 opere
1713 3423 1778 3484 tem
1793 3421 1883 3486 corio
1900 3425 1928 3485 et
1948 3424 2037 3486 tanta
2057 3421 2276 3486 sententiarum

277 3529 388 3596 mullis
409 3530 447 3595 de
466 3529 557 3596 relus
579 3529 743 3610 vamme,
774 3548 836 3594 non
856 3529 946 3594 modo
961 3527 1167 3612 perdifficile,
1194 3549 1302 3594 oerum
1323 3531 1419 3596 etiam
1439 3527 1591 3594 ἀδύνατον.
1639 3530 1791 3598 Omnibus
1813 3532 1939 3614 quidem
1958 3537 2034 3596 certe
2048 3531 2199 3614 prodesse
2218 3535 2276 3595 ster·

277 3642 417 3721 duimus,
437 3646 465 3706 ct
483 3641 629 3724 sutumm
655 3660 819 3722 speramus
843 3644 878 3704 ut
904 3639 971 3705 ullis
991 3639 1118 3722 quidem
1143 3642 1200 3724 qui
1220 3642 1343 3707 nullum
1370 3644 1413 3709 ad
1431 3641 1507 3706 haec
1527 3641 1654 3726 lequida
1670 3643 1909 3724 praeiudicium
1930 3643 2098 3724 auderint,
2125 3662 2223 3725 neque
2243 3661 2277 3705 cu

279 3773 386 3820 eorum
404 3773 515 3838 penore
533 3753 654 3835 fuerint
674 3749 790 3834 quibus
811 3771 881 3816 rere
901 3751 979 3816 dicit
1002 3747 1145 3817 moruus
1166 3751 1249 3818 uidit
1268 3753 1440 3836 quidquam
1457 3773 1523 3819 esse
1543 3753 1705 3834 iniustius,
1726 3759 1868 3820 nostrum
1883 3754 1994 3820 sallem
2015 3755 2193 3819 instituetum
2209 3772 2277 3838 pro·

280 3863 382 3930 detur:
409 3864 563 3946 irnprolros
589 3867 694 3929 autern
714 3863 954 3929 calumniaurres
980 3866 1037 3928 aret
1063 3868 1187 3945 apertos
1215 3865 1358 3930 veriatis
1376 3863 1475 3930 hostes
1494 3883 1555 3930 non
1576 3869 1621 3930 cst
1636 3865 1773 3947 profecto
1793 3885 1849 3932 eur
1870 3865 1917 3932 uel
1938 3865 2096 3931 tumidum
2116 3883 2276 3932 morercur.

438 3973 610 4055 Caeterum,
631 3974 846 4040 illustrissime
866 3973 1028 4056 Princeps,
1049 3974 1126 4040 dum
1147 3975 1236 4057 aprrd
1256 3995 1305 4041 me
1325 3976 1433 4057 ipsum
1449 3983 1625 4058 reputarem
1646 3979 1756 4060 quenti
1779 3976 2000 4044 Celsitudinem
2020 3983 2108 4044 tuam
2132 3977 2280 4044 Galoinm

281 4087 350 4169 ipse
369 4087 491 4170 fecerit,
520 4087 603 4152 venit
622 4090 650 4152 et
672 4085 754 4152 illud
773 4085 809 4150 in
829 4089 966 4165 mentera,
992 4087 1024 4150 si
1045 4083 1125 4151 leone
1146 4087 1203 4151 tibi
1223 4087 1369 4152 ultimum
1389 4087 1494 4169 ipsius
1515 4091 1703 4171 scriptorum
1717 4093 1842 4172 partem
1862 4109 2080 4170 consecrarem,
2104 4087 2159 4154 loe
2180 4090 2280 4171 mum

281 4198 439 4280 factumn
459 4217 508 4264 me
529 4199 610 4281 quod
631 4197 693 4277 illc,
714 4197 745 4262 si
766 4201 921 4280 superstes
942 4201 1033 4278 esset,
1060 4197 1208 4279 facturus
1235 4203 1308 4264 erat.
1353 4197 1432 4264 Fuit
1453 4202 1539 4265 enim
1559 4200 1614 4266 luoc
1634 4199 1687 4266 illi
1707 4202 1744 4267 in
1764 4221 1848 4267 more
1862 4202 2019 4284 position,
2045 4206 2075 4266 et
2094 4201 2230 4283 quidem
2250 4203 2281 4262 ut

283 4309 394 4388 amu,
416 4309 547 4390 aposloli
567 4308 720 4392 munplo,
747 4314 783 4374 ut
809 4328 885 4391 quos
910 4307 1032 4374 uidebat
1056 4309 1168 4393 diqnos
1192 4329 1258 4376 esse
1284 4330 1418 4392 quorum
1438 4313 1569 4378 cimice
1589 4311 1705 4395 reliqui
1730 4313 1793 4378 srlri
1807 4317 2016 4395 proponerent
2032 4312 2215 4392 imitandas,
2235 4328 2281 4374 eos

284 4421 412 4486 tuimur
432 4440 558 4503 operum
580 4419 690 4485 saltcm
711 4439 842 4486 urorum
862 4419 966 4484 initiis
987 4421 1175 4486 nominatim
1195 4421 1373 4504 appellaret.
1418 4422 1482 4490 Sed
1502 4429 1531 4488 et
1551 4423 1634 4490 illud
1654 4425 1796 4491 uicissun
1817 4426 1924 4490 ausim
1943 4423 2024 4489 mdi
2043 4423 2205 4508 sinprrlori
2223 4419 2282 4486 Cel·

283 4531 436 4598 &tudinis
457 4536 529 4596 tuae
548 4530 741 4596 lsunranitate
759 4531 862 4613 fretus
876 4531 1032 4614 polliceri,
1052 4532 1121 4614 sore
1142 4537 1177 4597 ut
1197 4553 1262 4615 quc
1283 4533 1484 4600 minumum
1496 4533 1664 4601 women
1684 4536 1792 4618 ipsum
1807 4537 1912 4600 uiuum
1929 4539 2079 4617 tanquam
2096 4534 2282 4600 eeeedmlern

284 4641 754 4724 seruumDeicompleeuses,
782 4643 1026 4726 eademquoque
1052 4643 1203 4726 scriptum
1230 4645 1509 4712 multumne
1536 4648 1652 4712 nostris
1676 4649 1858 4731 futurisque
1884 4647 2283 4730 tenporibusrnultaconr·

279 4753 975 4838 plectens,perindeatqueautorisipsius
1002 4775 1100 4820 uranu
1129 4754 1439 4838 oblatumaccipias.
1487 4757 2283 4842 Quodquidematleisiludinetuaoelrementer

287 4867 382 4934 eun
408 4870 501 4948 atque
528 4865 622 4930 etiam
641 4869 721 4948 peto.
765 4863 853 4930 Bene
878 4865 954 4931 eale
1005 4864 1164 4932 Domum
1187 4867 1280 4932 Iesus
1310 4865 1531 4936 &intedimus
1559 4877 1646 4936 uum
1673 4869 1806 4938 meinis
1834 4871 1977 4936 omnibus
2002 4871 2095 4937 donis
2120 4872 2226 4955 nequ
2249 4887 2284 4934 ac

286 4979 390 5062 maqis
411 4977 578 5058 locupletet,
600 4979 628 5042 et
648 4975 808 5060 sinpulari
823 4995 957 5042 urorum
973 4976 1173 5044 meluiarum
1193 4977 1269 5046 lonc
1286 4999 1381 5062 quam
1397 4981 1576 5048 dirrtissimc
1592 4989 1753 5050 conserui
1788 4983 1939 5064 Genenae,
1962 4981 2088 5049 Galend
2101 4981 2286 5048 Februariis

284 5107 372 5156 anno
392 5089 540 5170 torporis
560 5085 664 5154 utini
685 5085 911 5154 MDLXXV.
1372 5089 1561 5160 Odmmdim
1579 5099 1652 5162 triae
1671 5095 1909 5162 centensium

1788 5205 1967 5275 summme
1986 5205 2083 5274 Beru
