4782 6010
252 290 293 352 87
1045 275 1308 346 amsaoana
1331 280 1459 344 50-54

250 469 460 553 peculiariter
485 467 567 532 mihi
587 488 623 532 rc
667 466 752 532 ndns
772 465 895 532 videris
916 473 954 532 ut
976 466 1060 533 serio
1081 467 1118 532 in
1140 465 1226 533 hano

251 575 364 622 curam
389 553 570 618 incumbas.
645 553 680 617 ix
707 551 821 619 credas
849 573 946 635 quam
973 574 1039 618 uno
1066 551 1128 619 hoo
1156 553 1225 618 ictu

251 641 400 724 graviter
427 639 576 722 perculsa
605 638 674 704 sint
707 637 921 704 fundamenta
949 658 1032 722 quae
1065 639 1225 704 hactenus

250 727 337 791 iacta
359 726 504 804 fuerant,
532 724 610 790 dum
638 745 697 790 nos
724 725 760 789 in
782 723 930 790 doctrina
950 724 1116 808 religionis
1137 725 1225 789 inter

251 831 310 877 nos
332 809 490 878 dissidere
519 809 657 875 audiunt
684 809 843 894 imperiti,
872 830 978 892 neque
999 809 1059 874 ulli
1087 809 1224 875 dubium

251 903 302 962 est
319 897 400 982 quin
417 895 538 980 aliquid
556 896 698 980 gravius,
719 895 784 962 nisi
801 893 1009 963 commodum
1026 893 1224 974 medeamur,

251 1003 329 1047 mox
362 983 405 1047 sit
440 989 664 1065 sequuturum.
718 981 790 1046 Iam
823 989 983 1048 vocantur
1016 980 1149 1064 quidam
1183 1002 1225 1046 ex

252 1068 376 1134 nostris
397 1069 606 1152 impostores,
636 1067 691 1150 qui
718 1088 778 1150 pro
807 1066 945 1132 mortuis
974 1065 1136 1132 orandum
1157 1087 1224 1132 non

252 1153 490 1220 dissimularint
506 1153 611 1233 modo,
630 1153 688 1218 sed
706 1153 907 1220 confidenter
924 1154 1087 1236 negarint.
1101 1153 1129 1236 ⁹)
1152 1153 1225 1218 Iam

251 1259 271 1304 a
292 1240 430 1324 paganis
443 1241 484 1324 ¹⁰)
507 1239 657 1304 obiicitur
678 1245 715 1304 ut
740 1239 827 1304 inter
848 1259 908 1304 nos
929 1239 1021 1322 prius
1044 1239 1224 1304 consentia·

251 1345 326 1391 mus
345 1345 443 1408 quam
465 1323 505 1389 de
527 1325 600 1390 aliis
622 1326 657 1390 in
679 1333 827 1391 nostram
844 1326 1041 1391 sententiam
1062 1322 1224 1390 adducen-

252 1409 302 1476 dis
328 1411 524 1476 laboremus.
575 1411 659 1476 Tute
688 1411 759 1495 ipse
781 1417 899 1494 reputa
927 1409 1006 1494 quid
1039 1431 1081 1475 ex
1102 1409 1224 1474 talibus

249 1495 428 1647 Eracludiis
457 1517 623 1580 emergere
650 1503 756 1580 queat.
807 1497 911 1562 Porro
939 1495 1074 1562 haerere
1103 1493 1225 1561 diutius

274 1601 330 1648 aec
357 1582 485 1648 macula
519 1583 555 1647 in
584 1583 677 1648 nobis
712 1601 778 1646 non
811 1589 917 1666 potest
944 1601 1041 1665 quam
1068 1581 1224 1648 scelestus

249 1668 305 1734 ille
336 1667 551 1734 calumniator
583 1669 677 1734 nobis
705 1668 841 1746 inussit,
875 1668 955 1750 quin
988 1673 1093 1734 totum
1125 1666 1224 1732 simul

250 1753 515 1837 evangelium11)
541 1753 718 1837 impiorum
751 1753 956 1820 contumeliis
984 1751 1222 1838 proscindatur.

249 1838 502 1905 Proourandum
530 1859 609 1924 ergo
638 1847 677 1904 ut
705 1860 817 1906 omnes
844 1839 980 1924 gallicae
1006 1838 1140 1922 linguae
1160 1837 1223 1903 mi·

250 1923 357 2002 nistri,
379 1925 436 2007 qni
458 1925 520 1990 sub
541 1923 738 2008 reipublicae
764 1931 893 1990 vestrae
916 1923 1039 1990 ditione
1061 1931 1154 2004 sunt,
1182 1921 1223 1992 ad

251 2009 423 2075 concilium
445 2018 615 2095 cogantur,
645 2009 702 2074 ubi
723 2031 836 2076 omnes
855 2009 1015 2076 eiusmodi
1036 2017 1223 2076 controver-

251 2095 317 2161 siae
336 2095 537 2161 decidantur.
582 2093 818 2162 Maturandum
839 2101 958 2176 tamen,
982 2101 1015 2162 et
1036 2096 1064 2161 si
1086 2115 1151 2178 qua
1169 2117 1223 2160 ra-

249 2181 337 2246 tione
359 2180 500 2247 obtineri
520 2187 627 2266 potest
648 2181 848 2262 enitendum,
878 2188 916 2246 ut
937 2187 1014 2248 ante
1035 2179 1166 2264 pascha.
1180 2181 1222 2264 ¹²)

250 2263 340 2333 Sunt
359 2268 448 2332 enim
470 2273 503 2330 et
530 2267 595 2332 alia
621 2267 781 2350 quaedam
807 2289 890 2351 quae
918 2275 994 2332 ante
1022 2265 1108 2331 diem
1129 2265 1223 2332 illum

249 2350 940 2522 tiltllllltttttt‘..tritt
958 2349 1223 2504 delitet·

249 2523 533 2607 poreincrustato:
557 2545 695 2608 quorum
712 2525 891 2590 temeritati
908 2543 1118 2590 occurramus
1139 2531 1223 2589 tem-

249 2628 345 2691 pore,
374 2629 506 2676 necesse
535 2619 592 2675 est.
645 2610 696 2674 Tu
723 2610 833 2693 itaque
850 2631 919 2760 dm
947 2617 1004 2674 hia
1033 2609 1155 2694 pietate
1185 2630 1223 2677 ac

248 2693 425 2778 prudentia
445 2694 631 2778 providebis
658 2716 700 2760 ne
728 2695 822 2762 nobis
872 2696 936 2762 esis
962 2695 998 2759 in
1024 2699 1116 2760 tanto
1144 2695 1223 2761 arti·

249 2778 337 2860 culo,
369 2802 406 2847 ac
433 2781 567 2846 omnino
596 2781 716 2846 efficias
742 2787 780 2846 ut
806 2801 849 2847 ne
875 2781 912 2846 in
933 2779 1097 2864 paschatis
1119 2801 1222 2864 usque

249 2863 337 2930 diem
358 2865 557 2931 differamur.
601 2865 767 2932 Libellum
795 2873 888 2933 tuum
910 2865 1222 2932 caeremonialema

249 2949 1223 3037 Maurerogatunostroversumcumnostrocontulimus‚a

249 3057 314 3120 quo
325 3035 410 3102 nihil
421 3039 552 3122 penitus
566 3037 628 3104 nisi
642 3037 803 3106 brevitate
819 3037 937 3104 differt
971 3038 1060 3104 Eum
1070 3037 1222 3104 Lausan-

249 3143 327 3190 nam
348 3144 477 3190 mecum
498 3144 605 3207 nuper
631 3123 788 3205 tuleram,
819 3145 919 3207 quum
947 3144 1020 3207 spes
1047 3131 1118 3188 erat
1139 3123 1222 3190 Ber·

249 3228 329 3275 nam
351 3229 478 3293 quoque
499 3230 552 3275 me
573 3209 802 3293 proiecturum.
818 3212 861 3296 18)
904 3209 991 3276 Mihi
1008 3208 1110 3275 satim
1131 3207 1222 3275 vide-

249 3301 304 3362 tur
324 3293 508 3378 exspectari
529 3301 711 3363 conventus
729 3295 816 3362 diem
835 3315 899 3380 quo
916 3316 976 3380 per
993 3293 1096 3361 chum
1113 3313 1223 3362 coram

249 3379 552 3448 commentabimur.
565 3378 606 3466 ¹⁴)
650 3381 701 3448 Τιι
723 3387 758 3448 et
786 3378 826 3449 de
847 3402 886 3448 eo
913 3387 948 3448 et
969 3377 1010 3447 de
1031 3379 1151 3466 synodi
1170 3379 1222 3447 in·

249 3463 389 3534 diutione
413 3467 570 3547 scribere,
620 3487 727 3548 uaeso,
749 3487 792 3534 ne
812 3467 969 3552 graveris,
992 3465 1045 3532 oui
1063 3465 1223 3532 iuteresse

249 3553 353 3620 nostri
376 3574 443 3618 non
465 3551 609 3620 detracta
631 3559 698 3618 unt
714 3553 756 3638 ¹⁶)

352 3842 382 3908 9)
401 3842 463 3896 who
480 3846 530 3897 not
547 3841 612 3911 only
629 3840 773 3896 concealed
790 3840 851 3895 that
867 3839 1063 3913 theypraylor
1080 3840 1127 3896 the
1144 3839 1222 3908 dead,

249 3912 301 3966 but
317 3911 387 3967 have
405 3911 569 3981 confidently
587 3909 710 3963 affirmed
726 3910 788 3964 that
804 3909 871 3980 they
889 3909 924 3964 do
942 3915 999 3964 not.

353 3979 401 4047 10)
419 3980 466 4034 the
484 3983 619 4050 peasants.

355 4049 401 4115 11)
419 4049 467 4102 the
484 4047 611 4102 seamless
629 4047 695 4100 robe
713 4045 744 4100 ol
757 4047 805 4100 the
821 4045 924 4116 gospel.

354 4116 401 4178 12)
421 4115 467 4171 Be
484 4133 559 4172 aueo
577 4115 644 4170 Kal.
659 4115 767 4184 Aprilis
783 4114 977 4170 rehtruadm.

1737 467 1788 536 ol.

1492 601 1785 672 amandatus
1808 601 2039 672 Flauum.

1364 767 1496 840 Claudii
1524 775 1679 859 arpellum
1698 781 1772 856 post
1796 773 1922 844 Caluini
1949 775 2086 842 reddam
2110 775 2247 842 Graecae

1270 855 1467 1024 gdobaabbur'
1512 859 1564 926 De
1592 881 1651 944 quo
1677 865 1779 927 mnan
1803 882 1864 927 aon
1885 863 2003 944 optima
2031 883 2169 946 quaeque
2190 862 2246 929 eibi

1278 1113 1335 1178 (Ex
1363 1117 1468 1184 autogr.
1496 1115 1626 1170 Biblioth.
1652 1079 1791 1186 pastorum
1821 1117 2046 1172 Neocomensium
2072 1118 2163 1174 lesda
2189 1135 2246 1189 epp.

1610 1183 1696 1256 thh.
1714 1187 1797 1242 Fabri
1814 1187 1848 1242 N.
1866 1184 1924 1252 25.)

1363 1351 1542 1422 Carissimo
1563 1355 1658 1424 fratri
1681 1357 1847 1424 Gulielmo
1868 1357 2000 1424 Farello

1933 1494 2143 1562 Lausannae.

1362 1607 1397 1676 S.
1427 1612 1564 1678 Fratres
1591 1615 1702 1680 omnia
1728 1617 1763 1680 in
1792 1613 2046 1699 congregatione
2066 1617 2130 1681 rite
2157 1635 2243 1700 prae·

1276 1694 1478 1779 scripserunt
1499 1719 1582 1781 quae
1600 1699 1783 1765 ordinanda
1801 1707 1903 1765 erant.
1940 1697 2096 1766 Claudius
2108 1703 2132 1784 ¹)
2155 1701 2189 1766 in
2208 1721 2244 1768 ea

1275 1803 1343 1848 non
1370 1783 1474 1849 adfuit
1499 1784 1556 1850 sed
1585 1807 1673 1852 nunc
1702 1786 1859 1852 Genevae
1889 1793 2058 1868 exspectat
2091 1794 2184 1852 tuum
2214 1793 2244 1853 et

1278 1865 1404 1937 Caluini
1425 1866 1612 1948 adventum,
1624 1871 1653 1956 ²)
1675 1892 1737 1955 quo
1765 1873 1901 1937 seorsim
1922 1872 2009 1937 inter
2030 1872 2156 1956 aliquot
2176 1893 2243 1939 ves·

1274 1959 1362 2019 trum
1383 1962 1546 2038 postremo
1574 1963 1694 2023 tractet
1718 1960 1885 2044 negotium
1913 1978 2020 2027 suum.
2065 1961 2114 2023 At
2135 1978 2243 2026 vereor

1274 2059 1317 2105 ne
1339 2038 1472 2106 tandem
1494 2062 1601 2108 sermo
1623 2043 1711 2109 illius
1741 2052 1852 2128 serpat
1880 2043 1947 2110 illic
1975 2043 2242 2126 quemadmodum

1274 2123 1461 2190 huiusmodi
1483 2129 1591 2194 canori
1613 2130 1813 2196 corrosiones
1841 2128 1938 2195 modo
1967 2129 2020 2194 hic
2043 2128 2242 2214 deprehendo

1275 2211 1427 2293 quotidie.
1471 2213 1540 2279 Nec
1567 2215 1729 2280 immerito
1758 2215 1842 2280 dixit
1868 2215 2034 2298 apostolus
2063 2215 2243 2281 huiusmodi

1275 2297 1439 2380 operarios
1470 2319 1541 2365 esse
1573 2300 1734 2367 subdolos.
1786 2299 1946 2382 Quamvis
1979 2321 2109 2384 sperem
2137 2301 2241 2368 divino

1276 2383 1398 2448 auxilio
1411 2382 1504 2452 brevi
1516 2407 1570 2451 me
1594 2385 1828 2469 dissipaturum
1846 2407 1930 2469 quae
1952 2386 2157 2470 quorundam
2178 2385 2241 2453 ani-
2370 2440 2371 2462 ,

1274 2467 1338 2535 mis
1360 2469 1524 2554 suggessit
1535 2474 1563 2550 8)
1585 2521 1592 2536 .
1616 2522 1623 2536 .
1648 2522 1655 2536 .
1679 2522 1686 2536 .
1710 2473 1859 2552 Tononii,
1883 2475 1911 2537 2.
1935 2473 2051 2538 Martii
2077 2477 2168 2539 1537.

1642 2606 1733 2675 Tuus
1755 2607 1981 2676 Ohristolorus
2003 2609 2203 2678 Libertetus.

1734 3067 1785 3138 52.

1458 3202 1724 3272 MEGANDER
1744 3205 2063 3276 BULLINGERO.

1361 3373 1493 3444 Proca
1518 3376 1587 3442 clia
1614 3375 1674 3444 hac
1703 3397 1764 3443 aon
1785 3379 1979 3460 pertinentia
2008 3381 2191 3446 scommatice
2207 3377 2242 3446 dc

1274 3461 1392 3544 cauto
1416 3459 1522 3526 Caroli
1542 3466 1570 3530 a
1589 3461 1700 3544 fedare
1721 3464 1845 3548 synode,
1867 3463 1922 3530 abi
1944 3465 1981 3531 de
2001 3466 2162 3534 ministris
2178 3465 2239 3550 pal·

1274 3545 1352 3614 lirae
1381 3547 1519 3614 taionis
1546 3548 1720 3614 tricesim
1754 3551 1901 3632 spectatis
1922 3569 2046 3632 parurn
2078 3555 2240 3619 reverenter

1274 3629 1419 3716 equae.

1276 3800 1332 3870 (Ex
1349 3801 1373 3856 1.
1395 3797 1513 3858 Ouaradi
1535 3802 1657 3858 raserint
1678 3805 1800 3860 matur-ia
1843 3805 1912 3860 rime
1941 3821 2003 3876 epp.
2028 3806 2238 3862 acromatum

1275 3870 1338 3952 ecci.
1356 3869 1465 3926 Helvet.
1482 3871 1540 3940 Τίς.
1560 3869 1640 3936 1742,
1663 3888 1689 3941 p.
1708 3871 1766 3926 170.
1802 3821 1900 3928 Editor
1923 3875 1996 3929 uude
2023 3877 2170 3946 sumpserit
2190 3892 2238 3930 acu

1274 3939 1384 3994 mdimt
1425 3939 1483 3994 Noe
1504 3940 1826 4078 autographumffirzb}
1849 3943 1984 4014 hodieque
2008 3949 2115 4014 exstat,
2139 3961 2190 4000 non
2204 3945 2238 3997 ri·

355 4183 399 4252 13)
419 4185 493 4240 Eum
554 4190 613 4239 stra
641 4199 671 4238 re
700 4199 766 4240 vcra
789 4183 913 4240 Emer
937 4184 1043 4241 meu
1071 4182 1159 4239 aaa,
1190 4198 1225 4238 ,ω
1276 4179 2240 4200 ---------------

249 4253 380 4324 prosim
400 4253 446 4308 Me
465 4270 501 4308 aa
522 4255 549 4308 ri
565 4252 687 4322 epistola.

356 4319 401 4387 14)
450 4323 476 4376 ic
493 4323 615 4377 mehemet
631 4321 744 4374 alteram
762 4319 959 4390 autographon.

356 4387 405 4456 15)
425 4389 491 4444 Noa
507 4396 546 4444 cet
562 4405 612 4445 rar
629 4389 700 4444 heac
723 4389 775 4443 ulie·
795 4389 911 4458 temperi
927 4403 1008 4458 wem
1021 4387 1226 4458 procuderam

254 4457 451 4524 αᾶεονῶαικιω,
469 4473 625 4528 quanquam
638 4458 678 4512 ul'
696 4458 741 4512 air
755 4459 873 4525 sonam
889 4457 998 4526 dtawit,
1015 4463 1157 4514 aarum
1180 4457 1225 4514 de·

255 4543 327 4584 mart
343 4527 430 4594 subsc
446 4543 528 4598 wara
543 4527 637 4595 priore
652 4531 683 4580 a·
709 4527 781 4594 effice·
796 4527 900 4583 videa
914 4533 1003 4584 arar.

1362 4229 1479 4296 Ludus
1489 4231 1687 4299 Lausannae
1698 4232 1722 4316 ¹)
1740 4239 1828 4298 certo
1850 4234 2050 4316 instituetur,
2073 4257 2134 4304 nec
2153 4234 2240 4302 modo

1277 4314 1376 4382 ludus
1403 4316 1585 4397 literarius,
1621 4317 1738 4384 sedet
1775 4317 1871 4402 lectio
1905 4342 2031 4406 quoque
2060 4321 2240 4408 theologico,

1277 4401 1549 4485 quemadmodum
1565 4404 1714 4488 proxime
1731 4405 1791 4470 tibi
1808 4405 2044 4489 significaram
2066 4429 2166 4491 quare
2182 4427 2241 4474 nou

1277 4508 1380 4571 usque
1401 4487 1482 4556 adeo
1503 4499 1634 4574 gratum
1656 4497 1707 4556 est
1729 4489 1875 4556 Frisium
1882 4493 1910 4574 ²)
1933 4490 2009 4559 ludo
2031 4495 2240 4562 Abbatissano

1277 4575 1478 4658 praefectum
1501 4595 1581 4643 esse.
1626 4572 1727 4660 Spem
1756 4577 1844 4642 enim
1873 4577 1954 4644 mihi
1983 4587 2108 4647 certam
2130 4579 2171 4646 de
2192 4580 2240 4645 ho

1316 4795 1409 4864 tt1)
1432 4795 1710 4922 Videeacpraldffl
1734 4796 1945 4856 affuerim
1967 4815 2030 4857 ecre
2051 4795 2239 4870 infruidbt.

1280 4865 1334 4936 Dp.
1353 4865 1459 4922 Farcllr
1477 4867 1515 4922 ad
1554 4871 1699 4936 opetum

1380 4933 1411 5002 2)
1434 4934 1511 4991 Τιιιιο
1527 4935 1697 4991 Laurum
1713 4941 1739 4991 ct
1755 4933 1865 4991 Beroea
1880 4937 2081 4997 wemma.

1381 5003 1411 5139 3)
1427 5001 1544 5130 geum
1554 5005 1755 5130 {carismatum
1770 5021 1828 5060 aon
1845 5005 1949 5064 ultim

1279 5069 1398 5265 32²}
1430 5141 1598 5265 ιὲὲοιιιω
1624 5141 1780 5200 asama
1806 5141 1867 5199 rure
1890 5144 2020 5216 „aqam
2045 5160 2070 5201 e.
2094 5143 2238 5214 amaa.
