4782 6010
282 319 322 381 59
1079 309 1342 381 ΕΡΙΒῚῸῙιΔΕ
1364 317 1492 380 33-34
2228 322 2263 385 to

280 504 459 583 infitietur,
487 523 530 569 ne
557 503 621 588 ipsi
642 502 774 588 quidem
796 501 1022 582 eooleeiastioi,
1049 502 1086 567 in
1106 501 1256 567 ordinem
1308 501 1492 582 eoelesiam,
1525 523 1665 586 quorum
1696 503 1854 570 nimirum
1886 504 2022 584 plurimi
2053 504 2186 570 minime
2212 505 2265 572 sibi

279 589 370 656 huno
391 589 533 655 multum
558 590 728 672 irrepsisse
748 589 921 668 vitiorum,
952 596 986 654 et
1005 589 1062 671 qui
1084 586 1255 654 Christum
1307 588 1430 654 ooneoii
1451 597 1544 656 sunt:
1568 587 1626 654 sed
1647 590 1703 672 qui
1720 591 1853 656 nomine
1873 591 1921 656 M.
1943 591 1985 656 V.
2007 590 2074 656 illis
2095 590 2218 658 edieant
2234 599 2267 658 ut

279 695 359 743 vere
380 686 493 741 emant
519 695 585 740 non
605 681 746 759 possunt
772 695 841 740 non
862 695 990 740 summe
1012 672 1123 739 dolere
1144 682 1179 740 et
1201 673 1257 738 de-
1307 671 1407 738 fidem
1439 680 1586 740 sanomm
1614 674 1739 741 Christi
1766 675 1865 760 digne
1892 675 2019 755 oolant,
2055 682 2090 742 et
2116 675 2265 744 oool'esiam

279 761 395 828 testari
416 761 587 845 plerosque
608 760 751 840 illorum,
773 780 854 846 quos
870 758 1042 844 oportebat
1061 780 1132 826 esse
1153 759 1257 825 salem
1306 759 1500 826 oatholieem
1516 761 1651 844 eiusque
1672 762 1918 829 constitutiones
1936 769 1968 828 ot
1984 761 2176 830 traditiones
2191 763 2267 829 omui

275 855 391 913 terrae
413 854 447 912 et
467 846 574 913 luoem
595 845 728 926 mundi,
758 845 879 930 quique
900 867 943 913 ex
964 866 1099 911 munere
1121 866 1180 912 suo
1200 843 1256 910 de-
1307 845 1416 911 studio
1435 847 1620 926 observent,
1638 847 1764 932 regiam
1785 847 1832 914 M.
1856 849 1898 913 V.
1920 849 2115 932 gravissime
2136 847 2268 914 animad-

280 931 403 999 bobant
419 931 570 998 omnibus
587 931 714 1016 praeire
732 953 862 997 summa
881 938 915 997 et
931 933 1019 998 vitae
1035 938 1070 996 et
1087 930 1255 998 doetrinae
1307 951 1480 998 versuram
1502 933 1537 998 in
1558 953 1672 997 omnes
1693 953 1750 998 eos
1770 935 1827 1016 qui
1846 933 2170 1017 deprehenderentur
2187 954 2268 1001 aeous

281 1018 504 1097 sanotimonia,
527 1017 608 1083 adeo
629 1039 762 1102 gregem
784 1018 919 1084 Domini
941 1017 1117 1102 negligere,
1140 1037 1184 1082 ne
1205 1016 1255 1081 di·
1307 1018 1423 1083 faeere.
1466 1019 1518 1084 Eo
1536 1027 1632 1102 paoto
1653 1040 1715 1084 neo
1736 1027 1896 1104 oogentur
1923 1019 2052 1086 innoxii
2074 1041 2147 1086 sese
2166 1021 2267 1086 imme·

281 1124 393 1172 eamus
414 1111 555 1184 vastare,
586 1125 683 1186 quom
706 1102 768 1168 sibi
788 1103 845 1168 ille
866 1104 1027 1188 sanguine
1048 1123 1108 1168 suo
1129 1123 1255 1169 meroa-
1307 1103 1371 1168 rito
1394 1103 1555 1169 infamare
1583 1118 1642 1168 aut
1666 1105 1775 1170 fruotu
1802 1105 2027 1172 aanotissimae
2053 1107 2150 1173 istius
2169 1107 2212 1173 M
2231 1107 2267 1174 V.

281 1198 336 1256 tus
358 1197 422 1255 est:
445 1210 546 1272 quam
563 1190 658 1256 faoile
675 1189 748 1254 fieri
769 1191 875 1273 possit
890 1199 938 1268 ut,
961 1189 1040 1254 dnm
1058 1189 1136 1255 eolis
1153 1188 1255 1254 aeole-
1307 1187 1532 1274 indulgentiae
1559 1209 1685 1270 oerore,
1720 1211 1820 1274 quam
1847 1212 1938 1258 nuno
1964 1191 2094 1275 publiea
2121 1193 2266 1270 omnibus,

280 1276 437 1356 aiastiois,
465 1283 500 1340 et
526 1275 579 1341 his
608 1275 679 1340 sine
702 1273 844 1350 deleotu,
872 1276 1014 1360 eognitio
1041 1283 1075 1340 et
1098 1273 1256 1340 indioium
1308 1275 1364 1357 qui
1381 1274 1478 1340 modo
1496 1275 1648 1359 deinoeps
1665 1275 1718 1359 pie
1740 1285 1774 1342 et
1789 1284 1879 1343 reete
1895 1278 2007 1343 vivere
2024 1277 2153 1357 volunt,
2169 1279 2267 1344 offert:

281 1361 322 1428 de
349 1361 506 1446 religiono
531 1361 748 1444 permittitur,
777 1361 874 1427 multi
903 1362 1020 1445 optimi
1048 1361 1111 1426 viri
1139 1381 1255 1426 rursus
1306 1380 1368 1425 neo
1390 1360 1494 1428 deerit
1514 1361 1611 1427 malis
1633 1383 1713 1428 suus
1734 1369 1842 1428 metus
1864 1384 1906 1428 ex
1923 1363 2085 1430 eiusmodi
2103 1367 2268 1430 oommina·

280 1446 489 1531 improbitate
511 1445 732 1530 quorundam,
763 1447 820 1529 qui
845 1448 881 1512 in
903 1448 966 1514 hoo
994 1445 1108 1512 ordine
1129 1445 1201 1511 looo
1223 1453 1257 1511 et
1307 1446 1411 1524 tione,
1439 1467 1505 1530 qua
1531 1455 1620 1514 oerto
1646 1467 1715 1513 non
1735 1448 1846 1515 minus
1872 1447 2004 1515 lieentia
2025 1450 2187 1516 malorum
2205 1450 2267 1518 abs·

281 1534 415 1600 nomine
435 1533 546 1618 potius
567 1553 665 1615 quam
687 1533 804 1598 merito
832 1535 955 1617 primas
982 1541 1112 1610 tenent,
1140 1530 1254 1597 haere-
1307 1531 1498 1610 terrebitur,
1525 1554 1624 1616 quam
1657 1533 1727 1600 ulla
1753 1534 1856 1618 possit
1883 1535 2084 1617 professione
2112 1536 2268 1620 poeniten-

280 1640 352 1691 eooe
369 1620 663 1700 aooersorentur.⁴)
706 1619 793 1684 Nam
820 1639 884 1702 quo
911 1619 1048 1702 quiaque
1074 1617 1256 1702 religiosior
1306 1618 1373 1682 tiae
1395 1629 1429 1684 et
1449 1618 1652 1685 abiuratione
1674 1639 1823 1684 errorum
1844 1621 1926 1685 fieri.
1969 1622 2070 1701 Tum,
2098 1644 2143 1688 ne
2168 1643 2268 1688 rursus
2370 1661 2371 1680 ι

281 1713 347 1785 est,
375 1704 436 1772 hoo
464 1704 592 1788 ooeto⁵)
620 1704 745 1770 Christi
774 1711 809 1770 et
834 1705 989 1772 seolseiee
1017 1705 1087 1770 eius
1114 1703 1255 1787 amplius
1307 1701 1384 1770 boni
1406 1713 1539 1770 atvero
1561 1704 1704 1788 religiosi
1733 1705 1798 1770 viri
1824 1726 1939 1772 eorum
1960 1708 2033 1790 qui,
2060 1717 2101 1773 ιιι
2128 1707 2211 1776 orbis
2230 1708 2270 1776 ιι-

279 1793 401 1877 flagrat
428 1791 601 1873 minusque
632 1797 702 1855 tum
733 1789 876 1874 eelumf)
904 1790 1112 1856 dissimulare
1140 1797 1255 1873 potest
1308 1788 1372 1869 det,
1394 1790 1479 1856 nihil
1500 1791 1610 1856 minus
1630 1812 1730 1874 quam
1751 1812 1866 1858 veram
1888 1791 2014 1859 Christi
2034 1795 2224 1882 religionem
2241 1805 2269 1860 ot

280 1877 346 1944 His
367 1877 477 1960 itaque
499 1875 593 1941 bonis
623 1883 658 1940 et
681 1875 864 1943 uolantibus
874 1876 902 1961 ⁷)
930 1897 990 1960 pro
1012 1874 1146 1942 Christo
1175 1875 1256 1942 viris
1307 1875 1411 1942 vitum
1433 1877 1519 1942 ferre
1540 1888 1686 1960 possunt,
1708 1875 1917 1960 improbitate
1938 1879 2183 1962 opprimantur,
2209 1879 2270 1966 dig·

282 1965 311 2030 si
333 1960 455 2028 exoidit
482 1961 671 2040 verbulum,
699 1963 798 2028 etiam
828 1963 865 2027 in
893 1962 1176 2028 manifestissimos
1199 1961 1256 2026 ab·
1308 1971 1406 2026 nemr
1426 1962 1527 2028 MV.
1551 1963 1770 2046 cognitionem
1793 1962 1834 2028 de
1857 1963 1972 2030 delatis
1993 1972 2028 2029 et
2049 1968 2209 2034 aecusatis
2227 1987 2270 2032 re-

204 2093 209 2103 ,
281 2069 375 2127 usus,
398 2048 465 2114 imo
486 2048 586 2113 etiam
608 2047 730 2113 seelera
751 2055 784 2112 at
802 2047 928 2132 flagitia
948 2067 1062 2114 eorum
1084 2047 1256 2113 hominum
1308 2047 1439 2132 ligionie
1460 2069 1526 2113 non
1547 2049 1588 2114 iis
1610 2050 1822 2127 eommittere,
1845 2051 1901 2132 qui
1917 2049 2015 2133 plane
2031 2051 2096 2136 ipsi
2118 2051 2271 2140 roligionis

280 2136 336 2220 qui
364 2133 573 2201 eoolesiastioi
600 2133 781 2210 habentur,
809 2133 872 2216 ipsi
901 2153 1003 2216 quum
1029 2132 1152 2199 iudioos
1179 2133 1256 2212 sint,
1307 2133 1449 2200 violatae
1470 2141 1634 2212 tenentur,
1662 2143 1696 2200 et
1716 2135 1881 2201 manifesti
1904 2136 2015 2202 hostes
2036 2145 2118 2204 aunt
2138 2140 2271 2205 omnium

281 2241 379 2307 qnam
400 2219 495 2286 faoile
517 2216 733 2286 elamitebunt
754 2218 877 2285 dietam
899 2239 971 2286 esse
998 2217 1119 2302 aliquid
1142 2225 1257 2284 eontra
1308 2219 1599 2287 aeolesiastioorum
1616 2220 1882 2286 reformationem
1903 2225 2141 2306 expetentium,
2161 2225 2214 2290 sod
2229 2225 2271 2292 ιι·

280 2315 405 2374 reotam
430 2305 546 2386 fidem,
576 2305 746 2371 eoolesiam
768 2305 832 2370 Dei
860 2305 914 2371 vel
943 2306 1014 2371 eius
1041 2303 1255 2370 traditiones?
1308 2305 1355 2370 ris
1365 2306 1411 2371 M.
1424 2304 1465 2371 V.
1478 2307 1515 2371 in
1533 2305 1692 2390 religione
1713 2307 1865 2390 omnique
1886 2308 2011 2374 sitast
2031 2309 2139 2376 solida
2159 2333 2271 2395 quoque

281 2395 332 2459 llo
354 2401 448 2476 paeto
470 2391 596 2456 innoxii
613 2390 723 2474 piique
744 2389 908 2470 homines,
938 2411 1078 2474 quorum
1098 2390 1202 2474 quieti
1223 2397 1258 2454 et
1308 2390 1490 2458 eruditione
1501 2392 1549 2458 sio
1570 2391 1723 2474 probatis,
1746 2400 1784 2457 ut
1795 2392 1913 2460 abillis
1935 2394 2013 2460 boni
2035 2396 2130 2464 viri*
2150 2417 2270 2481 exspeo·

280 2477 512 2562 tranquillitati
532 2477 579 2542 M.
601 2476 642 2541 V.
666 2477 729 2542 hoo
750 2475 855 2543 edioto
877 2477 1045 2543 consulere
1067 2478 1192 2556 statuit,
1221 2476 1257 2541 in
1309 2477 1374 2542 tari
1395 2478 1529 2560 possint
1573 2477 1702 2544 Verum
1723 2478 1760 2542 in
1778 2487 1872 2544 tanta
1893 2483 2027 2558 oausa⁸)
2049 2481 2207 2549 iuditium
2227 2491 2270 2548 ut·

281 2561 684 2651 gravimdisorimoneius
705 2560 803 2628 edioti
824 2563 991 2628 oooasione
1012 2561 1255 2628 induoerentur.
1308 2569 1407 2646 que⁹)
1429 2565 1466 2642 in
1488 2563 1549 2630 hae
1566 2583 1675 2643 eausa,
1696 2563 1794 2630 hodie
1810 2565 1959 2632 omnium
1976 2573 2168 2636 nostrorum
2189 2569 2272 2652 eulpa
2370 2617 2371 2624 ι

369 2647 481 2730 Quum
501 2649 604 2733 igitur
621 2649 790 2714 communi
805 2668 904 2714 sensu
925 2647 1140 2714 humanitatis
1162 2669 1257 2714 ossus
1309 2657 1378 2714 tam
1399 2649 1556 2733 perplexa
1577 2657 1611 2714 et
1637 2649 1752 2715 multis
1773 2650 1963 2716 nominibus
1984 2651 2129 2734 diffieile,
2144 2658 2185 2740 ¹⁰)
2205 2676 2272 2723 oon-
2370 2725 2371 2728 Ἴ

281 2757 342 2803 nos
375 2735 476 2802 etiam
511 2733 731 2818 quorumlibet
761 2733 950 2798 mortalium
981 2735 1098 2799 merito
1130 2741 1256 2818 tangat,
1308 2734 1468 2800 oedantur
1489 2735 1555 2800 reia
1576 2755 1660 2819 quae
1686 2736 1869 2804 neeessario
1894 2737 1930 2801 in
1952 2739 2043 2804 omni
2066 2739 2211 2825 legitimo
2229 2742 2271 2806 iu·

282 2819 400 2889 deinde
423 2819 598 2886 debeamus
626 2820 667 2884 iis
696 2819 753 2903 qui
775 2817 943 2886 Christum
965 2818 1146 2885 Dominum
1175 2839 1257 2902 pura
1311 2820 1395 2887 dioio
1421 2819 1554 2888 oonoedi
1586 2828 1726 2904 oportet,
1760 2843 1840 2888 usus
1873 2822 1996 2890 soilioet
2023 2827 2271 2894 neeessariorum
2370 2833 2371 2880 ἰ

281 2909 392 2976 οοιιιιιι
422 2913 461 2972 ut
488 2905 644 2972 fratribus
666 2911 700 2971 et
727 2905 884 2972 membris
911 2906 1032 2971 nostris
1060 2907 1096 2970 in
1123 2905 1256 2972 Christo
1308 2906 1541 2973 advooatorum
1560 2917 1594 2973 et
1615 2914 1863 2990 proouratorum
1879 2909 2067 2993 iustumque
2089 2911 2272 2980 defendendi

282 2994 410 3070 omnia,
442 2992 587 3074 talesque
610 2991 782 3074 plerosque
806 2991 1118 3074 deprehenderimus
1143 3013 1257 3056 eorum
1308 3014 1344 3058 ae
1375 2993 1518 3075 epatium
1549 3002 1583 3058 et
1614 2993 1756 3058 libertas.
1801 2994 1874 3060 Hao
1907 2997 2034 3062 ratione
2066 3018 2130 3064 neo
2162 3018 2272 3066 nooens
2370 2997 2371 3000 ’

282 3101 363 3165 quos
391 3099 495 3162 regno
520 3078 566 3144 M.
590 3077 632 3142 V.
661 3077 757 3144 eieoit
789 3098 897 3161 nuper
932 3077 990 3142 illa
1018 3085 1195 3160 tempestas
1221 3078 1257 3141 in
1308 3078 1484 3162 quispiam,
1512 3079 1569 3162 qui
1589 3078 1725 3162 posthae
1745 3079 1782 3144 in
1804 3079 1996 3165 religionem
2018 3085 2212 3166 peooaverit,
2231 3085 2271 3150 la·

282 3164 452 3250 religionis
480 3183 577 3230 eausa
604 3163 712 3229 exeita
738 3169 776 3228 ut
804 3162 1005 3242 audivimus,
1032 3183 1092 3246 per
1118 3163 1257 3228 nimium
1308 3173 1379 3230 tere
1401 3177 1460 3230 aut
1480 3163 1632 3244 evadere,
1660 3186 1721 3232 nee
1742 3166 1898 3234 innoeens
1920 3167 2039 3251 aliquis
2061 3171 2203 3254 opprimi
2222 3177 2272 3237 aot
2370 3159 2371 3232 ἶ

281 3250 448 3336 improbos
484 3257 518 3314 et
550 3269 616 3315 non
651 3247 804 3314 ferendos
834 3249 998 3328 homines,
1037 3249 1256 3332 supplioamns
1308 3249 1461 3316 infamari
1482 3248 1618 3335 indigne
1639 3251 1767 3334 poterit,
1788 3259 1823 3316 ot
1839 3261 2057 3336 consequetur
2073 3256 2271 3338 pleneMV.
2370 3263 2371 3298 ³

281 3338 329 3405 M.
342 3337 395 3417 V.,
417 3335 488 3402 sola
499 3335 562 3401 Dei
583 3340 647 3400 ut·
665 3333 766 3400 MV.
789 3334 964 3401 elementia
981 3341 1015 3400 et
1036 3333 1258 3400 miserioordia
1308 3337 1432 3402 fruetus
1466 3335 1567 3402 huius
1596 3344 1729 3404 sanetae
1761 3337 1985 3422 indulgentiae
2016 3362 2097 3408 suae
2130 3363 2224 3426 quam
2238 3342 2271 3422 ¹¹)

283 3423 430 3500 animati
453 3427 500 3500 ut,
523 3421 609 3487 siout
629 3419 688 3485 illa
708 3421 811 3486 semel
833 3420 975 3506 benigna
996 3420 1111 3504 eoepit,
1140 3427 1258 3504 pergat
1308 3422 1451 3488 instituit
1467 3429 1501 3486 et
1516 3421 1668 3505 religioni
1685 3430 1783 3505 atque
1800 3423 1954 3490 eoolesiae
1971 3426 2172 3509 perGallias
2188 3449 2272 3496 suum

282 3511 386 3576 bonos
414 3516 448 3572 et
475 3508 635 3574 innoouoa
667 3505 839 3572 oalumuiis
871 3507 1032 3572 malorum
1060 3506 1156 3588 plene
1186 3505 1256 3571 exi·
1307 3507 1467 3574 honorem
1485 3528 1643 3590 suamque
1661 3509 1932 3592 tranquillitatem
1949 3513 2082 3592 seruire,
2105 3523 2141 3580 et
2157 3535 2271 3590 oavere,

282 3617 390 3674 mere,
418 3591 600 3677 quibusque
633 3589 817 3658 oondonare
844 3593 1006 3658 intentata
1037 3593 1174 3659 erimina
1205 3592 1257 3657 in·
1308 3615 1350 3659 ne
1371 3593 1505 3679 indigns
1527 3601 1706 3674 vexentur,
1736 3597 1792 3677 qui
1820 3603 1879 3661 aut
1899 3597 2015 3664 veniae
2028 3601 2067 3681 12)
2099 3621 2167 3666 non
2187 3599 2271 3668 mali·

283 3681 406 3759 stituit,
440 3680 488 3743 ite
516 3699 555 3744 ea
581 3677 736 3762 dignetur
764 3677 950 3744 oondonare
983 3687 1016 3744 et
1044 3677 1189 3755 abolere,
1220 3687 1257 3743 ιιι
1308 3681 1390 3746 tiose
1411 3679 1628 3745 admissorum
1650 3687 1709 3744 aut
1729 3680 1831 3762 quieti
1858 3703 1985 3766 quoque
2013 3685 2174 3752 bonorum
2194 3687 2270 3752 viro·

283 3787 390 3850 neque
418 3766 592 3848 quisquam
620 3773 733 3830 oontra
764 3765 997 3830 oonaoientiam
1029 3785 1123 3830 suam
1155 3771 1189 3830 et
1220 3765 1256 3828 in
1308 3787 1398 3845 rum,
1426 3787 1528 3848 quum
1554 3765 1639 3830 nihil
1666 3765 1790 3832 soilioet
1811 3765 2027 3851 deliquerunt
2078 3769 2184 3857 Digni
2204 3777 2272 3839 eunt

282 3851 534 3936 irreouperabile
557 3849 714 3915 damnum
741 3850 883 3914 nominis
905 3859 939 3914 et
960 3859 1064 3916 statua
1093 3851 1144 3914 sui
1172 3849 1256 3914 infa-
1308 3851 1493 3918 istiusmodi
1514 3853 1625 3934 itaque
1647 3851 1869 3919 moderatione
1891 3853 2005 3935 edioti,
2034 3865 2072 3920 ut
2099 3879 2168 3924 non
2188 3857 2270 3924 dubi-

282 3959 375 4004 more
396 3937 607 4020 semetipsum
629 3945 764 4019 eogatur
785 3937 855 4002 eius
874 3935 953 4000 mali
971 3955 1036 4018 quo
1058 3935 1187 4000 nullum
1207 3943 1258 4001 est
1309 3945 1417 4002 temtm
1450 3938 1496 4002 M.
1526 3937 1567 4003 V.
1600 3937 1746 4003 futuram
1760 3938 1800 4023 18)
1832 3940 1918 4022 quod
1947 3941 2102 4010 Christus
2134 3952 2271 4011 servator

284 4025 426 4089 atrocius
453 4032 486 4089 et
513 4043 615 4106 aeque
641 4021 832 4101 infandum,
866 4021 1039 4086 haereseos
1068 4021 1192 4087 soilioet
1223 4029 1258 4086 ot
1309 4031 1436 4103 noster,
1469 4023 1526 4105 qui
1554 4023 1647 4089 venit
1674 4030 1712 4088 ut
1740 4035 1911 4106 quaereret
1925 4034 1970 4092 -et
2003 4027 2133 4096 salvum
2161 4031 2272 4098 feteret

282 4110 433 4176 faotionia
454 4115 567 4174 eontra
588 4107 759 4173 eoolesiam
776 4105 851 4186 Dei,
873 4128 979 4190 neque
995 4128 1093 4190 porro
1114 4107 1151 4171 in
1171 4109 1257 4190 peri·
1308 4107 1394 4192 quod
1415 4110 1568 4192 perierat,
1590 4109 1691 4174 ouius·
1705 4109 1848 4178 olemons
1870 4119 1905 4177 et
1925 4111 2102 4198 indulgens
2113 4111 2271 4182 iuditium

284 4195 395 4262 ouium
422 4195 520 4260 huius
545 4209 616 4260 aeae
643 4193 811 4260 ooniioere.
847 4193 1049 4276 ,Utrumque
1083 4214 1161 4258 vero
1195 4193 1257 4258 hoo
1308 4216 1420 4260 omnes
1442 4196 1640 4280 expetimus,
1670 4197 1814 4262 maxime
1835 4200 2022 4281 oomprobet
2042 4209 2076 4266 et
2096 4203 2271 4270 misericor·

283 4281 331 4348 M.
352 4279 405 4360 V.,
427 4289 537 4346 nostra
565 4279 697 4362 quidem
726 4279 892 4360 opinione,
921 4277 1181 4345 eommodiesime
1203 4301 1257 4344 oa·
1308 4280 1363 4347 dia
1383 4301 1444 4346 sua
1467 4279 1605 4364 largiter
1629 4290 1832 4364 oompenset,
1856 4283 2006 4367 quodque
2027 4287 2074 4362 M.
2097 4287 2139 4352 V.
2169 4289 2270 4372 singu·

283 4367 383 4444 vebit,
407 4367 435 4431 ai
456 4365 562 4430 edioat
581 4366 711 4432 vinotos
731 4364 873 4443 liberari,
900 4364 1030 4430 exsules
1052 4365 1161 4448 reeipi,
1184 4383 1256 4430 sus-
1307 4367 1369 4432 lari
1391 4365 1515 4450 gloriae
1537 4368 1581 4432 sit
1610 4365 1697 4449 apud
1724 4388 1836 4433 omnes
1858 4371 1914 4451 qui
1935 4370 2105 4438 Christum
2130 4395 2207 4440 vere
2226 4395 2271 4440 oo·

283 4461 396 4538 peotes
410 4458 451 4542 ‘et
473 4458 599 4536 notatos
620 4451 720 4516 nullis
742 4449 870 4516 iudioiia
891 4451 1075 4533 inquietari,
1097 4451 1256 4518 aoousatis
1308 4452 1396 4532 lunt,
1432 4451 1518 4534 quod
1542 4449 1683 4535 denique
1710 4453 1844 4519 soletiae
1858 4454 1899 4541 ¹⁴)
1931 4456 1975 4522 sit
2002 4459 2130 4524 eivibua
2164 4460 2208 4532 M.
2234 4459 2269 4522 V.

283 4539 423 4605 erimina
440 4537 603 4602 intentata
623 4535 756 4615 aboleri,
778 4546 812 4601 et
826 4557 940 4602 omnes
956 4537 1036 4602 istos
1055 4536 1258 4601 immunitati
1308 4539 1391 4603 mire
1413 4537 1551 4614 uidistis,
1571 4559 1609 4602 ao
1626 4539 1856 4623 comprobetur
1873 4541 1993 4608 eximie
2010 4565 2031 4609 a
2048 4545 2183 4628 reliquis
2201 4565 2270 4630 quo-

284 4633 381 4708 atque
402 4622 548 4688 libertati
568 4623 688 4688 oinium
715 4623 809 4706 regni
831 4622 877 4687 M.
900 4621 942 4687 V.
966 4623 1094 4688 restitui
1116 4619 1175 4706 per
1196 4643 1256 4704 pu·
1308 4645 1371 4709 que
1393 4625 1486 4690 bonis
1508 4631 1542 4688 et
1563 4625 1682 4706 aequis.
1728 4623 1785 4692 Sio
1806 4647 1866 4692 nos
1887 4629 1978 4694 istud
1999 4651 2076 4696 vere
2097 4633 2224 4719 regium
2243 4637 2271 4696 et

283 4710 385 4778 blioos
407 4708 453 4774 M.
476 4707 518 4771 V:
547 4707 739 4790 praefeotoa,
769 4697 945 4788 adiunotis,
973 4709 1001 4772 ai
1028 4729 1081 4773 res
1106 4709 1155 4772 ita
1178 4727 1256 4790 pos·
1300 4781 1306 4796 Ι
1499 4725 1504 4737 ·

285 4805 345 4875 oat,
368 4793 611 4870 ecelesiastiois,
640 4793 722 4858 eitra
749 4800 861 4859 tamen
889 4795 1123 4876 professionem
1144 4794 1256 4876 poeni·
1411 4826 1838 4900 mmm-,mmmm
1848 4833 2271 4904 ΜΜ-ΜΜΜΜ

285 4883 408 4947 tentiae
429 4887 463 4944 et
480 4877 716 4946 abihrationem
734 4877 895 4944 diotorum
912 4891 945 4945 et
961 4879 1123 4948 foetorum
1141 4888 1257 4946 eontra
1410 4895 1446 5019 92)
1460 4899 1580 5020 agqffieth
1864 4901 1872 4918 ·

463 4973 468 4986 ·
1412 4967 1427 5020 l
1497 4969 1505 5019 i
1535 4967 1558 5019 o‘
1572 4967 1588 5020 ¹.
1715 5005 1719 5014 ι

388 5032 417 5098 4)
433 5037 632 5087 aoousareutnr.
1412 4969 1459 5100 nl
1475 5037 1537 5089 vide
1553 5052 1590 5089 aa
1608 5035 1745 5104 tegendum
1763 5039 1813 5092 sit.-
1832 5055 1894 5108 qua,
1910 5041 1952 5094 tel
1968 5057 2019 5110 per
2036 5048 2124 5112 quam.

389 5101 420 5165 b)
438 5102 505 5156 nelo.
1412 5103 1459 5168 12)
1477 5105 1543 5158 boec
1560 5105 1627 5175 qaid
1643 5105 1698 5162 snos·
1712 5107 1795 5162 nolint
1811 5124 1867 5162 ιιοιι
1884 5110 2062 5179 sanguinus.

390 5169 421 5232 6)
439 5171 511 5224 huno
527 5169 621 5223 zelum.
959 5227 963 5234 ,
1413 5171 1459 5238 13)
1476 5173 1616 5228 faoturam.

390 5236 420 5304 7)
437 5239 596 5294 ιοιιιιιιιιιι.
1413 5240 1459 5308 14)
1478 5243 1534 5296 sio!
