<?xml version="1.0" encoding="UTF-8"?>
<!DOCTYPE html PUBLIC "-//W3C//DTD XHTML 1.0 Transitional//EN"
    "http://www.w3.org/TR/xhtml1/DTD/xhtml1-transitional.dtd">
<html xmlns="http://www.w3.org/1999/xhtml" xml:lang="en" lang="en">
 <head>
  <title>
</title>
<meta http-equiv="Content-Type" content="text/html;charset=utf-8" />
  <meta name='ocr-system' content='tesseract 3.04.00' />
  <meta name='ocr-capabilities' content='ocr_page ocr_carea ocr_par ocr_line ocrx_word'/>
</head>
<body>
  <div class='ocr_page' id='page_1' title='image "./ioanniscalvinio05reusgoog_0260.png"; bbox 0 0 4782 6010; ppageno 0'>
   <div class='ocr_carea' id='block_1_1' title="bbox 1034 335 2141 418">
    <p class='ocr_par' dir='ltr' id='par_1_1' title="bbox 1034 335 2141 418">
     <span class='ocr_line' id='line_1_1' title="bbox 1034 335 2141 418; baseline 0.005 -22"><span class='ocrx_word' id='word_1_1' title='bbox 1034 335 1114 399; x_wconf 80' lang='grc'><strong>1537</strong></span> <span class='ocrx_word' id='word_1_2' title='bbox 1138 335 1235 404; x_wconf 85' lang='lat' dir='ltr'>MAI.</span> <span class='ocrx_word' id='word_1_3' title='bbox 2099 351 2141 418; x_wconf 74' lang='lat'><strong>93</strong></span> 
     </span>
    </p>
   </div>
   <div class='ocr_carea' id='block_1_2' title="bbox 598 525 2142 708">
    <p class='ocr_par' dir='ltr' id='par_1_2' title="bbox 598 525 2142 708">
     <span class='ocr_line' id='line_1_2' title="bbox 598 525 2142 640; baseline 0.015 -58"><span class='ocrx_word' id='word_1_4' title='bbox 598 569 648 640; x_wconf 42' lang='lat'><strong>59·</strong></span> <span class='ocrx_word' id='word_1_5' title='bbox 1164 531 1243 626; x_wconf 79' lang='lat' dir='ltr'><strong>sunt</strong></span> <span class='ocrx_word' id='word_1_6' title='bbox 1261 525 1429 592; x_wconf 89' lang='lat' dir='ltr'><strong>occasione</strong></span> <span class='ocrx_word' id='word_1_7' title='bbox 1450 528 1656 596; x_wconf 88' lang='lat' dir='ltr'><strong>contendunt</strong></span> <span class='ocrx_word' id='word_1_8' title='bbox 1675 532 1798 599; x_wconf 89' lang='lat' dir='ltr'><strong>sanctis</strong></span> <span class='ocrx_word' id='word_1_9' title='bbox 1818 532 1950 634; x_wconf 71' lang='lat' dir='ltr'><strong>pierum</strong></span> <span class='ocrx_word' id='word_1_10' title='bbox 1970 535 2142 606; x_wconf 88' lang='lat' dir='ltr'><strong>conatibus</strong></span> 
     </span>
     <span class='ocr_line' id='line_1_3' title="bbox 1163 610 2141 708; baseline 0.014 -32"><span class='ocrx_word' id='word_1_11' title='bbox 1163 610 1328 678; x_wconf 79' lang='lat' dir='ltr'><strong>obsistere.</strong></span> <span class='ocrx_word' id='word_1_12' title='bbox 1373 611 1473 696; x_wconf 81' lang='lat' dir='ltr'>Plebs</span> <span class='ocrx_word' id='word_1_13' title='bbox 1494 614 1575 680; x_wconf 91' lang='lat' dir='ltr'><strong>haec</strong></span> <span class='ocrx_word' id='word_1_14' title='bbox 1601 624 1677 700; x_wconf 90' lang='lat' dir='ltr'><strong>post</strong></span> <span class='ocrx_word' id='word_1_15' title='bbox 1697 617 1835 699; x_wconf 88' lang='lat' dir='ltr'><strong>bellum,</strong></span> <span class='ocrx_word' id='word_1_16' title='bbox 1862 641 1929 686; x_wconf 89' lang='lat' dir='ltr'><strong>nno</strong></span> <span class='ocrx_word' id='word_1_17' title='bbox 1951 642 1972 686; x_wconf 90' lang='lat' dir='ltr'><strong>a</strong></span> <span class='ocrx_word' id='word_1_18' title='bbox 1992 627 2141 708; x_wconf 86' lang='lat' dir='ltr'><strong>tempore</strong></span> 
     </span>
    </p>
   </div>
   <div class='ocr_carea' id='block_1_3' title="bbox 372 698 2140 876">
    <p class='ocr_par' dir='ltr' id='par_1_3' title="bbox 372 698 2140 876">
     <span class='ocr_line' id='line_1_4' title="bbox 372 698 2140 794; baseline 0.003 -23"><span class='ocrx_word' id='word_1_19' title='bbox 372 725 622 794; x_wconf 67' lang='lat' dir='ltr'>FARELLUS</span> <span class='ocrx_word' id='word_1_20' title='bbox 645 727 672 793; x_wconf 83' lang='lat'>0</span> <span class='ocrx_word' id='word_1_21' title='bbox 674 725 874 794; x_wconf 46' lang='lat' dir='ltr'><strong>quqsom·</strong></span> <span class='ocrx_word' id='word_1_22' title='bbox 1163 717 1226 779; x_wconf 87' lang='lat' dir='ltr'><strong>quo</strong></span> <span class='ocrx_word' id='word_1_23' title='bbox 1249 698 1382 781; x_wconf 86' lang='lat' dir='ltr'><strong>gravius</strong></span> <span class='ocrx_word' id='word_1_24' title='bbox 1403 709 1555 782; x_wconf 87' lang='lat' dir='ltr'><strong>coeperat</strong></span> <span class='ocrx_word' id='word_1_25' title='bbox 1576 723 1635 784; x_wconf 89' lang='lat' dir='ltr'><strong>per</strong></span> <span class='ocrx_word' id='word_1_26' title='bbox 1654 701 1766 770; x_wconf 89' lang='lat' dir='ltr'><strong>hostes</strong></span> <span class='ocrx_word' id='word_1_27' title='bbox 1782 706 1902 790; x_wconf 85' lang='lat' dir='ltr'><strong>urgeri,</strong></span> <span class='ocrx_word' id='word_1_28' title='bbox 1926 727 1993 772; x_wconf 92' lang='lat' dir='ltr'><strong>non</strong></span> <span class='ocrx_word' id='word_1_29' title='bbox 2011 707 2140 776; x_wconf 83' lang='lat' dir='ltr'><strong>viderat</strong></span> 
     </span>
     <span class='ocr_line' id='line_1_5' title="bbox 1163 781 2140 876; baseline 0.016 -29"><span class='ocrx_word' id='word_1_30' title='bbox 1163 802 1224 848; x_wconf 90' lang='lat' dir='ltr'><strong>nec</strong></span> <span class='ocrx_word' id='word_1_31' title='bbox 1245 781 1393 850; x_wconf 79' lang='lat' dir='ltr'><strong>audierat</strong></span> <span class='ocrx_word' id='word_1_32' title='bbox 1411 783 1559 867; x_wconf 71' lang='lat' dir='ltr'><strong>Virrium,</strong></span> <span class='ocrx_word' id='word_1_33' title='bbox 1581 787 1645 854; x_wconf 92' lang='lat' dir='ltr'><strong>nisi</strong></span> <span class='ocrx_word' id='word_1_34' title='bbox 1666 810 1726 872; x_wconf 91' lang='lat' dir='ltr'><strong>per</strong></span> <span class='ocrx_word' id='word_1_35' title='bbox 1742 789 1868 873; x_wconf 90' lang='lat' dir='ltr'><strong>aliquot</strong></span> <span class='ocrx_word' id='word_1_36' title='bbox 1889 791 1958 858; x_wconf 91' lang='lat' dir='ltr'><strong>dies</strong></span> <span class='ocrx_word' id='word_1_37' title='bbox 1979 801 2053 876; x_wconf 90' lang='lat' dir='ltr'><strong>post</strong></span> <span class='ocrx_word' id='word_1_38' title='bbox 2072 793 2140 863; x_wconf 90' lang='lat' dir='ltr'><strong>dis·</strong></span> 
     </span>
    </p>
   </div>
   <div class='ocr_carea' id='block_1_4' title="bbox 136 869 2140 1396">
    <p class='ocr_par' dir='ltr' id='par_1_4' title="bbox 136 869 2140 1396">
     <span class='ocr_line' id='line_1_6' title="bbox 222 869 2139 984; baseline 0.007 -50"><span class='ocrx_word' id='word_1_39' title='bbox 222 897 399 980; x_wconf 54' lang='lat' dir='ltr'><strong>mam</strong></span> <span class='ocrx_word' id='word_1_40' title='bbox 423 896 586 980; x_wconf 52' lang='lat' dir='ltr'><strong>copponis</strong></span> <span class='ocrx_word' id='word_1_41' title='bbox 614 899 740 966; x_wconf 54' lang='lat' dir='ltr'><strong>pardius</strong></span> <span class='ocrx_word' id='word_1_42' title='bbox 766 900 896 982; x_wconf 52' lang='lat' dir='ltr'><strong>accepit,</strong></span> <span class='ocrx_word' id='word_1_43' title='bbox 918 898 1110 984; x_wconf 38' lang='lat' dir='ltr'><strong>&amp;walam</strong></span> <span class='ocrx_word' id='word_1_44' title='bbox 1162 869 1367 969; x_wconf 81' lang='lat' dir='ltr'><strong>putationem</strong></span> <span class='ocrx_word' id='word_1_45' title='bbox 1405 872 1515 972; x_wconf 75' lang='lat' dir='ltr'><strong>vieum</strong></span> <span class='ocrx_word' id='word_1_46' title='bbox 1553 873 1616 938; x_wconf 81' lang='lat' dir='ltr'><strong>fuit</strong></span> <span class='ocrx_word' id='word_1_47' title='bbox 1647 883 1686 940; x_wconf 91' lang='lat' dir='ltr'><strong>ut</strong></span> <span class='ocrx_word' id='word_1_48' title='bbox 1717 875 1782 940; x_wconf 93' lang='lat' dir='ltr'><strong>huo</strong></span> <span class='ocrx_word' id='word_1_49' title='bbox 1815 877 2021 944; x_wconf 79' lang='lat' dir='ltr'><strong>concederet:</strong></span> <span class='ocrx_word' id='word_1_50' title='bbox 2060 901 2139 948; x_wconf 84' lang='lat' dir='ltr'><strong>nam</strong></span> 
     </span>
     <span class='ocr_line' id='line_1_7' title="bbox 139 954 2139 1066; baseline 0.002 -36"><span class='ocrx_word' id='word_1_51' title='bbox 139 985 174 1052; x_wconf 62' lang='grc' dir='ltr'><strong>οὒ</strong></span> <span class='ocrx_word' id='word_1_52' title='bbox 195 1003 333 1064; x_wconf 53' lang='lat' dir='ltr'><strong><em>musam,</em></strong></span> <span class='ocrx_word' id='word_1_53' title='bbox 354 986 393 1051; x_wconf 61' lang='lat' dir='ltr'><strong>d,</strong></span> <span class='ocrx_word' id='word_1_54' title='bbox 413 1005 477 1066; x_wconf 62' lang='lat' dir='ltr'><strong>qm,</strong></span> <span class='ocrx_word' id='word_1_55' title='bbox 498 986 704 1066; x_wconf 46' lang='lat' dir='ltr'><strong>conqueritur·</strong></span> <span class='ocrx_word' id='word_1_56' title='bbox 746 985 845 1051; x_wconf 55' lang='lat' dir='ltr'><strong>mi</strong></span> <span class='ocrx_word' id='word_1_57' title='bbox 865 985 983 1064; x_wconf 51' lang='lat' dir='ltr'><strong>pamm,</strong></span> <span class='ocrx_word' id='word_1_58' title='bbox 1005 986 1111 1066; x_wconf 56' lang='lat' dir='ltr'><strong>qm</strong></span> <span class='ocrx_word' id='word_1_59' title='bbox 1162 975 1259 1020; x_wconf 89' lang='lat' dir='ltr'><strong>nemo</strong></span> <span class='ocrx_word' id='word_1_60' title='bbox 1287 954 1365 1022; x_wconf 77' lang='lat' dir='ltr'><strong>huuc</strong></span> <span class='ocrx_word' id='word_1_61' title='bbox 1379 954 1459 1055; x_wconf 72' lang='lat' dir='ltr'><strong>⁸urbi</strong></span> <span class='ocrx_word' id='word_1_62' title='bbox 1487 965 1539 1024; x_wconf 91' lang='lat' dir='ltr'><strong>est</strong></span> <span class='ocrx_word' id='word_1_63' title='bbox 1562 960 1696 1043; x_wconf 86' lang='lat' dir='ltr'><strong>gratior.</strong></span> <span class='ocrx_word' id='word_1_64' title='bbox 1740 959 1843 1028; x_wconf 85' lang='lat' dir='ltr'><strong>Venit</strong></span> <span class='ocrx_word' id='word_1_65' title='bbox 1871 969 1905 1030; x_wconf 87' lang='lat' dir='ltr'><strong>et</strong></span> <span class='ocrx_word' id='word_1_66' title='bbox 1931 963 2035 1030; x_wconf 92' lang='lat' dir='ltr'><strong>multo</strong></span> <span class='ocrx_word' id='word_1_67' title='bbox 2062 987 2139 1034; x_wconf 87' lang='lat' dir='ltr'><strong>oum</strong></span> 
     </span>
     <span class='ocr_line' id='line_1_8' title="bbox 138 1039 2023 1154; baseline -0.003 -17"><span class='ocrx_word' id='word_1_68' title='bbox 138 1071 211 1139; x_wconf 81' lang='lat' dir='ltr'><strong>oiim</strong></span> <span class='ocrx_word' id='word_1_69' title='bbox 232 1070 330 1136; x_wconf 80' lang='lat' dir='ltr'><strong>malta</strong></span> <span class='ocrx_word' id='word_1_70' title='bbox 346 1089 468 1152; x_wconf 70' lang='lat' dir='ltr'><strong>possess</strong></span> <span class='ocrx_word' id='word_1_71' title='bbox 490 1091 528 1135; x_wconf 78' lang='lat' dir='ltr'><strong>ee</strong></span> <span class='ocrx_word' id='word_1_72' title='bbox 548 1071 672 1136; x_wconf 79' lang='lat' dir='ltr'><strong>inuidia</strong></span> <span class='ocrx_word' id='word_1_73' title='bbox 689 1075 717 1136; x_wconf 85' lang='lat' dir='ltr'><strong>ct</strong></span> <span class='ocrx_word' id='word_1_74' title='bbox 733 1070 917 1154; x_wconf 71' lang='lat' dir='ltr'><strong>mpiipentio</strong></span> <span class='ocrx_word' id='word_1_75' title='bbox 939 1070 1109 1152; x_wconf 77' lang='lat' dir='ltr'><strong>bominum,</strong></span> <span class='ocrx_word' id='word_1_76' title='bbox 1161 1039 1271 1106; x_wconf 66' lang='lat' dir='ltr'><strong>f¹¹¹⁰l¹¹</strong></span> <span class='ocrx_word' id='word_1_77' title='bbox 1293 1039 1412 1108; x_wconf 66' lang='lat' dir='ltr'><strong>d⁰⁰¹¹¹l·</strong></span> <span class='ocrx_word' id='word_1_78' title='bbox 1987 1135 1994 1150; x_wconf 64' lang='grc'><em>,</em></span> <span class='ocrx_word' id='word_1_79' title='bbox 2016 1135 2023 1150; x_wconf 66' lang='grc'><em>,</em></span> 
     </span>
     <span class='ocr_line' id='line_1_9' title="bbox 137 1125 2137 1240; baseline 0 -17"><span class='ocrx_word' id='word_1_80' title='bbox 137 1177 219 1223; x_wconf 75' lang='lat' dir='ltr'><strong>aune</strong></span> <span class='ocrx_word' id='word_1_81' title='bbox 240 1179 262 1223; x_wconf 87' lang='lat' dir='ltr'><strong>a</strong></span> <span class='ocrx_word' id='word_1_82' title='bbox 282 1157 396 1240; x_wconf 71' lang='lat' dir='ltr'><strong>collega</strong></span> <span class='ocrx_word' id='word_1_83' title='bbox 419 1154 538 1236; x_wconf 77' lang='lat' dir='ltr'><strong>Cereio,</strong></span> <span class='ocrx_word' id='word_1_84' title='bbox 559 1175 671 1221; x_wconf 72' lang='lat' dir='ltr'><strong>mcum</strong></span> <span class='ocrx_word' id='word_1_85' title='bbox 697 1157 810 1240; x_wconf 65' lang='lat' dir='ltr'><strong>dom</strong></span> <span class='ocrx_word' id='word_1_86' title='bbox 831 1162 1006 1240; x_wconf 78' lang='lat' dir='ltr'><strong>spcrqertte,</strong></span> <span class='ocrx_word' id='word_1_87' title='bbox 1034 1156 1110 1221; x_wconf 75' lang='lat' dir='ltr'><strong>titil-</strong></span> <span class='ocrx_word' id='word_1_88' title='bbox 1201 1209 1207 1223; x_wconf 94' lang='lat'><em>.</em></span> <span class='ocrx_word' id='word_1_89' title='bbox 1245 1125 1378 1193; x_wconf 57' lang='lat' dir='ltr'><strong>hm</strong></span> <span class='ocrx_word' id='word_1_90' title='bbox 1400 1149 1480 1194; x_wconf 54' lang='grc' dir='ltr'><strong>ΒΜ</strong></span> <span class='ocrx_word' id='word_1_91' title='bbox 1496 1128 1630 1214; x_wconf 68' lang='lat' dir='ltr'><strong>⁰⁰¹¹⁰ss⁸r</strong></span> <span class='ocrx_word' id='word_1_92' title='bbox 1652 1129 1824 1232; x_wconf 69' lang='lat' dir='ltr'><strong>lh⁰⁰l⁰8¹¹¹3</strong></span> <span class='ocrx_word' id='word_1_93' title='bbox 1842 1131 2099 1234; x_wconf 61' lang='lat' dir='ltr'><strong>⁸9⁶,Pffl21flub</strong></span> <span class='ocrx_word' id='word_1_94' title='bbox 2112 1133 2137 1223; x_wconf 89' lang='lat'><strong>¹)</strong></span> 
     </span>
     <span class='ocr_line' id='line_1_10' title="bbox 137 1214 2140 1326; baseline 0.005 -49"><span class='ocrx_word' id='word_1_95' title='bbox 137 1245 229 1310; x_wconf 42' lang='lat' dir='ltr'><strong>Mur·</strong></span> <span class='ocrx_word' id='word_1_96' title='bbox 267 1243 350 1324; x_wconf 57' lang='lat' dir='ltr'><strong>Quid</strong></span> <span class='ocrx_word' id='word_1_97' title='bbox 371 1241 429 1308; x_wconf 61' lang='lat' dir='ltr'><strong>pu,</strong></span> <span class='ocrx_word' id='word_1_98' title='bbox 449 1262 549 1326; x_wconf 58' lang='lat' dir='ltr'><strong>mque</strong></span> <span class='ocrx_word' id='word_1_99' title='bbox 569 1242 606 1306; x_wconf 57' lang='lat' dir='ltr'><strong>de</strong></span> <span class='ocrx_word' id='word_1_100' title='bbox 627 1242 686 1306; x_wconf 59' lang='lat' dir='ltr'><strong>hac</strong></span> <span class='ocrx_word' id='word_1_101' title='bbox 706 1243 797 1306; x_wconf 55' lang='lat' dir='ltr'><strong><em>turba</em></strong></span> <span class='ocrx_word' id='word_1_102' title='bbox 818 1243 1026 1326; x_wconf 58' lang='lat' dir='ltr'><strong>componenda</strong></span> <span class='ocrx_word' id='word_1_103' title='bbox 1046 1243 1110 1320; x_wconf 58' lang='lat' dir='ltr'><strong>fao,</strong></span> <span class='ocrx_word' id='word_1_104' title='bbox 1161 1218 1289 1276; x_wconf 84' lang='lat' dir='ltr'><strong>utuuam</strong></span> <span class='ocrx_word' id='word_1_105' title='bbox 1316 1234 1384 1278; x_wconf 92' lang='lat' dir='ltr'><strong>non</strong></span> <span class='ocrx_word' id='word_1_106' title='bbox 1416 1214 1656 1300; x_wconf 83' lang='lat' dir='ltr'><strong>mataeologus,</strong></span> <span class='ocrx_word' id='word_1_107' title='bbox 1690 1236 1779 1282; x_wconf 86' lang='lat' dir='ltr'><strong>nova</strong></span> <span class='ocrx_word' id='word_1_108' title='bbox 1809 1225 1925 1318; x_wconf 80' lang='lat' dir='ltr'><strong>incipit</strong></span> <span class='ocrx_word' id='word_1_109' title='bbox 1955 1241 2140 1322; x_wconf 73' lang='lat' dir='ltr'><strong>proponere</strong></span> 
     </span>
     <span class='ocr_line' id='line_1_11' title="bbox 136 1294 2138 1396; baseline 0.006 -34"><span class='ocrx_word' id='word_1_110' title='bbox 136 1335 201 1396; x_wconf 52' lang='lat' dir='ltr'><strong>pum</strong></span> <span class='ocrx_word' id='word_1_111' title='bbox 229 1329 279 1394; x_wconf 48' lang='lat' dir='ltr'><strong>aq</strong></span> <span class='ocrx_word' id='word_1_112' title='bbox 323 1329 506 1394; x_wconf 43' lang='lat' dir='ltr'><strong><em>Ananim·</em></strong></span> <span class='ocrx_word' id='word_1_113' title='bbox 534 1329 651 1393; x_wconf 60' lang='lat' dir='ltr'><strong>mm</strong></span> <span class='ocrx_word' id='word_1_114' title='bbox 676 1330 711 1392; x_wconf 49' lang='grc' dir='ltr'><strong>ὼ,</strong></span> <span class='ocrx_word' id='word_1_115' title='bbox 736 1329 925 1394; x_wconf 60' lang='lat' dir='ltr'><strong>Gmwm</strong></span> <span class='ocrx_word' id='word_1_116' title='bbox 948 1329 1110 1393; x_wconf 56' lang='lat' dir='ltr'><strong><em>minim</em></strong></span> <span class='ocrx_word' id='word_1_117' title='bbox 1162 1294 1326 1381; x_wconf 87' lang='lat' dir='ltr'><strong>dogmata,</strong></span> <span class='ocrx_word' id='word_1_118' title='bbox 1349 1319 1387 1366; x_wconf 89' lang='lat' dir='ltr'><strong>ao</strong></span> <span class='ocrx_word' id='word_1_119' title='bbox 1409 1307 1522 1382; x_wconf 85' lang='lat' dir='ltr'><strong>aperte</strong></span> <span class='ocrx_word' id='word_1_120' title='bbox 1544 1308 1658 1366; x_wconf 86' lang='lat' dir='ltr'><strong>taxare</strong></span> <span class='ocrx_word' id='word_1_121' title='bbox 1680 1311 1839 1386; x_wconf 86' lang='lat' dir='ltr'><strong>quotquot</strong></span> <span class='ocrx_word' id='word_1_122' title='bbox 1864 1313 1998 1370; x_wconf 77' lang='lat' dir='ltr'><strong>vicatim</strong></span> <span class='ocrx_word' id='word_1_123' title='bbox 2019 1305 2138 1374; x_wconf 88' lang='lat' dir='ltr'><strong>dooont</strong></span> 
     </span>
    </p>
   </div>
   <div class='ocr_carea' id='block_1_5' title="bbox 136 1385 2137 2016">
    <p class='ocr_par' dir='ltr' id='par_1_5' title="bbox 131 1385 2137 1972">
     <span class='ocr_line' id='line_1_12' title="bbox 136 1385 2137 1495; baseline -0.012 -14"><span class='ocrx_word' id='word_1_124' title='bbox 136 1421 246 1480; x_wconf 66' lang='lat' dir='ltr'><strong>temen</strong></span> <span class='ocrx_word' id='word_1_125' title='bbox 261 1414 405 1489; x_wconf 83' lang='lat' dir='ltr'><strong>delatum,</strong></span> <span class='ocrx_word' id='word_1_126' title='bbox 428 1413 503 1480; x_wconf 80' lang='lat' dir='ltr'><strong>dam</strong></span> <span class='ocrx_word' id='word_1_127' title='bbox 523 1434 632 1479; x_wconf 82' lang='lat' dir='ltr'><strong>revera</strong></span> <span class='ocrx_word' id='word_1_128' title='bbox 651 1414 717 1495; x_wconf 79' lang='lat' dir='ltr'><strong>ipsi</strong></span> <span class='ocrx_word' id='word_1_129' title='bbox 737 1415 877 1480; x_wconf 76' lang='lat' dir='ltr'><strong>Graecae</strong></span> <span class='ocrx_word' id='word_1_130' title='bbox 893 1412 1109 1480; x_wconf 69' lang='lat' dir='ltr'><strong>coathluu·</strong></span> <span class='ocrx_word' id='word_1_131' title='bbox 1161 1388 1196 1446; x_wconf 68' lang='lat' dir='ltr'><strong>⁰l</strong></span> <span class='ocrx_word' id='word_1_132' title='bbox 1217 1391 1372 1450; x_wconf 53' lang='lat' dir='ltr'><strong>mmmm</strong></span> <span class='ocrx_word' id='word_1_133' title='bbox 1391 1385 1612 1486; x_wconf 60' lang='grc' dir='ltr'><strong>Ρῐθθῧῑῑθῌθω</strong></span> <span class='ocrx_word' id='word_1_134' title='bbox 1640 1386 1853 1488; x_wconf 56' lang='grc' dir='ltr'><strong>ᾶῡωὶὓὶθᾷω,</strong></span> <span class='ocrx_word' id='word_1_135' title='bbox 1882 1391 1969 1473; x_wconf 85' lang='lat' dir='ltr'><strong>quod</strong></span> <span class='ocrx_word' id='word_1_136' title='bbox 1991 1413 2058 1458; x_wconf 88' lang='lat' dir='ltr'><strong>non</strong></span> <span class='ocrx_word' id='word_1_137' title='bbox 2079 1391 2137 1460; x_wconf 91' lang='lat' dir='ltr'><strong>do·</strong></span> 
     </span>
     <span class='ocr_line' id='line_1_13' title="bbox 137 1469 2137 1578; baseline -0.008 -11"><span class='ocrx_word' id='word_1_138' title='bbox 137 1501 185 1568; x_wconf 85' lang='lat' dir='ltr'><strong>dii</strong></span> <span class='ocrx_word' id='word_1_139' title='bbox 206 1519 327 1566; x_wconf 66' lang='lat' dir='ltr'><strong>errores</strong></span> <span class='ocrx_word' id='word_1_140' title='bbox 347 1501 431 1566; x_wconf 82' lang='lat' dir='ltr'><strong>circa</strong></span> <span class='ocrx_word' id='word_1_141' title='bbox 453 1499 580 1565; x_wconf 70' lang='lat' dir='ltr'><strong>madan</strong></span> <span class='ocrx_word' id='word_1_142' title='bbox 606 1500 774 1566; x_wconf 64' lang='lat' dir='ltr'><strong>actuum</strong></span> <span class='ocrx_word' id='word_1_143' title='bbox 798 1501 989 1567; x_wconf 70' lang='lat' dir='ltr'><strong>contaedeat.</strong></span> <span class='ocrx_word' id='word_1_144' title='bbox 1034 1500 1060 1563; x_wconf 94' lang='lat' dir='ltr'><strong><em>I</em></strong></span> <span class='ocrx_word' id='word_1_145' title='bbox 1062 1499 1108 1564; x_wconf 80' lang='lat' dir='ltr'><strong>bi-</strong></span> <span class='ocrx_word' id='word_1_146' title='bbox 1160 1476 1236 1534; x_wconf 42' lang='lat'><strong>⁰⁶¹*</strong></span> <span class='ocrx_word' id='word_1_147' title='bbox 1256 1469 1416 1536; x_wconf 62' lang='lat' dir='ltr'><strong>mudum</strong></span> <span class='ocrx_word' id='word_1_148' title='bbox 1437 1491 1497 1554; x_wconf 69' lang='lat' dir='ltr'><strong>Pf⁰</strong></span> <span class='ocrx_word' id='word_1_149' title='bbox 1519 1479 1589 1538; x_wconf 63' lang='lat' dir='ltr'><strong>Vllss</strong></span> <span class='ocrx_word' id='word_1_150' title='bbox 1610 1471 1672 1540; x_wconf 56' lang='grc' dir='ltr'><strong>ΜΘ</strong></span> <span class='ocrx_word' id='word_1_151' title='bbox 1692 1473 1822 1572; x_wconf 66' lang='lat' dir='ltr'><strong>f1J¹1⁰l1⁵1</strong></span> <span class='ocrx_word' id='word_1_152' title='bbox 1845 1475 2058 1578; x_wconf 70' lang='lat' dir='ltr'>(111⁰de</span> <span class='ocrx_word' id='word_1_153' title='bbox 2079 1478 2137 1546; x_wconf 76' lang='lat' dir='ltr'><strong>do·</strong></span> 
     </span>
     <span class='ocr_line' id='line_1_14' title="bbox 136 1553 2137 1710; baseline -0.006 -79"><span class='ocrx_word' id='word_1_154' title='bbox 136 1586 451 1686; x_wconf 45' lang='lat' dir='ltr'><strong>gmgmpapggpag</strong></span> <span class='ocrx_word' id='word_1_155' title='bbox 470 1586 610 1686; x_wconf 52' lang='lat' dir='ltr'><strong>mm:</strong></span> <span class='ocrx_word' id='word_1_156' title='bbox 626 1606 723 1650; x_wconf 57' lang='lat' dir='ltr'><em>„ovas</em></span> <span class='ocrx_word' id='word_1_157' title='bbox 743 1605 794 1686; x_wconf 40' lang='grc' dir='ltr'><strong>γε..</strong></span> <span class='ocrx_word' id='word_1_158' title='bbox 814 1587 995 1686; x_wconf 36' lang='lat' dir='ltr'><strong>moggum„</strong></span> <span class='ocrx_word' id='word_1_159' title='bbox 1017 1589 1044 1650; x_wconf 60' lang='lat' dir='ltr'><em>d</em></span> <span class='ocrx_word' id='word_1_160' title='bbox 1054 1585 1108 1666; x_wconf 56' lang='lat' dir='ltr'><strong>Pi,-</strong></span> <span class='ocrx_word' id='word_1_161' title='bbox 1160 1553 1275 1621; x_wconf 90' lang='lat' dir='ltr'><strong>bemus</strong></span> <span class='ocrx_word' id='word_1_162' title='bbox 1296 1563 1330 1622; x_wconf 90' lang='lat' dir='ltr'><strong>et</strong></span> <span class='ocrx_word' id='word_1_163' title='bbox 1350 1577 1463 1622; x_wconf 85' lang='lat' dir='ltr'><strong>remur</strong></span> <span class='ocrx_word' id='word_1_164' title='bbox 1484 1577 1522 1624; x_wconf 90' lang='lat' dir='ltr'><strong>ao</strong></span> <span class='ocrx_word' id='word_1_165' title='bbox 1543 1577 1620 1658; x_wconf 79' lang='lat' dir='ltr'><strong>cum</strong></span> <span class='ocrx_word' id='word_1_166' title='bbox 1641 1557 1776 1626; x_wconf 75' lang='lat' dir='ltr'><strong>Christo</strong></span> <span class='ocrx_word' id='word_1_167' title='bbox 1798 1581 1866 1626; x_wconf 89' lang='lat' dir='ltr'><strong>una</strong></span> <span class='ocrx_word' id='word_1_168' title='bbox 1879 1582 2021 1710; x_wconf 66' lang='lat' dir='ltr'><strong>precari.</strong></span> <span class='ocrx_word' id='word_1_169' title='bbox 2065 1563 2137 1664; x_wconf 58' lang='lat' dir='ltr'><strong>Ad.</strong></span> 
     </span>
     <span class='ocr_line' id='line_1_15' title="bbox 137 1638 2136 1796; baseline -0.005 -58"><span class='ocrx_word' id='word_1_170' title='bbox 137 1673 276 1754; x_wconf 74' lang='lat' dir='ltr'><strong>undeque</strong></span> <span class='ocrx_word' id='word_1_171' title='bbox 296 1671 401 1773; x_wconf 70' lang='lat' dir='ltr'><strong>limidi</strong></span> <span class='ocrx_word' id='word_1_172' title='bbox 422 1693 537 1738; x_wconf 75' lang='lat' dir='ltr'><strong>mutum</strong></span> <span class='ocrx_word' id='word_1_173' title='bbox 553 1691 658 1737; x_wconf 74' lang='lat' dir='ltr'><strong>anemo</strong></span> <span class='ocrx_word' id='word_1_174' title='bbox 675 1691 784 1771; x_wconf 69' lang='lat' dir='ltr'><strong>pressa</strong></span> <span class='ocrx_word' id='word_1_175' title='bbox 800 1692 857 1772; x_wconf 67' lang='lat' dir='ltr'><strong>cre</strong></span> <span class='ocrx_word' id='word_1_176' title='bbox 873 1673 967 1771; x_wconf 64' lang='lat' dir='ltr'><strong>labae</strong></span> <span class='ocrx_word' id='word_1_177' title='bbox 984 1691 1109 1770; x_wconf 69' lang='lat' dir='ltr'><strong>manere</strong></span> <span class='ocrx_word' id='word_1_178' title='bbox 1160 1638 1420 1792; x_wconf 57' lang='lat' dir='ltr'><strong>ff⁰n⁰b³ll¹fal¹¹l</strong></span> <span class='ocrx_word' id='word_1_179' title='bbox 1448 1662 1524 1743; x_wconf 69' lang='lat'>⁰¹3⁰}</span> <span class='ocrx_word' id='word_1_180' title='bbox 1552 1665 1616 1794; x_wconf 63' lang='grc' dir='ltr'><strong>1)Ηὲ</strong></span> <span class='ocrx_word' id='word_1_181' title='bbox 1613 1645 1816 1796; x_wconf 53' lang='lat' dir='ltr'><strong>dllnfffll:</strong></span> <span class='ocrx_word' id='word_1_182' title='bbox 1843 1667 1878 1746; x_wconf 73' lang='grc'><strong>89</strong></span> <span class='ocrx_word' id='word_1_183' title='bbox 1922 1647 2044 1732; x_wconf 69' lang='lat' dir='ltr'><strong>ssl⁰f¹⁸0</strong></span> <span class='ocrx_word' id='word_1_184' title='bbox 2065 1670 2136 1750; x_wconf 46' lang='lat' dir='ltr'><strong>§Vl-</strong></span> 
     </span>
     <span class='ocr_line' id='line_1_16' title="bbox 137 1737 2135 1888; baseline -0.004 -63"><span class='ocrx_word' id='word_1_185' title='bbox 137 1779 194 1825; x_wconf 75' lang='lat' dir='ltr'><strong>suo</strong></span> <span class='ocrx_word' id='word_1_186' title='bbox 213 1759 308 1842; x_wconf 71' lang='lat' dir='ltr'><strong>[naqa</strong></span> <span class='ocrx_word' id='word_1_187' title='bbox 328 1758 573 1859; x_wconf 27' lang='lat' dir='ltr'><strong>nedamnbcnam</strong></span> <span class='ocrx_word' id='word_1_188' title='bbox 589 1777 711 1858; x_wconf 63' lang='lat' dir='ltr'><strong>mne</strong></span> <span class='ocrx_word' id='word_1_189' title='bbox 731 1758 1109 1858; x_wconf 55' lang='lat' dir='ltr'><strong>comprimerem</strong></span> <span class='ocrx_word' id='word_1_190' title='bbox 1161 1747 1239 1875; x_wconf 55' lang='lat' dir='ltr'><strong>dgm</strong></span> <span class='ocrx_word' id='word_1_191' title='bbox 1268 1747 1538 1878; x_wconf 50' lang='lat' dir='ltr'><strong>mmddxffiffls</strong></span> <span class='ocrx_word' id='word_1_192' title='bbox 1571 1737 1691 1880; x_wconf 43' lang='lat' dir='ltr'><strong>“diff</strong></span> <span class='ocrx_word' id='word_1_193' title='bbox 1725 1739 1913 1882; x_wconf 49' lang='grc' dir='ltr'><strong>νθῧηὲὓέθθ</strong></span> <span class='ocrx_word' id='word_1_194' title='bbox 1939 1743 1973 1799; x_wconf 61' lang='grc' dir='ltr'><strong>θῑ</strong></span> <span class='ocrx_word' id='word_1_195' title='bbox 2000 1742 2032 1800; x_wconf 59' lang='lat' dir='ltr'><strong>l?</strong></span> <span class='ocrx_word' id='word_1_196' title='bbox 2064 1756 2135 1888; x_wconf 45' lang='grc' dir='ltr'><strong>,ἓξ</strong></span> 
     </span>
     <span class='ocr_line' id='line_1_17' title="bbox 316 1832 2089 1972; baseline -0.002 1.717"><span class='ocrx_word' id='word_1_197' title='bbox 316 1843 426 1910; x_wconf 61' lang='lat' dir='ltr'><strong>au</strong></span> <span class='ocrx_word' id='word_1_198' title='bbox 447 1865 483 1910; x_wconf 68' lang='grc' dir='ltr'>ι</span> <span class='ocrx_word' id='word_1_199' title='bbox 507 1842 617 1946; x_wconf 66' lang='grc' dir='ltr'>ιιι</span> <span class='ocrx_word' id='word_1_200' title='bbox 876 1843 982 1926; x_wconf 65' lang='lat' dir='ltr'><strong>us</strong></span> <span class='ocrx_word' id='word_1_201' title='bbox 1028 1841 1108 1926; x_wconf 68' lang='lat' dir='ltr'><strong>a</strong></span> <span class='ocrx_word' id='word_1_202' title='bbox 1159 1832 1393 1964; x_wconf 57' lang='lat' dir='ltr'><strong>:aaut</strong></span> <span class='ocrx_word' id='word_1_203' title='bbox 1422 1836 1687 1968; x_wconf 55' lang='grc'><strong>1111...</strong></span> <span class='ocrx_word' id='word_1_204' title='bbox 1715 1837 1914 1968; x_wconf 56' lang='lat' dir='ltr'><strong>„aaa</strong></span> <span class='ocrx_word' id='word_1_205' title='bbox 1927 1841 2089 1972; x_wconf 60' lang='lat' dir='ltr'><strong>aa:</strong></span> 
     </span>
    </p>

    <p class='ocr_par' dir='ltr' id='par_1_6' title="bbox 136 1927 2135 2016">
     <span class='ocr_line' id='line_1_18' title="bbox 136 1927 2135 2016; baseline -0.012 -19"><span class='ocrx_word' id='word_1_206' title='bbox 136 1931 213 1997; x_wconf 81' lang='lat' dir='ltr'><strong>odas</strong></span> <span class='ocrx_word' id='word_1_207' title='bbox 235 1931 428 1998; x_wconf 69' lang='lat' dir='ltr'><strong>Maroneae</strong></span> <span class='ocrx_word' id='word_1_208' title='bbox 442 1949 589 2016; x_wconf 73' lang='lat' dir='ltr'><strong>procerae</strong></span> <span class='ocrx_word' id='word_1_209' title='bbox 609 1929 778 1996; x_wconf 79' lang='lat' dir='ltr'><strong>bobebstur.</strong></span> <span class='ocrx_word' id='word_1_210' title='bbox 1313 1949 1321 1978; x_wconf 76' lang='grc' dir='ltr'>ι</span> <span class='ocrx_word' id='word_1_211' title='bbox 2080 1927 2135 1974; x_wconf 89' lang='lat' dir='ltr'><strong>me</strong></span> 
     </span>
    </p>
   </div>
   <div class='ocr_carea' id='block_1_6' title="bbox 124 1981 2135 3700">
    <p class='ocr_par' dir='ltr' id='par_1_7' title="bbox 134 1981 2135 2330">
     <span class='ocr_line' id='line_1_19' title="bbox 753 1981 2134 2072; baseline 0.011 -29"><span class='ocrx_word' id='word_1_212' title='bbox 753 2061 756 2072; x_wconf 27' lang='grc' dir='ltr'>Ι</span> <span class='ocrx_word' id='word_1_213' title='bbox 1159 1991 1257 2048; x_wconf 85' lang='lat' dir='ltr'><strong>vocat</strong></span> <span class='ocrx_word' id='word_1_214' title='bbox 1289 1991 1328 2048; x_wconf 88' lang='lat' dir='ltr'><strong>ut</strong></span> <span class='ocrx_word' id='word_1_215' title='bbox 1355 1984 1509 2052; x_wconf 86' lang='lat' dir='ltr'><strong>ecclesiae</strong></span> <span class='ocrx_word' id='word_1_216' title='bbox 1541 1981 1709 2054; x_wconf 90' lang='lat' dir='ltr'><strong>consula&#39;m</strong></span> <span class='ocrx_word' id='word_1_217' title='bbox 1741 1988 1789 2052; x_wconf 87' lang='lat' dir='ltr'><strong>ita</strong></span> <span class='ocrx_word' id='word_1_218' title='bbox 1816 1989 1947 2056; x_wconf 83' lang='lat' dir='ltr'><strong>ruinam</strong></span> <span class='ocrx_word' id='word_1_219' title='bbox 1974 1993 2134 2058; x_wconf 78' lang='lat' dir='ltr'><strong>minanti:</strong></span> 
     </span>
     <span class='ocr_line' id='line_1_20' title="bbox 134 2073 2134 2175; baseline 0.001 -18"><span class='ocrx_word' id='word_1_220' title='bbox 134 2078 377 2174; x_wconf 64' lang='lat' dir='ltr'><strong>[Exsutographo</strong></span> <span class='ocrx_word' id='word_1_221' title='bbox 395 2102 506 2156; x_wconf 81' lang='lat' dir='ltr'><strong>Archiv.</strong></span> <span class='ocrx_word' id='word_1_222' title='bbox 525 2101 852 2171; x_wconf 78' lang='lat' dir='ltr'><strong>Thomsn.hrgentorati.</strong></span> <span class='ocrx_word' id='word_1_223' title='bbox 878 2101 911 2154; x_wconf 90' lang='lat' dir='ltr'><strong>Iu</strong></span> <span class='ocrx_word' id='word_1_224' title='bbox 929 2105 1008 2169; x_wconf 84' lang='lat' dir='ltr'><strong>tergo</strong></span> <span class='ocrx_word' id='word_1_225' title='bbox 1025 2116 1107 2152; x_wconf 86' lang='lat' dir='ltr'><strong>manu</strong></span> <span class='ocrx_word' id='word_1_226' title='bbox 1159 2087 1293 2135; x_wconf 59' lang='lat' dir='ltr'><strong>”murm</strong></span> <span class='ocrx_word' id='word_1_227' title='bbox 1320 2091 1435 2155; x_wconf 67' lang='lat' dir='ltr'><strong>⁰0W⁵s</strong></span> <span class='ocrx_word' id='word_1_228' title='bbox 1450 2157 1457 2171; x_wconf 51' lang='lat'>‚</span> <span class='ocrx_word' id='word_1_229' title='bbox 1472 2079 1601 2138; x_wconf 61' lang='lat' dir='ltr'><strong>mlum</strong></span> <span class='ocrx_word' id='word_1_230' title='bbox 1625 2093 1739 2171; x_wconf 49' lang='lat' dir='ltr'><strong>,unum</strong></span> <span class='ocrx_word' id='word_1_231' title='bbox 1773 2094 1924 2175; x_wconf 44' lang='lat' dir='ltr'><strong>propono·</strong></span> <span class='ocrx_word' id='word_1_232' title='bbox 1952 2073 2134 2158; x_wconf 76' lang='lat' dir='ltr'><strong>Christum,</strong></span> 
     </span>
     <span class='ocr_line' id='line_1_21' title="bbox 134 2155 2135 2256; baseline 0.001 -29"><span class='ocrx_word' id='word_1_233' title='bbox 134 2171 273 2244; x_wconf 78' lang='lat' dir='ltr'><strong>Ospitonis</strong></span> <span class='ocrx_word' id='word_1_234' title='bbox 290 2173 421 2243; x_wconf 63' lang='lat' dir='ltr'><strong>saeptum</strong></span> <span class='ocrx_word' id='word_1_235' title='bbox 438 2172 551 2242; x_wconf 78' lang='lat' dir='ltr'><strong>legitur:</strong></span> <span class='ocrx_word' id='word_1_236' title='bbox 575 2170 709 2224; x_wconf 61' lang='lat' dir='ltr'><strong>&amp;odae</strong></span> <span class='ocrx_word' id='word_1_237' title='bbox 727 2176 791 2224; x_wconf 78' lang='lat' dir='ltr'><strong>sunt</strong></span> <span class='ocrx_word' id='word_1_238' title='bbox 812 2167 855 2226; x_wconf 72' lang='lat'><strong>80.</strong></span> <span class='ocrx_word' id='word_1_239' title='bbox 873 2169 939 2223; x_wconf 76' lang='grc' dir='ltr'><strong>11ιί1</strong></span> <span class='ocrx_word' id='word_1_240' title='bbox 956 2187 999 2223; x_wconf 76' lang='lat' dir='ltr'><strong>an.</strong></span> <span class='ocrx_word' id='word_1_241' title='bbox 1017 2167 1106 2236; x_wconf 73' lang='lat'>163⁷.)</span> <span class='ocrx_word' id='word_1_242' title='bbox 1159 2175 1201 2219; x_wconf 91' lang='lat' dir='ltr'><strong>ne</strong></span> <span class='ocrx_word' id='word_1_243' title='bbox 1233 2155 1371 2222; x_wconf 83' lang='lat' dir='ltr'><strong>verbum</strong></span> <span class='ocrx_word' id='word_1_244' title='bbox 1404 2156 1550 2256; x_wconf 42' lang='lat' dir='ltr'><strong>quidem·</strong></span> <span class='ocrx_word' id='word_1_245' title='bbox 1571 2158 1694 2224; x_wconf 82' lang='lat' dir='ltr'><strong>faciens</strong></span> <span class='ocrx_word' id='word_1_246' title='bbox 1724 2169 1959 2240; x_wconf 86' lang='lat' dir='ltr'><strong>contantroms,</strong></span> <span class='ocrx_word' id='word_1_247' title='bbox 1999 2161 2057 2228; x_wconf 92' lang='lat' dir='ltr'><strong>sad</strong></span> <span class='ocrx_word' id='word_1_248' title='bbox 2092 2161 2135 2230; x_wconf 88' lang='lat' dir='ltr'><strong>ad</strong></span> 
     </span>
     <span class='ocr_line' id='line_1_22' title="bbox 1159 2237 2135 2330; baseline 0.012 -25"><span class='ocrx_word' id='word_1_249' title='bbox 1159 2237 1331 2306; x_wconf 75' lang='lat' dir='ltr'><strong>Christum</strong></span> <span class='ocrx_word' id='word_1_250' title='bbox 1352 2243 1456 2308; x_wconf 82' lang='lat' dir='ltr'><strong>invito</strong></span> <span class='ocrx_word' id='word_1_251' title='bbox 1475 2263 1598 2310; x_wconf 90' lang='lat' dir='ltr'><strong>omnes.</strong></span> <span class='ocrx_word' id='word_1_252' title='bbox 1641 2245 1798 2310; x_wconf 84' lang='lat' dir='ltr'><strong>Assertor</strong></span> <span class='ocrx_word' id='word_1_253' title='bbox 1825 2243 1986 2330; x_wconf 83' lang='lat' dir='ltr'><strong>dogmatis</strong></span> <span class='ocrx_word' id='word_1_254' title='bbox 2008 2247 2135 2318; x_wconf 86' lang='lat' dir='ltr'><strong>interea</strong></span> 
     </span>
    </p>

    <p class='ocr_par' dir='ltr' id='par_1_8' title="bbox 132 2326 2135 2756">
     <span class='ocr_line' id='line_1_23' title="bbox 217 2326 2135 2451; baseline 0.004 -26"><span class='ocrx_word' id='word_1_255' title='bbox 217 2361 260 2427; x_wconf 85' lang='lat' dir='ltr'><strong>V.</strong></span> <span class='ocrx_word' id='word_1_256' title='bbox 290 2359 329 2426; x_wconf 81' lang='lat' dir='ltr'><strong>F.</strong></span> <span class='ocrx_word' id='word_1_257' title='bbox 359 2359 511 2445; x_wconf 78' lang='lat' dir='ltr'><strong>Capitoni</strong></span> <span class='ocrx_word' id='word_1_258' title='bbox 533 2358 659 2426; x_wconf 80' lang='lat' dir='ltr'><strong>Christi</strong></span> <span class='ocrx_word' id='word_1_259' title='bbox 687 2378 783 2425; x_wconf 85' lang='lat' dir='ltr'><strong>servo</strong></span> <span class='ocrx_word' id='word_1_260' title='bbox 810 2357 1015 2425; x_wconf 87' lang='lat' dir='ltr'><strong>ecclesiastae</strong></span> <span class='ocrx_word' id='word_1_261' title='bbox 1042 2359 1107 2422; x_wconf 85' lang='lat' dir='ltr'><strong>Ar·</strong></span> <span class='ocrx_word' id='word_1_262' title='bbox 1158 2326 1276 2426; x_wconf 61' lang='lat' dir='ltr'><strong>nilillff</strong></span> <span class='ocrx_word' id='word_1_263' title='bbox 1296 2347 1357 2392; x_wconf 70' lang='lat'><strong>⁸¹¹²</strong></span> <span class='ocrx_word' id='word_1_264' title='bbox 1376 2329 1542 2428; x_wconf 60' lang='lat' dir='ltr'><strong>finum.</strong></span> <span class='ocrx_word' id='word_1_265' title='bbox 1569 2329 1694 2451; x_wconf 52' lang='lat' dir='ltr'><strong>ww</strong></span> <span class='ocrx_word' id='word_1_266' title='bbox 1714 2329 1887 2415; x_wconf 56' lang='lat' dir='ltr'><strong>iml&#39;mbah</strong></span> <span class='ocrx_word' id='word_1_267' title='bbox 1909 2332 1963 2432; x_wconf 47' lang='grc' dir='ltr'><strong>Ῥῶ</strong></span> <span class='ocrx_word' id='word_1_268' title='bbox 1983 2331 2135 2432; x_wconf 50' lang='lat' dir='ltr'><em>(3⁰¹le</em></span> 
     </span>
     <span class='ocr_line' id='line_1_24' title="bbox 132 2409 2134 2589; baseline 0.004 -27"><span class='ocrx_word' id='word_1_269' title='bbox 132 2447 320 2534; x_wconf 63' lang='lat' dir='ltr'><strong>suu</strong></span> <span class='ocrx_word' id='word_1_270' title='bbox 1158 2409 2134 2589; x_wconf 50' lang='lat' dir='ltr'><strong>aarum:</strong></span> 
     </span>
     <span class='ocr_line' id='line_1_25' title="bbox 1159 2553 2133 2674; baseline 0.011 -27"><span class='ocrx_word' id='word_1_271' title='bbox 1159 2582 1308 2650; x_wconf 85' lang='lat' dir='ltr'><strong>tellectus</strong></span> <span class='ocrx_word' id='word_1_272' title='bbox 1329 2607 1395 2651; x_wconf 92' lang='lat' dir='ltr'><strong>non</strong></span> <span class='ocrx_word' id='word_1_273' title='bbox 1412 2585 1525 2651; x_wconf 86' lang='lat' dir='ltr'><strong>fuerit:</strong></span> <span class='ocrx_word' id='word_1_274' title='bbox 1548 2606 1665 2652; x_wconf 82' lang='lat' dir='ltr'><strong>verum</strong></span> <span class='ocrx_word' id='word_1_275' title='bbox 1683 2553 1923 2674; x_wconf 69' lang='lat' dir='ltr'><strong>perlacrymas</strong></span> <span class='ocrx_word' id='word_1_276' title='bbox 1940 2597 1974 2656; x_wconf 88' lang='lat' dir='ltr'><strong>et</strong></span> <span class='ocrx_word' id='word_1_277' title='bbox 1990 2591 2133 2674; x_wconf 87' lang='lat' dir='ltr'><strong>gemitus</strong></span> 
     </span>
     <span class='ocr_line' id='line_1_26' title="bbox 217 2666 2133 2756; baseline 0.003 -18"><span class='ocrx_word' id='word_1_278' title='bbox 217 2669 254 2738; x_wconf 80' lang='lat' dir='ltr'><strong>S.</strong></span> <span class='ocrx_word' id='word_1_279' title='bbox 277 2671 416 2756; x_wconf 83' lang='lat' dir='ltr'><strong>gratiam</strong></span> <span class='ocrx_word' id='word_1_280' title='bbox 437 2675 471 2736; x_wconf 89' lang='lat' dir='ltr'><strong>et</strong></span> <span class='ocrx_word' id='word_1_281' title='bbox 491 2687 604 2754; x_wconf 84' lang='lat' dir='ltr'><strong>pacem</strong></span> <span class='ocrx_word' id='word_1_282' title='bbox 626 2689 647 2732; x_wconf 90' lang='lat' dir='ltr'><strong>a</strong></span> <span class='ocrx_word' id='word_1_283' title='bbox 667 2667 749 2734; x_wconf 91' lang='lat' dir='ltr'><strong>Deo.</strong></span> <span class='ocrx_word' id='word_1_284' title='bbox 793 2667 908 2752; x_wconf 86' lang='lat' dir='ltr'><strong>Nuper</strong></span> <span class='ocrx_word' id='word_1_285' title='bbox 925 2666 1106 2734; x_wconf 87' lang='lat' dir='ltr'><strong>reddeban-</strong></span> <span class='ocrx_word' id='word_1_286' title='bbox 1158 2669 1248 2753; x_wconf 88' lang='lat' dir='ltr'><strong>rigor</strong></span> <span class='ocrx_word' id='word_1_287' title='bbox 1269 2671 1426 2738; x_wconf 88' lang='lat' dir='ltr'><strong>remissus</strong></span> <span class='ocrx_word' id='word_1_288' title='bbox 1447 2672 1523 2738; x_wconf 83' lang='lat' dir='ltr'><strong>fuit:</strong></span> <span class='ocrx_word' id='word_1_289' title='bbox 1556 2678 1688 2738; x_wconf 87' lang='lat' dir='ltr'><strong>tautum</strong></span> <span class='ocrx_word' id='word_1_290' title='bbox 1710 2693 1776 2738; x_wconf 92' lang='lat' dir='ltr'><strong>non</strong></span> <span class='ocrx_word' id='word_1_291' title='bbox 1797 2674 1891 2740; x_wconf 89' lang='lat' dir='ltr'><strong>fieret</strong></span> <span class='ocrx_word' id='word_1_292' title='bbox 1911 2673 2049 2742; x_wconf 87' lang='lat' dir='ltr'><strong>verbum</strong></span> <span class='ocrx_word' id='word_1_293' title='bbox 2070 2675 2133 2742; x_wconf 90' lang='lat' dir='ltr'><strong>ali·</strong></span> 
     </span>
    </p>

    <p class='ocr_par' dir='ltr' id='par_1_9' title="bbox 124 2753 2132 3700">
     <span class='ocr_line' id='line_1_27' title="bbox 131 2753 2131 2838; baseline 0.002 -14"><span class='ocrx_word' id='word_1_294' title='bbox 131 2765 187 2824; x_wconf 87' lang='lat' dir='ltr'><strong>tur</strong></span> <span class='ocrx_word' id='word_1_295' title='bbox 210 2763 286 2824; x_wconf 90' lang='lat' dir='ltr'><strong>tuae</strong></span> <span class='ocrx_word' id='word_1_296' title='bbox 313 2755 427 2823; x_wconf 83' lang='lat' dir='ltr'><strong>literae</strong></span> <span class='ocrx_word' id='word_1_297' title='bbox 455 2760 484 2821; x_wconf 89' lang='grc'><strong>6.</strong></span> <span class='ocrx_word' id='word_1_298' title='bbox 507 2754 653 2820; x_wconf 89' lang='lat' dir='ltr'><strong>Ianuarii</strong></span> <span class='ocrx_word' id='word_1_299' title='bbox 681 2755 833 2838; x_wconf 86' lang='lat' dir='ltr'><strong>scriptae.</strong></span> <span class='ocrx_word' id='word_1_300' title='bbox 881 2754 1029 2820; x_wconf 73' lang='lat' dir='ltr'><strong>Tandem</strong></span> <span class='ocrx_word' id='word_1_301' title='bbox 1057 2753 1105 2820; x_wconf 93' lang='lat' dir='ltr'><strong>ol·</strong></span> <span class='ocrx_word' id='word_1_302' title='bbox 1158 2755 1258 2838; x_wconf 89' lang='lat' dir='ltr'><strong>quod,</strong></span> <span class='ocrx_word' id='word_1_303' title='bbox 1293 2764 1411 2822; x_wconf 87' lang='lat' dir='ltr'><strong>neuter</strong></span> <span class='ocrx_word' id='word_1_304' title='bbox 1440 2757 1611 2824; x_wconf 83' lang='lat' dir='ltr'><strong>victoriam</strong></span> <span class='ocrx_word' id='word_1_305' title='bbox 1639 2757 1786 2824; x_wconf 84' lang='lat' dir='ltr'><strong>iactaret.</strong></span> <span class='ocrx_word' id='word_1_306' title='bbox 1838 2757 1946 2826; x_wconf 85' lang='lat' dir='ltr'><strong>Datae</strong></span> <span class='ocrx_word' id='word_1_307' title='bbox 1978 2759 2131 2828; x_wconf 85' lang='lat' dir='ltr'><strong>dextrae:</strong></span> 
     </span>
     <span class='ocr_line' id='line_1_28' title="bbox 130 2839 2132 2931; baseline 0.002 -21"><span class='ocrx_word' id='word_1_308' title='bbox 130 2844 195 2911; x_wconf 81' lang='lat' dir='ltr'><strong>feci</strong></span> <span class='ocrx_word' id='word_1_309' title='bbox 217 2864 351 2910; x_wconf 90' lang='lat' dir='ltr'><strong>oausam</strong></span> <span class='ocrx_word' id='word_1_310' title='bbox 377 2863 479 2925; x_wconf 90' lang='lat' dir='ltr'><strong>quare</strong></span> <span class='ocrx_word' id='word_1_311' title='bbox 505 2841 631 2906; x_wconf 89' lang='lat' dir='ltr'><strong>tardius</strong></span> <span class='ocrx_word' id='word_1_312' title='bbox 660 2839 703 2905; x_wconf 93' lang='lat' dir='ltr'><strong>ad</strong></span> <span class='ocrx_word' id='word_1_313' title='bbox 729 2860 789 2906; x_wconf 92' lang='lat' dir='ltr'><strong>nos</strong></span> <span class='ocrx_word' id='word_1_314' title='bbox 816 2840 1043 2922; x_wconf 85' lang='lat' dir='ltr'><strong>pervenerint:</strong></span> <span class='ocrx_word' id='word_1_315' title='bbox 1071 2847 1106 2906; x_wconf 92' lang='lat' dir='ltr'><strong>et</strong></span> <span class='ocrx_word' id='word_1_316' title='bbox 1157 2841 1251 2908; x_wconf 87' lang='lat' dir='ltr'><strong>novit</strong></span> <span class='ocrx_word' id='word_1_317' title='bbox 1278 2839 1434 2908; x_wconf 84' lang='lat' dir='ltr'><strong>Christus</strong></span> <span class='ocrx_word' id='word_1_318' title='bbox 1461 2863 1560 2926; x_wconf 92' lang='lat' dir='ltr'><strong>quam</strong></span> <span class='ocrx_word' id='word_1_319' title='bbox 1594 2842 1716 2926; x_wconf 88' lang='lat' dir='ltr'><strong>dispari</strong></span> <span class='ocrx_word' id='word_1_320' title='bbox 1742 2845 1861 2912; x_wconf 88' lang='lat' dir='ltr'><strong>animo.</strong></span> <span class='ocrx_word' id='word_1_321' title='bbox 1905 2845 2046 2913; x_wconf 77' lang='lat' dir='ltr'><strong>&#39;Interea</strong></span> <span class='ocrx_word' id='word_1_322' title='bbox 2072 2869 2132 2931; x_wconf 87' lang='lat' dir='ltr'><strong>per</strong></span> 
     </span>
     <span class='ocr_line' id='line_1_29' title="bbox 131 2926 2132 3014; baseline 0.002 -18"><span class='ocrx_word' id='word_1_323' title='bbox 131 2927 219 3014; x_wconf 91' lang='lat' dir='ltr'><strong>quod</strong></span> <span class='ocrx_word' id='word_1_324' title='bbox 240 2927 352 2996; x_wconf 88' lang='lat' dir='ltr'><strong>hostes</strong></span> <span class='ocrx_word' id='word_1_325' title='bbox 374 2927 532 2994; x_wconf 89' lang='lat' dir='ltr'><strong>senserim</strong></span> <span class='ocrx_word' id='word_1_326' title='bbox 555 2927 730 2992; x_wconf 88' lang='lat' dir='ltr'><strong>atrociores</strong></span> <span class='ocrx_word' id='word_1_327' title='bbox 751 2946 848 3009; x_wconf 89' lang='lat' dir='ltr'><strong>quam</strong></span> <span class='ocrx_word' id='word_1_328' title='bbox 870 2945 1023 3008; x_wconf 91' lang='lat' dir='ltr'><strong>unquam,</strong></span> <span class='ocrx_word' id='word_1_329' title='bbox 1053 2926 1105 2990; x_wconf 92' lang='lat' dir='ltr'><strong>ni·</strong></span> <span class='ocrx_word' id='word_1_330' title='bbox 1156 2926 1292 2994; x_wconf 77' lang='lat' dir='ltr'><strong>cavillos</strong></span> <span class='ocrx_word' id='word_1_331' title='bbox 1314 2926 1499 2996; x_wconf 89' lang='lat' dir='ltr'><strong>dialecticos</strong></span> <span class='ocrx_word' id='word_1_332' title='bbox 1516 2927 1649 2996; x_wconf 65' lang='lat' dir='ltr'><strong>Carolw</strong></span> <span class='ocrx_word' id='word_1_333' title='bbox 1670 2930 1827 2996; x_wconf 84' lang='lat' dir='ltr'><strong>transfert</strong></span> <span class='ocrx_word' id='word_1_334' title='bbox 1847 2937 1992 2998; x_wconf 88' lang='lat' dir='ltr'><strong>arratum</strong></span> <span class='ocrx_word' id='word_1_335' title='bbox 2013 2953 2132 3000; x_wconf 83' lang='lat' dir='ltr'><strong>verum</strong></span> 
     </span>
     <span class='ocr_line' id='line_1_30' title="bbox 127 3011 2132 3100; baseline 0.002 -19"><span class='ocrx_word' id='word_1_336' title='bbox 127 3017 193 3082; x_wconf 91' lang='lat' dir='ltr'><strong>mis</strong></span> <span class='ocrx_word' id='word_1_337' title='bbox 215 3037 268 3080; x_wconf 91' lang='lat' dir='ltr'><strong>me</strong></span> <span class='ocrx_word' id='word_1_338' title='bbox 290 3035 409 3100; x_wconf 82' lang='lat' dir='ltr'><strong>gravas</strong></span> <span class='ocrx_word' id='word_1_339' title='bbox 431 3012 536 3080; x_wconf 90' lang='lat' dir='ltr'><strong>titulis</strong></span> <span class='ocrx_word' id='word_1_340' title='bbox 558 3020 592 3078; x_wconf 92' lang='lat' dir='ltr'><strong>et</strong></span> <span class='ocrx_word' id='word_1_341' title='bbox 612 3011 686 3095; x_wconf 91' lang='lat' dir='ltr'><strong>plus</strong></span> <span class='ocrx_word' id='word_1_342' title='bbox 708 3013 789 3078; x_wconf 86' lang='lat' dir='ltr'><strong>satis</strong></span> <span class='ocrx_word' id='word_1_343' title='bbox 810 3011 1009 3078; x_wconf 79' lang='lat' dir='ltr'><strong>invidiosum</strong></span> <span class='ocrx_word' id='word_1_344' title='bbox 1029 3011 1104 3077; x_wconf 90' lang='lat' dir='ltr'><strong>red·</strong></span> <span class='ocrx_word' id='word_1_345' title='bbox 1155 3013 1191 3078; x_wconf 94' lang='lat' dir='ltr'><strong>in</strong></span> <span class='ocrx_word' id='word_1_346' title='bbox 1212 3012 1410 3080; x_wconf 85' lang='lat' dir='ltr'><strong>calumniam</strong></span> <span class='ocrx_word' id='word_1_347' title='bbox 1437 3013 1749 3095; x_wconf 81' lang='lat' dir='ltr'><strong>manifestissimam,</strong></span> <span class='ocrx_word' id='word_1_348' title='bbox 1778 3016 1920 3082; x_wconf 85' lang='lat' dir='ltr'><strong>Arianos</strong></span> <span class='ocrx_word' id='word_1_349' title='bbox 1944 3039 2005 3084; x_wconf 90' lang='lat' dir='ltr'><strong>nos</strong></span> <span class='ocrx_word' id='word_1_350' title='bbox 2032 3017 2132 3088; x_wconf 89' lang='lat' dir='ltr'><strong>audet</strong></span> 
     </span>
     <span class='ocr_line' id='line_1_31' title="bbox 128 3098 2131 3184; baseline 0.001 -16"><span class='ocrx_word' id='word_1_351' title='bbox 128 3101 189 3168; x_wconf 88' lang='lat' dir='ltr'><strong>dis.</strong></span> <span class='ocrx_word' id='word_1_352' title='bbox 234 3101 371 3168; x_wconf 88' lang='lat' dir='ltr'><strong>Utinam</strong></span> <span class='ocrx_word' id='word_1_353' title='bbox 392 3101 439 3166; x_wconf 88' lang='lat' dir='ltr'><strong>ita</strong></span> <span class='ocrx_word' id='word_1_354' title='bbox 460 3098 521 3164; x_wconf 89' lang='lat' dir='ltr'><strong>tibi</strong></span> <span class='ocrx_word' id='word_1_355' title='bbox 541 3107 742 3182; x_wconf 83' lang='lat' dir='ltr'><strong>temperares</strong></span> <span class='ocrx_word' id='word_1_356' title='bbox 764 3118 862 3180; x_wconf 90' lang='lat' dir='ltr'><strong>quam</strong></span> <span class='ocrx_word' id='word_1_357' title='bbox 885 3119 945 3182; x_wconf 85' lang='lat' dir='ltr'><strong>ego</strong></span> <span class='ocrx_word' id='word_1_358' title='bbox 967 3098 1103 3182; x_wconf 87' lang='lat' dir='ltr'><strong>refugio.</strong></span> <span class='ocrx_word' id='word_1_359' title='bbox 1155 3098 1270 3178; x_wconf 70' lang='lat' dir='ltr'><strong>heere,</strong></span> <span class='ocrx_word' id='word_1_360' title='bbox 1292 3101 1348 3182; x_wconf 92' lang='lat' dir='ltr'><strong>qui</strong></span> <span class='ocrx_word' id='word_1_361' title='bbox 1369 3101 1455 3165; x_wconf 90' lang='lat' dir='ltr'><strong>tanti</strong></span> <span class='ocrx_word' id='word_1_362' title='bbox 1473 3099 1610 3168; x_wconf 82' lang='lat' dir='ltr'><strong>lecimus</strong></span> <span class='ocrx_word' id='word_1_363' title='bbox 1622 3099 1747 3167; x_wconf 87' lang='lat' dir='ltr'><strong>Christi</strong></span> <span class='ocrx_word' id='word_1_364' title='bbox 1765 3099 1981 3184; x_wconf 79' lang='lat' dir='ltr'><strong>divinitatem,</strong></span> <span class='ocrx_word' id='word_1_365' title='bbox 2000 3111 2037 3169; x_wconf 90' lang='lat' dir='ltr'><strong>ut</strong></span> <span class='ocrx_word' id='word_1_366' title='bbox 2058 3126 2131 3172; x_wconf 86' lang='lat' dir='ltr'><strong>sae-</strong></span> 
     </span>
     <span class='ocr_line' id='line_1_32' title="bbox 127 3183 2131 3273; baseline 0.001 -19"><span class='ocrx_word' id='word_1_367' title='bbox 127 3187 182 3255; x_wconf 77' lang='lat' dir='ltr'><strong>Rc</strong></span> <span class='ocrx_word' id='word_1_368' title='bbox 211 3195 378 3272; x_wconf 87' lang='lat' dir='ltr'><strong>praestare</strong></span> <span class='ocrx_word' id='word_1_369' title='bbox 412 3185 483 3252; x_wconf 91' lang='lat' dir='ltr'><strong>sine</strong></span> <span class='ocrx_word' id='word_1_370' title='bbox 509 3185 644 3250; x_wconf 91' lang='lat' dir='ltr'><strong>nomine</strong></span> <span class='ocrx_word' id='word_1_371' title='bbox 675 3184 710 3248; x_wconf 92' lang='lat' dir='ltr'><strong>in</strong></span> <span class='ocrx_word' id='word_1_372' title='bbox 738 3184 823 3250; x_wconf 87' lang='lat' dir='ltr'><strong>votis</strong></span> <span class='ocrx_word' id='word_1_373' title='bbox 852 3191 949 3250; x_wconf 87' lang='lat' dir='ltr'><strong>esset:</strong></span> <span class='ocrx_word' id='word_1_374' title='bbox 982 3204 1104 3250; x_wconf 89' lang='lat' dir='ltr'><strong>nomen</strong></span> <span class='ocrx_word' id='word_1_375' title='bbox 1154 3183 1230 3267; x_wconf 92' lang='lat' dir='ltr'><strong>pius</strong></span> <span class='ocrx_word' id='word_1_376' title='bbox 1251 3186 1350 3251; x_wconf 91' lang='lat' dir='ltr'><strong>morti</strong></span> <span class='ocrx_word' id='word_1_377' title='bbox 1372 3207 1432 3252; x_wconf 90' lang='lat' dir='ltr'><strong>nos</strong></span> <span class='ocrx_word' id='word_1_378' title='bbox 1453 3186 1701 3270; x_wconf 88' lang='lat' dir='ltr'><strong>exposuerimus</strong></span> <span class='ocrx_word' id='word_1_379' title='bbox 1722 3207 1782 3270; x_wconf 92' lang='lat' dir='ltr'><strong>pro</strong></span> <span class='ocrx_word' id='word_1_380' title='bbox 1804 3188 1907 3270; x_wconf 90' lang='lat' dir='ltr'><strong>ipsius</strong></span> <span class='ocrx_word' id='word_1_381' title='bbox 1928 3187 2043 3273; x_wconf 85' lang='lat' dir='ltr'><strong>gloria,</strong></span> <span class='ocrx_word' id='word_1_382' title='bbox 2074 3189 2131 3258; x_wconf 91' lang='lat' dir='ltr'><strong>ubi</strong></span> 
     </span>
     <span class='ocr_line' id='line_1_33' title="bbox 127 3269 2130 3358; baseline 0.001 -18"><span class='ocrx_word' id='word_1_383' title='bbox 127 3273 203 3341; x_wconf 89' lang='lat' dir='ltr'><strong>aliis</strong></span> <span class='ocrx_word' id='word_1_384' title='bbox 222 3273 318 3339; x_wconf 85' lang='lat' dir='ltr'><strong>facile</strong></span> <span class='ocrx_word' id='word_1_385' title='bbox 344 3270 510 3350; x_wconf 89' lang='lat' dir='ltr'><strong>cederem,</strong></span> <span class='ocrx_word' id='word_1_386' title='bbox 538 3277 668 3336; x_wconf 88' lang='lat' dir='ltr'><strong>tantum</strong></span> <span class='ocrx_word' id='word_1_387' title='bbox 690 3277 861 3336; x_wconf 89' lang='lat' dir='ltr'><strong>currentes</strong></span> <span class='ocrx_word' id='word_1_388' title='bbox 880 3291 948 3335; x_wconf 89' lang='lat' dir='ltr'><strong>non</strong></span> <span class='ocrx_word' id='word_1_389' title='bbox 966 3269 1104 3354; x_wconf 92' lang='lat' dir='ltr'><strong>impedi·</strong></span> <span class='ocrx_word' id='word_1_390' title='bbox 1154 3277 1266 3353; x_wconf 86' lang='lat' dir='ltr'><strong>pastor</strong></span> <span class='ocrx_word' id='word_1_391' title='bbox 1286 3271 1343 3337; x_wconf 92' lang='lat' dir='ltr'><strong>ille</strong></span> <span class='ocrx_word' id='word_1_392' title='bbox 1365 3293 1423 3338; x_wconf 91' lang='lat' dir='ltr'><strong>suo</strong></span> <span class='ocrx_word' id='word_1_393' title='bbox 1440 3273 1561 3338; x_wconf 91' lang='lat' dir='ltr'><strong>timens</strong></span> <span class='ocrx_word' id='word_1_394' title='bbox 1579 3271 1695 3352; x_wconf 85' lang='lat' dir='ltr'><strong>ventri,</strong></span> <span class='ocrx_word' id='word_1_395' title='bbox 1718 3271 1759 3338; x_wconf 95' lang='lat' dir='ltr'><strong>ob</strong></span> <span class='ocrx_word' id='word_1_396' title='bbox 1776 3271 1863 3338; x_wconf 88' lang='lat' dir='ltr'><strong>idola</strong></span> <span class='ocrx_word' id='word_1_397' title='bbox 1881 3273 2041 3358; x_wconf 90' lang='lat' dir='ltr'><strong>quaedam</strong></span> <span class='ocrx_word' id='word_1_398' title='bbox 2057 3297 2130 3343; x_wconf 89' lang='lat' dir='ltr'><strong>sus-</strong></span> 
     </span>
     <span class='ocr_line' id='line_1_34' title="bbox 125 3355 2131 3444; baseline 0.002 -19"><span class='ocrx_word' id='word_1_399' title='bbox 125 3367 214 3426; x_wconf 86' lang='lat' dir='ltr'><strong>rent.</strong></span> <span class='ocrx_word' id='word_1_400' title='bbox 270 3357 380 3440; x_wconf 79' lang='lat' dir='ltr'><strong>Quam</strong></span> <span class='ocrx_word' id='word_1_401' title='bbox 412 3365 509 3442; x_wconf 87' lang='lat' dir='ltr'><strong>putas</strong></span> <span class='ocrx_word' id='word_1_402' title='bbox 540 3355 651 3422; x_wconf 85' lang='lat' dir='ltr'><strong>hostes</strong></span> <span class='ocrx_word' id='word_1_403' title='bbox 677 3355 915 3422; x_wconf 85' lang='lat' dir='ltr'><strong>infensissimos</strong></span> <span class='ocrx_word' id='word_1_404' title='bbox 941 3355 1103 3440; x_wconf 89' lang='lat' dir='ltr'><strong>evangelii</strong></span> <span class='ocrx_word' id='word_1_405' title='bbox 1155 3376 1260 3440; x_wconf 91' lang='lat' dir='ltr'><strong>pensa</strong></span> <span class='ocrx_word' id='word_1_406' title='bbox 1281 3357 1439 3424; x_wconf 87' lang='lat' dir='ltr'><strong>trucidari</strong></span> <span class='ocrx_word' id='word_1_407' title='bbox 1460 3358 1590 3424; x_wconf 80' lang='lat' dir='ltr'><strong>curarit</strong></span> <span class='ocrx_word' id='word_1_408' title='bbox 1610 3378 1688 3424; x_wconf 86' lang='lat' dir='ltr'><strong>oves</strong></span> <span class='ocrx_word' id='word_1_409' title='bbox 1708 3356 1833 3424; x_wconf 90' lang='lat' dir='ltr'><strong>Christi</strong></span> <span class='ocrx_word' id='word_1_410' title='bbox 1854 3380 1994 3444; x_wconf 87' lang='lat' dir='ltr'><strong>quarum</strong></span> <span class='ocrx_word' id='word_1_411' title='bbox 2015 3381 2131 3430; x_wconf 87' lang='lat' dir='ltr'><strong>curam</strong></span> 
     </span>
     <span class='ocr_line' id='line_1_35' title="bbox 125 3439 2128 3530; baseline 0.001 -18"><span class='ocrx_word' id='word_1_412' title='bbox 125 3447 232 3512; x_wconf 83' lang='lat' dir='ltr'><strong>fuisse</strong></span> <span class='ocrx_word' id='word_1_413' title='bbox 254 3452 367 3522; x_wconf 90' lang='lat' dir='ltr'><strong>motos,</strong></span> <span class='ocrx_word' id='word_1_414' title='bbox 390 3441 470 3509; x_wconf 91' lang='lat' dir='ltr'><strong>dum</strong></span> <span class='ocrx_word' id='word_1_415' title='bbox 490 3442 526 3508; x_wconf 92' lang='lat' dir='ltr'><strong>in</strong></span> <span class='ocrx_word' id='word_1_416' title='bbox 548 3442 614 3508; x_wconf 91' lang='lat' dir='ltr'><strong>tuis</strong></span> <span class='ocrx_word' id='word_1_417' title='bbox 636 3441 739 3508; x_wconf 89' lang='lat' dir='ltr'><strong>literis</strong></span> <span class='ocrx_word' id='word_1_418' title='bbox 760 3439 877 3508; x_wconf 84' lang='lat' dir='ltr'><strong>vident</strong></span> <span class='ocrx_word' id='word_1_419' title='bbox 897 3459 951 3506; x_wconf 89' lang='lat' dir='ltr'><strong>ma</strong></span> <span class='ocrx_word' id='word_1_420' title='bbox 973 3448 1102 3525; x_wconf 87' lang='lat' dir='ltr'><strong>aposto·</strong></span> <span class='ocrx_word' id='word_1_421' title='bbox 1155 3463 1270 3526; x_wconf 86' lang='lat' dir='ltr'><strong>gerere</strong></span> <span class='ocrx_word' id='word_1_422' title='bbox 1299 3441 1435 3510; x_wconf 85' lang='lat' dir='ltr'><strong>dicebat.</strong></span> <span class='ocrx_word' id='word_1_423' title='bbox 1486 3443 1678 3522; x_wconf 86' lang='lat' dir='ltr'><strong>Praeterea,</strong></span> <span class='ocrx_word' id='word_1_424' title='bbox 1707 3451 1867 3526; x_wconf 90' lang='lat' dir='ltr'><strong>quantum</strong></span> <span class='ocrx_word' id='word_1_425' title='bbox 1894 3445 2128 3530; x_wconf 85' lang='lat' dir='ltr'><strong>intelleximus,</strong></span> 
     </span>
     <span class='ocr_line' id='line_1_36' title="bbox 124 3526 2129 3614; baseline 0 -16"><span class='ocrx_word' id='word_1_426' title='bbox 124 3531 198 3598; x_wconf 90' lang='lat' dir='ltr'><strong>lum</strong></span> <span class='ocrx_word' id='word_1_427' title='bbox 220 3529 440 3614; x_wconf 79' lang='lat' dir='ltr'><strong>Allobrogum</strong></span> <span class='ocrx_word' id='word_1_428' title='bbox 461 3526 545 3594; x_wconf 84' lang='lat' dir='ltr'><strong>dici?</strong></span> <span class='ocrx_word' id='word_1_429' title='bbox 595 3528 650 3594; x_wconf 82' lang='lat' dir='ltr'><strong>En</strong></span> <span class='ocrx_word' id='word_1_430' title='bbox 678 3547 812 3612; x_wconf 90' lang='lat' dir='ltr'><strong>papam,</strong></span> <span class='ocrx_word' id='word_1_431' title='bbox 841 3548 883 3592; x_wconf 92' lang='lat' dir='ltr'><strong>en</strong></span> <span class='ocrx_word' id='word_1_432' title='bbox 909 3526 1102 3609; x_wconf 89' lang='lat' dir='ltr'><strong>apostolum,</strong></span> <span class='ocrx_word' id='word_1_433' title='bbox 1154 3527 1318 3594; x_wconf 87' lang='lat' dir='ltr'><strong>referebat</strong></span> <span class='ocrx_word' id='word_1_434' title='bbox 1345 3551 1405 3595; x_wconf 91' lang='lat' dir='ltr'><strong>nos</strong></span> <span class='ocrx_word' id='word_1_435' title='bbox 1426 3530 1641 3596; x_wconf 86' lang='lat' dir='ltr'><strong>Lausannam</strong></span> <span class='ocrx_word' id='word_1_436' title='bbox 1663 3529 1793 3596; x_wconf 80' lang='lat' dir='ltr'><strong>venisse</strong></span> <span class='ocrx_word' id='word_1_437' title='bbox 1820 3537 1858 3594; x_wconf 91' lang='lat' dir='ltr'><strong>ut</strong></span> <span class='ocrx_word' id='word_1_438' title='bbox 1879 3531 1989 3596; x_wconf 91' lang='lat' dir='ltr'><strong>omnia</strong></span> <span class='ocrx_word' id='word_1_439' title='bbox 2016 3529 2129 3598; x_wconf 87' lang='lat' dir='ltr'><strong>turba·</strong></span> 
     </span>
     <span class='ocr_line' id='line_1_37' title="bbox 126 3612 2129 3700; baseline -0 -15"><span class='ocrx_word' id='word_1_440' title='bbox 126 3639 170 3686; x_wconf 89' lang='lat' dir='ltr'><strong>en</strong></span> <span class='ocrx_word' id='word_1_441' title='bbox 200 3617 342 3682; x_wconf 87' lang='lat' dir='ltr'><strong>alterum</strong></span> <span class='ocrx_word' id='word_1_442' title='bbox 369 3615 570 3698; x_wconf 66' lang='lat' dir='ltr'><strong>pontificem</strong></span> <span class='ocrx_word' id='word_1_443' title='bbox 603 3613 691 3679; x_wconf 90' lang='lat' dir='ltr'><strong>solus</strong></span> <span class='ocrx_word' id='word_1_444' title='bbox 723 3613 778 3678; x_wconf 88' lang='lat' dir='ltr'><strong>hio</strong></span> <span class='ocrx_word' id='word_1_445' title='bbox 809 3619 960 3680; x_wconf 88' lang='lat' dir='ltr'><strong>censetur</strong></span> <span class='ocrx_word' id='word_1_446' title='bbox 992 3612 1103 3678; x_wconf 91' lang='lat' dir='ltr'><strong>omnia</strong></span> <span class='ocrx_word' id='word_1_447' title='bbox 1154 3635 1264 3680; x_wconf 91' lang='lat' dir='ltr'><strong>remus</strong></span> <span class='ocrx_word' id='word_1_448' title='bbox 1286 3621 1319 3680; x_wconf 91' lang='lat' dir='ltr'><strong>at</strong></span> <span class='ocrx_word' id='word_1_449' title='bbox 1340 3614 1402 3680; x_wconf 93' lang='lat' dir='ltr'><strong>sibi</strong></span> <span class='ocrx_word' id='word_1_450' title='bbox 1422 3615 1591 3699; x_wconf 87' lang='lat' dir='ltr'><strong>negotium</strong></span> <span class='ocrx_word' id='word_1_451' title='bbox 1617 3613 1856 3682; x_wconf 87' lang='lat' dir='ltr'><strong>exhiberemus.</strong></span> <span class='ocrx_word' id='word_1_452' title='bbox 1899 3617 2035 3700; x_wconf 80' lang='lat' dir='ltr'><strong>Accipio</strong></span> <span class='ocrx_word' id='word_1_453' title='bbox 2055 3617 2129 3684; x_wconf 90' lang='lat' dir='ltr'><strong>lite-</strong></span> 
     </span>
    </p>
   </div>
   <div class='ocr_carea' id='block_1_7' title="bbox 748 2530 959 2615">
    <p class='ocr_par' dir='ltr' id='par_1_10' title="bbox 748 2530 959 2615">
     <span class='ocr_line' id='line_1_38' title="bbox 748 2530 959 2615; baseline -0.009 -19"><span class='ocrx_word' id='word_1_454' title='bbox 748 2530 959 2615; x_wconf 86' lang='lat' dir='ltr'><strong>Argentinae.</strong></span> 
     </span>
    </p>
   </div>
   <div class='ocr_carea' id='block_1_8' title="bbox 125 3697 2130 3848">
    <p class='ocr_par' dir='ltr' id='par_1_11' title="bbox 125 3697 2130 3848">
     <span class='ocr_line' id='line_1_39' title="bbox 125 3697 2130 3848; baseline 0 -78"><span class='ocrx_word' id='word_1_455' title='bbox 125 3703 312 3788; x_wconf 83' lang='lat' dir='ltr'><strong>peregisse,</strong></span> <span class='ocrx_word' id='word_1_456' title='bbox 342 3699 398 3766; x_wconf 88' lang='lat' dir='ltr'><strong>alii</strong></span> <span class='ocrx_word' id='word_1_457' title='bbox 426 3701 511 3766; x_wconf 92' lang='lat' dir='ltr'><strong>nulli</strong></span> <span class='ocrx_word' id='word_1_458' title='bbox 533 3707 619 3765; x_wconf 85' lang='lat' dir='ltr'><strong>sunt</strong></span> <span class='ocrx_word' id='word_1_459' title='bbox 670 3699 766 3766; x_wconf 87' lang='lat' dir='ltr'><strong>Nosti</strong></span> <span class='ocrx_word' id='word_1_460' title='bbox 787 3697 849 3765; x_wconf 93' lang='lat' dir='ltr'><strong>boc</strong></span> <span class='ocrx_word' id='word_1_461' title='bbox 865 3719 975 3848; x_wconf 55' lang='lat' dir='ltr'><strong>genus</strong></span> <span class='ocrx_word' id='word_1_462' title='bbox 997 3698 1102 3764; x_wconf 90' lang='lat' dir='ltr'><strong>homi·</strong></span> <span class='ocrx_word' id='word_1_463' title='bbox 1154 3721 1208 3764; x_wconf 89' lang='lat' dir='ltr'><strong>ras</strong></span> <span class='ocrx_word' id='word_1_464' title='bbox 1236 3699 1278 3766; x_wconf 91' lang='lat' dir='ltr'><strong>de</strong></span> <span class='ocrx_word' id='word_1_465' title='bbox 1305 3699 1422 3783; x_wconf 91' lang='lat' dir='ltr'><strong>quibus</strong></span> <span class='ocrx_word' id='word_1_466' title='bbox 1451 3701 1535 3766; x_wconf 91' lang='lat' dir='ltr'><strong>nihil</strong></span> <span class='ocrx_word' id='word_1_467' title='bbox 1564 3699 1651 3766; x_wconf 87' lang='lat' dir='ltr'><strong>dico:</strong></span> <span class='ocrx_word' id='word_1_468' title='bbox 1681 3723 1723 3766; x_wconf 88' lang='lat' dir='ltr'><strong>ex</strong></span> <span class='ocrx_word' id='word_1_469' title='bbox 1746 3702 1961 3784; x_wconf 87' lang='lat' dir='ltr'><strong>responsione</strong></span> <span class='ocrx_word' id='word_1_470' title='bbox 1990 3711 2130 3786; x_wconf 85' lang='lat' dir='ltr'><strong>possunt</strong></span> 
     </span>
    </p>
   </div>
   <div class='ocr_carea' id='block_1_9' title="bbox 116 3782 2129 5418">
    <p class='ocr_par' dir='ltr' id='par_1_12' title="bbox 116 3782 2129 5338">
     <span class='ocr_line' id='line_1_40' title="bbox 124 3782 2129 3872; baseline 0 -16"><span class='ocrx_word' id='word_1_471' title='bbox 124 3811 203 3870; x_wconf 91' lang='lat' dir='ltr'><strong>nes,</strong></span> <span class='ocrx_word' id='word_1_472' title='bbox 232 3787 357 3872; x_wconf 87' lang='lat' dir='ltr'><strong>gloriae</strong></span> <span class='ocrx_word' id='word_1_473' title='bbox 384 3805 513 3864; x_wconf 89' lang='lat' dir='ltr'><strong>amans,</strong></span> <span class='ocrx_word' id='word_1_474' title='bbox 541 3805 640 3868; x_wconf 90' lang='lat' dir='ltr'><strong>quam</strong></span> <span class='ocrx_word' id='word_1_475' title='bbox 668 3791 839 3850; x_wconf 84' lang='lat' dir='ltr'><strong>moveatur</strong></span> <span class='ocrx_word' id='word_1_476' title='bbox 889 3805 944 3849; x_wconf 92' lang='lat' dir='ltr'><strong>um</strong></span> <span class='ocrx_word' id='word_1_477' title='bbox 972 3803 1040 3848; x_wconf 92' lang='lat' dir='ltr'><strong>non</strong></span> <span class='ocrx_word' id='word_1_478' title='bbox 1061 3782 1103 3848; x_wconf 88' lang='lat' dir='ltr'><strong>sd</strong></span> <span class='ocrx_word' id='word_1_479' title='bbox 1154 3784 1355 3870; x_wconf 85' lang='lat' dir='ltr'><strong>intelligere,</strong></span> <span class='ocrx_word' id='word_1_480' title='bbox 1383 3805 1425 3851; x_wconf 88' lang='lat' dir='ltr'><strong>an</strong></span> <span class='ocrx_word' id='word_1_481' title='bbox 1454 3787 1501 3852; x_wconf 92' lang='lat' dir='ltr'><strong>sic</strong></span> <span class='ocrx_word' id='word_1_482' title='bbox 1528 3807 1618 3850; x_wconf 88' lang='lat' dir='ltr'><strong>eram</strong></span> <span class='ocrx_word' id='word_1_483' title='bbox 1645 3784 1897 3852; x_wconf 85' lang='lat' dir='ltr'><strong>conveniendus.</strong></span> <span class='ocrx_word' id='word_1_484' title='bbox 1946 3789 2129 3857; x_wconf 84' lang='lat' dir='ltr'><strong>Arianismi</strong></span> 
     </span>
     <span class='ocr_line' id='line_1_41' title="bbox 125 3869 2128 3957; baseline 0 -15"><span class='ocrx_word' id='word_1_485' title='bbox 125 3873 239 3942; x_wconf 86' lang='lat' dir='ltr'><strong>sidera</strong></span> <span class='ocrx_word' id='word_1_486' title='bbox 261 3873 396 3951; x_wconf 87' lang='lat' dir='ltr'><strong>tollitur,</strong></span> <span class='ocrx_word' id='word_1_487' title='bbox 418 3871 490 3938; x_wconf 89' lang='lat' dir='ltr'><strong>aliis</strong></span> <span class='ocrx_word' id='word_1_488' title='bbox 511 3870 722 3954; x_wconf 87' lang='lat' dir='ltr'><strong>contemptis:</strong></span> <span class='ocrx_word' id='word_1_489' title='bbox 744 3869 830 3952; x_wconf 89' lang='lat' dir='ltr'><strong>quod</strong></span> <span class='ocrx_word' id='word_1_490' title='bbox 852 3869 940 3954; x_wconf 88' lang='lat' dir='ltr'><strong>apud</strong></span> <span class='ocrx_word' id='word_1_491' title='bbox 964 3869 1104 3935; x_wconf 74' lang='lat' dir='ltr'><strong>Virrium</strong></span> <span class='ocrx_word' id='word_1_492' title='bbox 1154 3870 1247 3936; x_wconf 88' lang='lat' dir='ltr'><strong>nulla</strong></span> <span class='ocrx_word' id='word_1_493' title='bbox 1272 3872 1371 3938; x_wconf 88' lang='lat' dir='ltr'><strong>fiebat</strong></span> <span class='ocrx_word' id='word_1_494' title='bbox 1391 3871 1530 3950; x_wconf 86' lang='lat' dir='ltr'><strong>mentio,</strong></span> <span class='ocrx_word' id='word_1_495' title='bbox 1559 3871 1617 3938; x_wconf 90' lang='lat' dir='ltr'><strong>sed</strong></span> <span class='ocrx_word' id='word_1_496' title='bbox 1638 3883 1744 3938; x_wconf 90' lang='lat' dir='ltr'><strong>metus</strong></span> <span class='ocrx_word' id='word_1_497' title='bbox 1766 3893 1863 3955; x_wconf 93' lang='lat' dir='ltr'><strong>quem</strong></span> <span class='ocrx_word' id='word_1_498' title='bbox 1885 3873 2047 3957; x_wconf 89' lang='lat' dir='ltr'><strong>putabant</strong></span> <span class='ocrx_word' id='word_1_499' title='bbox 2068 3897 2128 3942; x_wconf 85' lang='lat' dir='ltr'><strong>ex·</strong></span> 
     </span>
     <span class='ocr_line' id='line_1_42' title="bbox 124 3955 1811 4041; baseline -0.004 -14"><span class='ocrx_word' id='word_1_500' title='bbox 124 3983 195 4027; x_wconf 92' lang='lat' dir='ltr'><strong>non</strong></span> <span class='ocrx_word' id='word_1_501' title='bbox 217 3961 282 4024; x_wconf 87' lang='lat' dir='ltr'><strong>fuit</strong></span> <span class='ocrx_word' id='word_1_502' title='bbox 302 3957 553 4036; x_wconf 90' lang='lat' dir='ltr'><strong>dissimulatum,</strong></span> <span class='ocrx_word' id='word_1_503' title='bbox 576 3955 631 4022; x_wconf 92' lang='lat' dir='ltr'><strong>ubi</strong></span> <span class='ocrx_word' id='word_1_504' title='bbox 661 3955 799 4036; x_wconf 82' lang='lat' dir='ltr'><strong>Viretus,</strong></span> <span class='ocrx_word' id='word_1_505' title='bbox 827 3955 904 4021; x_wconf 92' lang='lat' dir='ltr'><strong>dnm</strong></span> <span class='ocrx_word' id='word_1_506' title='bbox 927 3968 1104 4039; x_wconf 78' lang='lat' dir='ltr'><strong>regnarent</strong></span> <span class='ocrx_word' id='word_1_507' title='bbox 1154 3956 1331 4036; x_wconf 85' lang='lat' dir='ltr'><strong>citandum,</strong></span> <span class='ocrx_word' id='word_1_508' title='bbox 1353 3979 1454 4041; x_wconf 89' lang='lat' dir='ltr'><strong>quum</strong></span> <span class='ocrx_word' id='word_1_509' title='bbox 1476 3957 1561 4023; x_wconf 92' lang='lat' dir='ltr'><strong>nihil</strong></span> <span class='ocrx_word' id='word_1_510' title='bbox 1583 3965 1670 4022; x_wconf 89' lang='lat' dir='ltr'><strong>esset</strong></span> <span class='ocrx_word' id='word_1_511' title='bbox 1690 3957 1811 4024; x_wconf 84' lang='lat' dir='ltr'><strong>falsius.</strong></span> 
     </span>
     <span class='ocr_line' id='line_1_43' title="bbox 124 4039 2128 4132; baseline 0 -20"><span class='ocrx_word' id='word_1_512' title='bbox 124 4045 300 4132; x_wconf 86' lang='lat' dir='ltr'><strong>pontificii,</strong></span> <span class='ocrx_word' id='word_1_513' title='bbox 320 4045 356 4110; x_wconf 85' lang='lat' dir='ltr'><strong>in</strong></span> <span class='ocrx_word' id='word_1_514' title='bbox 377 4043 557 4110; x_wconf 88' lang='lat' dir='ltr'><strong>maximum</strong></span> <span class='ocrx_word' id='word_1_515' title='bbox 575 4039 750 4108; x_wconf 91' lang='lat' dir='ltr'><strong>discrimen</strong></span> <span class='ocrx_word' id='word_1_516' title='bbox 767 4062 802 4106; x_wconf 90' lang='lat' dir='ltr'><strong>se</strong></span> <span class='ocrx_word' id='word_1_517' title='bbox 819 4042 993 4108; x_wconf 88' lang='lat' dir='ltr'><strong>coniecerit</strong></span> <span class='ocrx_word' id='word_1_518' title='bbox 1009 4061 1029 4106; x_wconf 91' lang='lat' dir='ltr'><strong>a</strong></span> <span class='ocrx_word' id='word_1_519' title='bbox 1046 4063 1103 4106; x_wconf 90' lang='lat' dir='ltr'><strong>ne·</strong></span> <span class='ocrx_word' id='word_1_520' title='bbox 1239 4041 1372 4110; x_wconf 88' lang='lat' dir='ltr'><strong>Interea</strong></span> <span class='ocrx_word' id='word_1_521' title='bbox 1393 4043 1564 4110; x_wconf 83' lang='lat' dir='ltr'><strong>Genavam</strong></span> <span class='ocrx_word' id='word_1_522' title='bbox 1591 4049 1718 4126; x_wconf 88' lang='lat' dir='ltr'><strong>repeto,</strong></span> <span class='ocrx_word' id='word_1_523' title='bbox 1746 4043 1802 4108; x_wconf 91' lang='lat' dir='ltr'><strong>ubi</strong></span> <span class='ocrx_word' id='word_1_524' title='bbox 1827 4039 2028 4130; x_wconf 60' lang='lat' dir='ltr'><strong>wencrest)</strong></span> <span class='ocrx_word' id='word_1_525' title='bbox 2056 4051 2128 4112; x_wconf 88' lang='lat' dir='ltr'><strong>erat</strong></span> 
     </span>
     <span class='ocr_line' id='line_1_44' title="bbox 123 4127 2128 4212; baseline -0 -14"><span class='ocrx_word' id='word_1_526' title='bbox 123 4135 220 4198; x_wconf 91' lang='lat' dir='ltr'><strong>mine</strong></span> <span class='ocrx_word' id='word_1_527' title='bbox 248 4140 397 4208; x_wconf 85' lang='lat' dir='ltr'><strong>vocatus,</strong></span> <span class='ocrx_word' id='word_1_528' title='bbox 427 4129 485 4195; x_wconf 91' lang='lat' dir='ltr'><strong>sed</strong></span> <span class='ocrx_word' id='word_1_529' title='bbox 506 4137 638 4211; x_wconf 90' lang='lat' dir='ltr'><strong>praeter</strong></span> <span class='ocrx_word' id='word_1_530' title='bbox 658 4148 764 4211; x_wconf 91' lang='lat' dir='ltr'><strong>spem,</strong></span> <span class='ocrx_word' id='word_1_531' title='bbox 792 4134 863 4192; x_wconf 89' lang='lat' dir='ltr'><strong>tum</strong></span> <span class='ocrx_word' id='word_1_532' title='bbox 893 4148 1002 4206; x_wconf 93' lang='lat' dir='ltr'><strong>suam,</strong></span> <span class='ocrx_word' id='word_1_533' title='bbox 1031 4134 1105 4194; x_wconf 91' lang='lat' dir='ltr'><strong>tum</strong></span> <span class='ocrx_word' id='word_1_534' title='bbox 1154 4129 1273 4194; x_wconf 89' lang='lat' dir='ltr'><strong>missus</strong></span> <span class='ocrx_word' id='word_1_535' title='bbox 1295 4150 1315 4194; x_wconf 92' lang='lat' dir='ltr'><strong>a</strong></span> <span class='ocrx_word' id='word_1_536' title='bbox 1335 4128 1492 4196; x_wconf 83' lang='lat' dir='ltr'><strong>fratribus</strong></span> <span class='ocrx_word' id='word_1_537' title='bbox 1513 4135 1552 4194; x_wconf 90' lang='lat' dir='ltr'><strong>ut</strong></span> <span class='ocrx_word' id='word_1_538' title='bbox 1571 4127 1741 4194; x_wconf 90' lang='lat' dir='ltr'><strong>nobiscum</strong></span> <span class='ocrx_word' id='word_1_539' title='bbox 1757 4129 1927 4208; x_wconf 80' lang='lat' dir='ltr'><strong>conferret,</strong></span> <span class='ocrx_word' id='word_1_540' title='bbox 1949 4149 2008 4212; x_wconf 89' lang='lat' dir='ltr'><strong>par</strong></span> <span class='ocrx_word' id='word_1_541' title='bbox 2028 4133 2128 4212; x_wconf 82' lang='lat' dir='ltr'><strong>qdem</strong></span> 
     </span>
     <span class='ocr_line' id='line_1_45' title="bbox 123 4211 2127 4299; baseline -0.002 -13"><span class='ocrx_word' id='word_1_542' title='bbox 123 4219 283 4293; x_wconf 72' lang='lat' dir='ltr'><strong>aliorum</strong></span> <span class='ocrx_word' id='word_1_543' title='bbox 305 4217 442 4282; x_wconf 83' lang='lat' dir='ltr'><strong>verbum</strong></span> <span class='ocrx_word' id='word_1_544' title='bbox 459 4215 575 4298; x_wconf 92' lang='lat' dir='ltr'><strong>incipit</strong></span> <span class='ocrx_word' id='word_1_545' title='bbox 597 4211 795 4280; x_wconf 87' lang='lat' dir='ltr'><strong>adnunciare</strong></span> <span class='ocrx_word' id='word_1_546' title='bbox 812 4213 847 4278; x_wconf 93' lang='lat' dir='ltr'><strong>in</strong></span> <span class='ocrx_word' id='word_1_547' title='bbox 865 4234 994 4278; x_wconf 86' lang='lat' dir='ltr'><strong>summa</strong></span> <span class='ocrx_word' id='word_1_548' title='bbox 1010 4234 1102 4297; x_wconf 86' lang='lat' dir='ltr'><strong>eges-</strong></span> <span class='ocrx_word' id='word_1_549' title='bbox 1154 4215 1295 4298; x_wconf 89' lang='lat' dir='ltr'><strong>suspicio</strong></span> <span class='ocrx_word' id='word_1_550' title='bbox 1317 4217 1417 4281; x_wconf 88' lang='lat' dir='ltr'><strong>etiam</strong></span> <span class='ocrx_word' id='word_1_551' title='bbox 1438 4215 1502 4298; x_wconf 89' lang='lat' dir='ltr'><strong>piis</strong></span> <span class='ocrx_word' id='word_1_552' title='bbox 1524 4215 1751 4299; x_wconf 82' lang='lat' dir='ltr'><strong>generabatur,</strong></span> <span class='ocrx_word' id='word_1_553' title='bbox 1780 4211 1867 4296; x_wconf 91' lang='lat' dir='ltr'><strong>quod</strong></span> <span class='ocrx_word' id='word_1_554' title='bbox 1889 4235 1955 4280; x_wconf 90' lang='lat' dir='ltr'><strong>non</strong></span> <span class='ocrx_word' id='word_1_555' title='bbox 1976 4223 2063 4281; x_wconf 87' lang='lat' dir='ltr'><strong>recte</strong></span> <span class='ocrx_word' id='word_1_556' title='bbox 2086 4215 2127 4284; x_wconf 92' lang='lat' dir='ltr'><strong>de</strong></span> 
     </span>
     <span class='ocr_line' id='line_1_46' title="bbox 123 4297 2126 4384; baseline -0.001 -13"><span class='ocrx_word' id='word_1_557' title='bbox 123 4311 207 4371; x_wconf 88' lang='lat' dir='ltr'><strong>tate.</strong></span> <span class='ocrx_word' id='word_1_558' title='bbox 253 4301 341 4369; x_wconf 85' lang='lat' dir='ltr'><strong>Nam</strong></span> <span class='ocrx_word' id='word_1_559' title='bbox 358 4302 413 4384; x_wconf 95' lang='lat' dir='ltr'><strong>qui</strong></span> <span class='ocrx_word' id='word_1_560' title='bbox 430 4299 538 4368; x_wconf 90' lang='lat' dir='ltr'><strong>cibum</strong></span> <span class='ocrx_word' id='word_1_561' title='bbox 556 4301 710 4384; x_wconf 88' lang='lat' dir='ltr'><strong>praebere</strong></span> <span class='ocrx_word' id='word_1_562' title='bbox 732 4297 878 4378; x_wconf 89' lang='lat' dir='ltr'><strong>debehat,</strong></span> <span class='ocrx_word' id='word_1_563' title='bbox 897 4298 1028 4382; x_wconf 87' lang='lat' dir='ltr'><strong>saepius</strong></span> <span class='ocrx_word' id='word_1_564' title='bbox 1046 4297 1102 4366; x_wconf 93' lang='lat' dir='ltr'><strong>do·</strong></span> <span class='ocrx_word' id='word_1_565' title='bbox 1155 4299 1287 4368; x_wconf 88' lang='lat' dir='ltr'><strong>Christo</strong></span> <span class='ocrx_word' id='word_1_566' title='bbox 1309 4302 1514 4367; x_wconf 87' lang='lat' dir='ltr'><strong>sentiremus.</strong></span> <span class='ocrx_word' id='word_1_567' title='bbox 1550 4301 1669 4366; x_wconf 90' lang='lat' dir='ltr'><strong>Paucis</strong></span> <span class='ocrx_word' id='word_1_568' title='bbox 1691 4299 1898 4376; x_wconf 90' lang='lat' dir='ltr'><strong>contulimus,</strong></span> <span class='ocrx_word' id='word_1_569' title='bbox 1922 4307 1991 4366; x_wconf 91' lang='lat' dir='ltr'><strong>tam</strong></span> <span class='ocrx_word' id='word_1_570' title='bbox 2013 4311 2126 4384; x_wconf 84' lang='lat' dir='ltr'><strong>aperte</strong></span> 
     </span>
     <span class='ocr_line' id='line_1_47' title="bbox 121 4383 2126 4470; baseline -0.003 -12"><span class='ocrx_word' id='word_1_571' title='bbox 121 4410 221 4458; x_wconf 89' lang='lat' dir='ltr'><strong>mum</strong></span> <span class='ocrx_word' id='word_1_572' title='bbox 235 4387 413 4466; x_wconf 87' lang='lat' dir='ltr'><strong>deserebat,</strong></span> <span class='ocrx_word' id='word_1_573' title='bbox 432 4393 465 4452; x_wconf 88' lang='lat' dir='ltr'><strong>et</strong></span> <span class='ocrx_word' id='word_1_574' title='bbox 481 4388 557 4470; x_wconf 89' lang='lat' dir='ltr'><strong>p&#39;ost</strong></span> <span class='ocrx_word' id='word_1_575' title='bbox 574 4385 701 4452; x_wconf 87' lang='lat' dir='ltr'><strong>labores</strong></span> <span class='ocrx_word' id='word_1_576' title='bbox 720 4385 845 4456; x_wconf 80' lang='lat' dir='ltr'><strong>Virctcs</strong></span> <span class='ocrx_word' id='word_1_577' title='bbox 863 4385 972 4450; x_wconf 90' lang='lat' dir='ltr'><strong>cibum</strong></span> <span class='ocrx_word' id='word_1_578' title='bbox 990 4405 1103 4468; x_wconf 90' lang='lat' dir='ltr'><strong>sump-</strong></span> <span class='ocrx_word' id='word_1_579' title='bbox 1153 4386 1336 4454; x_wconf 87' lang='lat' dir='ltr'><strong>indicantes</strong></span> <span class='ocrx_word' id='word_1_580' title='bbox 1378 4406 1456 4452; x_wconf 89' lang='lat' dir='ltr'><strong>uam</strong></span> <span class='ocrx_word' id='word_1_581' title='bbox 1477 4393 1611 4463; x_wconf 90' lang='lat' dir='ltr'><strong>erraret,</strong></span> <span class='ocrx_word' id='word_1_582' title='bbox 1639 4383 1777 4468; x_wconf 88' lang='lat' dir='ltr'><strong>utquid</strong></span> <span class='ocrx_word' id='word_1_583' title='bbox 1798 4383 2126 4470; x_wconf 88' lang='lat' dir='ltr'><strong>responderetpror·</strong></span> 
     </span>
     <span class='ocr_line' id='line_1_48' title="bbox 122 4407 2126 4551; baseline -0.002 -9"><span class='ocrx_word' id='word_1_584' title='bbox 122 4483 227 4542; x_wconf 88' lang='lat' dir='ltr'><strong>turus</strong></span> <span class='ocrx_word' id='word_1_585' title='bbox 257 4475 421 4539; x_wconf 90' lang='lat' dir='ltr'><strong>neminem</strong></span> <span class='ocrx_word' id='word_1_586' title='bbox 449 4470 648 4551; x_wconf 85' lang='lat' dir='ltr'><strong>offendebat,</strong></span> <span class='ocrx_word' id='word_1_587' title='bbox 674 4481 707 4536; x_wconf 87' lang='lat' dir='ltr'><strong>et</strong></span> <span class='ocrx_word' id='word_1_588' title='bbox 734 4470 798 4536; x_wconf 89' lang='lat' dir='ltr'><strong>nisi</strong></span> <span class='ocrx_word' id='word_1_589' title='bbox 823 4469 986 4536; x_wconf 92' lang='lat' dir='ltr'><strong>Dominus</strong></span> <span class='ocrx_word' id='word_1_590' title='bbox 1015 4471 1102 4536; x_wconf 87' lang='lat' dir='ltr'><strong>exci-</strong></span> <span class='ocrx_word' id='word_1_591' title='bbox 1155 4493 1211 4539; x_wconf 92' lang='lat' dir='ltr'><strong>sue</strong></span> <span class='ocrx_word' id='word_1_592' title='bbox 1233 4493 1300 4538; x_wconf 91' lang='lat' dir='ltr'><strong>non</strong></span> <span class='ocrx_word' id='word_1_593' title='bbox 1324 4407 1466 4538; x_wconf 68' lang='lat' dir='ltr'><strong>luderet</strong></span> <span class='ocrx_word' id='word_1_594' title='bbox 1510 4473 1655 4538; x_wconf 72' lang='lat' dir='ltr'><strong>Tantum</strong></span> <span class='ocrx_word' id='word_1_595' title='bbox 1677 4470 1834 4536; x_wconf 84' lang='lat' dir='ltr'><strong>afferebat</strong></span> <span class='ocrx_word' id='word_1_596' title='bbox 1853 4471 1925 4537; x_wconf 90' lang='lat' dir='ltr'><strong>loca</strong></span> <span class='ocrx_word' id='word_1_597' title='bbox 1946 4469 1986 4536; x_wconf 91' lang='lat' dir='ltr'><strong>de</strong></span> <span class='ocrx_word' id='word_1_598' title='bbox 2008 4471 2126 4538; x_wconf 88' lang='lat' dir='ltr'><strong>huma-</strong></span> 
     </span>
     <span class='ocr_line' id='line_1_49' title="bbox 120 4555 2125 4643; baseline -0.002 -15"><span class='ocrx_word' id='word_1_599' title='bbox 120 4567 235 4629; x_wconf 87' lang='lat' dir='ltr'><strong>tasset</strong></span> <span class='ocrx_word' id='word_1_600' title='bbox 255 4559 396 4643; x_wconf 84' lang='lat' dir='ltr'><strong>aliquem</strong></span> <span class='ocrx_word' id='word_1_601' title='bbox 417 4558 540 4624; x_wconf 91' lang='lat' dir='ltr'><strong>bonum</strong></span> <span class='ocrx_word' id='word_1_602' title='bbox 559 4557 671 4622; x_wconf 84' lang='lat' dir='ltr'><strong>virum</strong></span> <span class='ocrx_word' id='word_1_603' title='bbox 682 4555 808 4623; x_wconf 91' lang='lat' dir='ltr'><strong>Christi</strong></span> <span class='ocrx_word' id='word_1_604' title='bbox 828 4564 1003 4634; x_wconf 84' lang='lat' dir='ltr'><strong>amantem,</strong></span> <span class='ocrx_word' id='word_1_605' title='bbox 1025 4577 1103 4640; x_wconf 90' lang='lat' dir='ltr'><strong>quo·</strong></span> <span class='ocrx_word' id='word_1_606' title='bbox 1153 4558 1268 4624; x_wconf 85' lang='lat' dir='ltr'><strong>nitate.</strong></span> <span class='ocrx_word' id='word_1_607' title='bbox 1310 4557 1386 4624; x_wconf 89' lang='lat' dir='ltr'><strong>Non</strong></span> <span class='ocrx_word' id='word_1_608' title='bbox 1407 4565 1535 4641; x_wconf 87' lang='lat' dir='ltr'><strong>poterat</strong></span> <span class='ocrx_word' id='word_1_609' title='bbox 1555 4559 1684 4642; x_wconf 86' lang='lat' dir='ltr'><strong>assequi</strong></span> <span class='ocrx_word' id='word_1_610' title='bbox 1705 4555 1815 4623; x_wconf 89' lang='lat' dir='ltr'><strong>Deum</strong></span> <span class='ocrx_word' id='word_1_611' title='bbox 1841 4557 1876 4622; x_wconf 93' lang='lat' dir='ltr'><strong>in</strong></span> <span class='ocrx_word' id='word_1_612' title='bbox 1898 4576 1996 4624; x_wconf 89' lang='lat' dir='ltr'><strong>carne</strong></span> <span class='ocrx_word' id='word_1_613' title='bbox 2019 4558 2125 4624; x_wconf 91' lang='lat' dir='ltr'><strong>mani·</strong></span> 
     </span>
     <span class='ocr_line' id='line_1_50' title="bbox 119 4641 2125 4727; baseline -0 -14"><span class='ocrx_word' id='word_1_614' title='bbox 119 4649 190 4714; x_wconf 88' lang='lat' dir='ltr'><strong>ties</strong></span> <span class='ocrx_word' id='word_1_615' title='bbox 212 4645 402 4712; x_wconf 85' lang='lat' dir='ltr'><strong>feriandum</strong></span> <span class='ocrx_word' id='word_1_616' title='bbox 423 4643 539 4710; x_wconf 81' lang='lat' dir='ltr'><strong>fuisset</strong></span> <span class='ocrx_word' id='word_1_617' title='bbox 559 4642 681 4723; x_wconf 86' lang='lat' dir='ltr'><strong>ventri,</strong></span> <span class='ocrx_word' id='word_1_618' title='bbox 711 4649 750 4708; x_wconf 92' lang='lat' dir='ltr'><strong>ut</strong></span> <span class='ocrx_word' id='word_1_619' title='bbox 769 4650 896 4708; x_wconf 86' lang='lat' dir='ltr'><strong>taceam</strong></span> <span class='ocrx_word' id='word_1_620' title='bbox 918 4663 937 4706; x_wconf 93' lang='lat' dir='ltr'><strong>o</strong></span> <span class='ocrx_word' id='word_1_621' title='bbox 962 4643 1105 4708; x_wconf 86' lang='lat' dir='ltr'><strong>ortuisse</strong></span> <span class='ocrx_word' id='word_1_622' title='bbox 1152 4645 1322 4722; x_wconf 76' lang='lat' dir='ltr'><strong>testatum,</strong></span> <span class='ocrx_word' id='word_1_623' title='bbox 1352 4643 1489 4710; x_wconf 85' lang='lat' dir='ltr'><strong>verbum</strong></span> <span class='ocrx_word' id='word_1_624' title='bbox 1510 4663 1643 4710; x_wconf 86' lang='lat' dir='ltr'><strong>carnem</strong></span> <span class='ocrx_word' id='word_1_625' title='bbox 1664 4641 1802 4722; x_wconf 85' lang='lat' dir='ltr'><strong>lactum,</strong></span> <span class='ocrx_word' id='word_1_626' title='bbox 1834 4641 1892 4709; x_wconf 90' lang='lat' dir='ltr'><strong>sed</strong></span> <span class='ocrx_word' id='word_1_627' title='bbox 1918 4641 2057 4727; x_wconf 88' lang='lat' dir='ltr'><strong>putabet</strong></span> <span class='ocrx_word' id='word_1_628' title='bbox 2078 4643 2125 4712; x_wconf 86' lang='lat' dir='ltr'><strong>ita</strong></span> 
     </span>
     <span class='ocr_line' id='line_1_51' title="bbox 120 4663 2124 4819; baseline -0.004 -17"><span class='ocrx_word' id='word_1_629' title='bbox 120 4734 290 4819; x_wconf 84' lang='lat' dir='ltr'><strong>capitium</strong></span> <span class='ocrx_word' id='word_1_630' title='bbox 311 4729 454 4798; x_wconf 87' lang='lat' dir='ltr'><strong>vendere</strong></span> <span class='ocrx_word' id='word_1_631' title='bbox 474 4749 555 4813; x_wconf 85' lang='lat' dir='ltr'><strong>prae</strong></span> <span class='ocrx_word' id='word_1_632' title='bbox 575 4735 728 4814; x_wconf 87' lang='lat' dir='ltr'><strong>egestate.</strong></span> <span class='ocrx_word' id='word_1_633' title='bbox 766 4727 832 4792; x_wconf 88' lang='lat' dir='ltr'><strong>Hie</strong></span> <span class='ocrx_word' id='word_1_634' title='bbox 853 4727 909 4793; x_wconf 89' lang='lat' dir='ltr'><strong>alii</strong></span> <span class='ocrx_word' id='word_1_635' title='bbox 931 4663 1046 4794; x_wconf 82' lang='lat' dir='ltr'><strong>dicunt</strong></span> <span class='ocrx_word' id='word_1_636' title='bbox 1066 4749 1101 4794; x_wconf 91' lang='lat' dir='ltr'><strong>se</strong></span> <span class='ocrx_word' id='word_1_637' title='bbox 1153 4750 1286 4796; x_wconf 85' lang='lat' dir='ltr'><strong>carnem</strong></span> <span class='ocrx_word' id='word_1_638' title='bbox 1303 4731 1424 4796; x_wconf 81' lang='lat' dir='ltr'><strong>lactum</strong></span> <span class='ocrx_word' id='word_1_639' title='bbox 1441 4738 1478 4794; x_wconf 90' lang='lat' dir='ltr'><strong>ut</strong></span> <span class='ocrx_word' id='word_1_640' title='bbox 1498 4729 1636 4794; x_wconf 88' lang='lat' dir='ltr'><strong>verbum</strong></span> <span class='ocrx_word' id='word_1_641' title='bbox 1652 4749 1721 4794; x_wconf 93' lang='lat' dir='ltr'><strong>non</strong></span> <span class='ocrx_word' id='word_1_642' title='bbox 1737 4727 1879 4812; x_wconf 89' lang='lat' dir='ltr'><strong>amplius</strong></span> <span class='ocrx_word' id='word_1_643' title='bbox 1896 4737 1990 4795; x_wconf 82' lang='lat' dir='ltr'><strong>esset</strong></span> <span class='ocrx_word' id='word_1_644' title='bbox 2026 4727 2124 4794; x_wconf 89' lang='lat' dir='ltr'><strong>Dixi·</strong></span> 
     </span>
     <span class='ocr_line' id='line_1_52' title="bbox 119 4811 2124 4899; baseline -0.005 -11"><span class='ocrx_word' id='word_1_645' title='bbox 119 4841 193 4888; x_wconf 92' lang='lat' dir='ltr'><strong>non</strong></span> <span class='ocrx_word' id='word_1_646' title='bbox 218 4817 351 4884; x_wconf 78' lang='lat' dir='ltr'><strong>venisse</strong></span> <span class='ocrx_word' id='word_1_647' title='bbox 371 4817 435 4884; x_wconf 91' lang='lat' dir='ltr'><strong>nisi</strong></span> <span class='ocrx_word' id='word_1_648' title='bbox 457 4823 587 4882; x_wconf 82' lang='lat' dir='ltr'><strong>vocatos</strong></span> <span class='ocrx_word' id='word_1_649' title='bbox 612 4825 647 4880; x_wconf 89' lang='lat' dir='ltr'><strong>et</strong></span> <span class='ocrx_word' id='word_1_650' title='bbox 672 4820 803 4898; x_wconf 87' lang='lat' dir='ltr'><strong>rogatos</strong></span> <span class='ocrx_word' id='word_1_651' title='bbox 831 4812 1015 4880; x_wconf 91' lang='lat' dir='ltr'><strong>conditione</strong></span> <span class='ocrx_word' id='word_1_652' title='bbox 1041 4811 1100 4878; x_wconf 94' lang='lat' dir='ltr'><strong>ho-</strong></span> <span class='ocrx_word' id='word_1_653' title='bbox 1152 4836 1226 4880; x_wconf 91' lang='lat' dir='ltr'><strong>mue</strong></span> <span class='ocrx_word' id='word_1_654' title='bbox 1248 4834 1394 4882; x_wconf 79' lang='lat' dir='ltr'><strong>noanon</strong></span> <span class='ocrx_word' id='word_1_655' title='bbox 1415 4835 1509 4899; x_wconf 91' lang='lat' dir='ltr'><strong>posse</strong></span> <span class='ocrx_word' id='word_1_656' title='bbox 1532 4835 1608 4880; x_wconf 92' lang='lat' dir='ltr'><strong>eum</strong></span> <span class='ocrx_word' id='word_1_657' title='bbox 1629 4814 1764 4880; x_wconf 85' lang='lat' dir='ltr'><strong>fratrem</strong></span> <span class='ocrx_word' id='word_1_658' title='bbox 1785 4813 1922 4892; x_wconf 87' lang='lat' dir='ltr'><strong>habere,</strong></span> <span class='ocrx_word' id='word_1_659' title='bbox 1952 4811 2010 4878; x_wconf 89' lang='lat' dir='ltr'><strong>sed</strong></span> <span class='ocrx_word' id='word_1_660' title='bbox 2030 4833 2124 4898; x_wconf 89' lang='lat' dir='ltr'><strong>pror-</strong></span> 
     </span>
     <span class='ocr_line' id='line_1_53' title="bbox 118 4899 2124 4986; baseline -0.004 -11"><span class='ocrx_word' id='word_1_661' title='bbox 118 4913 235 4984; x_wconf 87' lang='lat' dir='ltr'><strong>nesta,</strong></span> <span class='ocrx_word' id='word_1_662' title='bbox 258 4902 353 4968; x_wconf 91' lang='lat' dir='ltr'><strong>domo</strong></span> <span class='ocrx_word' id='word_1_663' title='bbox 373 4903 471 4968; x_wconf 89' lang='lat' dir='ltr'><strong>etiam</strong></span> <span class='ocrx_word' id='word_1_664' title='bbox 489 4901 612 4986; x_wconf 89' lang='lat' dir='ltr'><strong>insigni</strong></span> <span class='ocrx_word' id='word_1_665' title='bbox 628 4900 802 4984; x_wconf 87' lang='lat' dir='ltr'><strong>proposita,</strong></span> <span class='ocrx_word' id='word_1_666' title='bbox 824 4899 906 4982; x_wconf 78' lang='lat' dir='ltr'><strong>quaa</strong></span> <span class='ocrx_word' id='word_1_667' title='bbox 922 4899 1047 4965; x_wconf 86' lang='lat' dir='ltr'><strong>faciunt</strong></span> <span class='ocrx_word' id='word_1_668' title='bbox 1063 4905 1102 4964; x_wconf 89' lang='lat' dir='ltr'><strong>ut</strong></span> <span class='ocrx_word' id='word_1_669' title='bbox 1144 4923 1208 4968; x_wconf 87' lang='lat' dir='ltr'><strong>-sus</strong></span> <span class='ocrx_word' id='word_1_670' title='bbox 1231 4901 1375 4966; x_wconf 90' lang='lat' dir='ltr'><strong>alienum</strong></span> <span class='ocrx_word' id='word_1_671' title='bbox 1401 4921 1421 4966; x_wconf 91' lang='lat' dir='ltr'><strong>a</strong></span> <span class='ocrx_word' id='word_1_672' title='bbox 1447 4901 1541 4967; x_wconf 93' lang='lat' dir='ltr'><strong>nobis</strong></span> <span class='ocrx_word' id='word_1_673' title='bbox 1568 4899 1701 4980; x_wconf 89' lang='lat' dir='ltr'><strong>ducere,</strong></span> <span class='ocrx_word' id='word_1_674' title='bbox 1728 4901 1884 4985; x_wconf 90' lang='lat' dir='ltr'><strong>quamdiu</strong></span> <span class='ocrx_word' id='word_1_675' title='bbox 1909 4899 1945 4966; x_wconf 92' lang='lat' dir='ltr'><strong>in</strong></span> <span class='ocrx_word' id='word_1_676' title='bbox 1972 4919 2011 4964; x_wconf 92' lang='lat' dir='ltr'><strong>ea</strong></span> <span class='ocrx_word' id='word_1_677' title='bbox 2036 4905 2124 4968; x_wconf 87' lang='lat' dir='ltr'><strong>esset</strong></span> 
     </span>
     <span class='ocr_line' id='line_1_54' title="bbox 118 4984 1099 5067; baseline -0.01 -7"><span class='ocrx_word' id='word_1_678' title='bbox 118 4989 352 5060; x_wconf 83' lang='lat' dir='ltr'><strong>ministerium</strong></span> <span class='ocrx_word' id='word_1_679' title='bbox 385 5009 451 5054; x_wconf 91' lang='lat' dir='ltr'><strong>non</strong></span> <span class='ocrx_word' id='word_1_680' title='bbox 486 4985 634 5066; x_wconf 64' lang='lat' dir='ltr'><strong>silescat,</strong></span> <span class='ocrx_word' id='word_1_681' title='bbox 673 4995 712 5052; x_wconf 91' lang='lat' dir='ltr'><strong>ut</strong></span> <span class='ocrx_word' id='word_1_682' title='bbox 743 4984 895 5050; x_wconf 92' lang='lat' dir='ltr'><strong>nonnulli</strong></span> <span class='ocrx_word' id='word_1_683' title='bbox 925 5005 1005 5067; x_wconf 90' lang='lat' dir='ltr'><strong>quos</strong></span> <span class='ocrx_word' id='word_1_684' title='bbox 1033 4985 1099 5050; x_wconf 90' lang='lat' dir='ltr'><strong>iam</strong></span> 
     </span>
     <span class='ocr_line' id='line_1_55' title="bbox 118 5067 2071 5186; baseline -0.01 -41"><span class='ocrx_word' id='word_1_685' title='bbox 118 5076 258 5148; x_wconf 80' lang='lat' dir='ltr'><strong>fastidit</strong></span> <span class='ocrx_word' id='word_1_686' title='bbox 285 5074 372 5140; x_wconf 90' lang='lat' dir='ltr'><strong>orbis</strong></span> <span class='ocrx_word' id='word_1_687' title='bbox 399 5082 432 5140; x_wconf 91' lang='lat' dir='ltr'><strong>et</strong></span> <span class='ocrx_word' id='word_1_688' title='bbox 463 5093 576 5138; x_wconf 88' lang='lat' dir='ltr'><strong>eorum</strong></span> <span class='ocrx_word' id='word_1_689' title='bbox 598 5072 777 5138; x_wconf 89' lang='lat' dir='ltr'><strong>conciones.</strong></span> <span class='ocrx_word' id='word_1_690' title='bbox 827 5067 884 5136; x_wconf 83' lang='lat' dir='ltr'><strong>Sic</strong></span> <span class='ocrx_word' id='word_1_691' title='bbox 905 5069 1032 5136; x_wconf 89' lang='lat' dir='ltr'><strong>labores</strong></span> <span class='ocrx_word' id='word_1_692' title='bbox 1054 5070 1101 5154; x_wconf 91' lang='lat' dir='ltr'><strong>pii</strong></span> <span class='ocrx_word' id='word_1_693' title='bbox 1190 5119 1229 5186; x_wconf 66' lang='lat'><strong>59</strong></span> <span class='ocrx_word' id='word_1_694' title='bbox 1258 5121 1288 5186; x_wconf 58' lang='lat'><strong>¹)</strong></span> <span class='ocrx_word' id='word_1_695' title='bbox 1308 5121 1406 5184; x_wconf 57' lang='lat' dir='ltr'><strong>pm</strong></span> <span class='ocrx_word' id='word_1_696' title='bbox 1425 5117 1548 5177; x_wconf 52' lang='lat' dir='ltr'><strong>cmm,</strong></span> <span class='ocrx_word' id='word_1_697' title='bbox 2068 5155 2071 5165; x_wconf 26' lang='grc' dir='ltr'>Ι</span> 
     </span>
     <span class='ocr_line' id='line_1_56' title="bbox 116 5155 2124 5260; baseline 0.007 -30"><span class='ocrx_word' id='word_1_698' title='bbox 116 5163 243 5234; x_wconf 70' lang='lat' dir='ltr'><strong>hstris</strong></span> <span class='ocrx_word' id='word_1_699' title='bbox 269 5181 348 5227; x_wconf 85' lang='lat' dir='ltr'><strong>vere</strong></span> <span class='ocrx_word' id='word_1_700' title='bbox 373 5158 541 5244; x_wconf 87' lang='lat' dir='ltr'><strong>apostolici</strong></span> <span class='ocrx_word' id='word_1_701' title='bbox 573 5159 623 5259; x_wconf 81' lang='lat' dir='ltr'><strong>ab</strong></span> <span class='ocrx_word' id='word_1_702' title='bbox 641 5158 800 5260; x_wconf 73' lang='lat' dir='ltr'><strong>epestatie</strong></span> <span class='ocrx_word' id='word_1_703' title='bbox 825 5155 988 5234; x_wconf 88' lang='lat' dir='ltr'><strong>ridentur,</strong></span> <span class='ocrx_word' id='word_1_704' title='bbox 1017 5157 1099 5222; x_wconf 92' lang='lat' dir='ltr'><strong>etsi</strong></span> <span class='ocrx_word' id='word_1_705' title='bbox 1231 5165 1284 5256; x_wconf 66' lang='lat'><strong>‘23</strong></span> <span class='ocrx_word' id='word_1_706' title='bbox 1303 5189 1348 5246; x_wconf 59' lang='grc' dir='ltr'><strong>ῃ,</strong></span> <span class='ocrx_word' id='word_1_707' title='bbox 1366 5187 1478 5246; x_wconf 56' lang='lat' dir='ltr'><strong>ormi,-</strong></span> <span class='ocrx_word' id='word_1_708' title='bbox 1495 5162 1621 5246; x_wconf 65' lang='lat' dir='ltr'><strong>achaudi</strong></span> <span class='ocrx_word' id='word_1_709' title='bbox 1641 5185 1984 5256; x_wconf 63' lang='grc' dir='ltr'>ηηιῑιήηῑωήαζᾱοωιιαι·</span> <span class='ocrx_word' id='word_1_710' title='bbox 2001 5187 2124 5258; x_wconf 72' lang='lat' dir='ltr'><strong>formula</strong></span> 
     </span>
     <span class='ocr_line' id='line_1_57' title="bbox 118 5245 1957 5338; baseline -0.001 -22"><span class='ocrx_word' id='word_1_711' title='bbox 118 5249 207 5338; x_wconf 92' lang='lat' dir='ltr'><strong>quid</strong></span> <span class='ocrx_word' id='word_1_712' title='bbox 224 5245 383 5332; x_wconf 87' lang='lat' dir='ltr'><strong>probetur</strong></span> <span class='ocrx_word' id='word_1_713' title='bbox 399 5267 458 5329; x_wconf 89' lang='lat' dir='ltr'><strong>per</strong></span> <span class='ocrx_word' id='word_1_714' title='bbox 473 5245 575 5311; x_wconf 91' lang='lat' dir='ltr'><strong>bonos</strong></span> <span class='ocrx_word' id='word_1_715' title='bbox 590 5263 680 5312; x_wconf 78' lang='lat' dir='ltr'><strong>viros</strong></span> <span class='ocrx_word' id='word_1_716' title='bbox 696 5249 874 5322; x_wconf 83' lang='lat' dir='ltr'><strong>insamunt,</strong></span> <span class='ocrx_word' id='word_1_717' title='bbox 897 5249 930 5308; x_wconf 90' lang='lat' dir='ltr'><strong>et</strong></span> <span class='ocrx_word' id='word_1_718' title='bbox 946 5261 1011 5326; x_wconf 92' lang='lat' dir='ltr'><strong>qua</strong></span> <span class='ocrx_word' id='word_1_719' title='bbox 1026 5261 1100 5326; x_wconf 92' lang='lat' dir='ltr'><strong>pos-</strong></span> <span class='ocrx_word' id='word_1_720' title='bbox 1145 5259 1185 5327; x_wconf 31' lang='lat' dir='ltr'><strong>ses.</strong></span> <span class='ocrx_word' id='word_1_721' title='bbox 1210 5257 1339 5316; x_wconf 73' lang='lat' dir='ltr'><strong>Trectses</strong></span> <span class='ocrx_word' id='word_1_722' title='bbox 1358 5257 1383 5314; x_wconf 89' lang='lat'><strong>1.</strong></span> <span class='ocrx_word' id='word_1_723' title='bbox 1398 5276 1427 5331; x_wconf 79' lang='lat' dir='ltr'><strong>p.</strong></span> <span class='ocrx_word' id='word_1_724' title='bbox 1444 5258 1478 5314; x_wconf 78' lang='lat' dir='ltr'><strong>tt</strong></span> <span class='ocrx_word' id='word_1_725' title='bbox 1496 5266 1521 5316; x_wconf 79' lang='lat' dir='ltr'><strong>er</strong></span> <span class='ocrx_word' id='word_1_726' title='bbox 1538 5259 1616 5328; x_wconf 72' lang='lat' dir='ltr'><strong>infra</strong></span> <span class='ocrx_word' id='word_1_727' title='bbox 1634 5257 1784 5332; x_wconf 68' lang='grc' dir='ltr'>Μφιιᾱη·</span> <span class='ocrx_word' id='word_1_728' title='bbox 1799 5273 1839 5328; x_wconf 76' lang='lat' dir='ltr'><strong>ep.</strong></span> <span class='ocrx_word' id='word_1_729' title='bbox 1858 5256 1895 5312; x_wconf 82' lang='lat' dir='ltr'><strong>N.</strong></span> <span class='ocrx_word' id='word_1_730' title='bbox 1914 5255 1957 5312; x_wconf 88' lang='grc'><strong>61.</strong></span> 
     </span>
    </p>

    <p class='ocr_par' dir='ltr' id='par_1_13' title="bbox 237 5339 1917 5418">
     <span class='ocr_line' id='line_1_58' title="bbox 237 5339 1917 5418; baseline -0.014 -12"><span class='ocrx_word' id='word_1_731' title='bbox 237 5347 348 5406; x_wconf 64' lang='lat' dir='ltr'><strong>west</strong></span> <span class='ocrx_word' id='word_1_732' title='bbox 362 5363 452 5418; x_wconf 82' lang='lat' dir='ltr'><strong>opero.</strong></span> <span class='ocrx_word' id='word_1_733' title='bbox 486 5347 542 5404; x_wconf 73' lang='lat' dir='ltr'><strong>aot</strong></span> <span class='ocrx_word' id='word_1_734' title='bbox 560 5346 595 5403; x_wconf 84' lang='lat' dir='ltr'><strong>X.</strong></span> <span class='ocrx_word' id='word_1_735' title='bbox 621 5345 655 5400; x_wconf 79' lang='lat' dir='ltr'><strong>P.</strong></span> <span class='ocrx_word' id='word_1_736' title='bbox 676 5344 720 5400; x_wconf 87' lang='lat'><strong>11.</strong></span> <span class='ocrx_word' id='word_1_737' title='bbox 1900 5339 1917 5394; x_wconf 75' lang='lat'><strong>7</strong></span> 
     </span>
    </p>
   </div>
   <div class='ocr_carea' id='block_1_10' title="bbox 0 0 2396 6010">
    <p class='ocr_par' dir='ltr' id='par_1_14' title="bbox 0 0 2396 6010">
     <span class='ocr_line' id='line_1_59' title="bbox 0 0 2396 6010; baseline 0 2"><span class='ocrx_word' id='word_1_738' title='bbox 0 0 2396 6010; x_wconf 95' lang='lat' dir='ltr'><strong> </strong></span> 
     </span>
    </p>
   </div>
  </div>
 </body>
</html>
