4846 6016
159 397 198 460 ao
585 375 589 384 '
976 394 1333 465 oanouuunons.

158 603 286 650 comme
306 585 442 669 i’espere
463 607 526 670 que
541 584 631 652 Dieu
652 585 737 652 m’en
758 586 828 652 fera
847 586 882 652 la
903 605 1009 672 grace.
1042 585 1132 652 O'eet
1154 587 1159 704 ι

158 669 199 735 de
219 670 340 736 veiller
361 671 625 756 seigneusemont
652 694 709 738 sur
735 671 842 738 l'eetat
868 671 908 738 de
936 671 1131 738 l'esoholeb

158 757 204 820 fin
226 754 273 820 de·
291 759 445 840 pourvoir
465 765 486 824 b
507 757 639 824 touslee
661 756 830 825 desordres
852 758 910 843 qui
930 777 1052 840 pourro
1076 763 1133 822 ent

158 843 321 908 surrenir.
371 844 418 908 Et
444 843 476 908 le
503 849 577 910 tout
597 843 687 910 selon
708 842 740 909 le
767 849 909 910 contenu
931 843 989 908 des
1011 779 1130 908 ordon-

157 947 289 993 nances.

242 1011 332 1078 Item
354 1013 542 1080 d'exhorter
562 1021 636 1080 tous
657 1014 705 1080 les
733 1013 910 1080 escholiers
938 1014 994 1096 qui
1014 1033 1057 1078 ne
1079 1035 1130 1079 ee-
1267 1012 1354 1078 Item
1375 1011 1624 1080 adhortaturum
1646 1035 1760 1081 omnes
1776 1012 1924 1098 publicae
1946 1013 2075 1082 scholae
2097 1037 2156 1083 au·
2214 1047 2216 1053 ⁸

157 1111 232 1164 ront
251 1099 348 1182 point
369 1100 466 1168 soubs
487 1101 535 1166 les
552 1100 694 1184 Regens,
716 1101 799 1165 mais
820 1098 1002 1166 seulement
1021 1105 1132 1164 seront
1183 1097 1305 1164 ditores
1327 1099 1464 1178 bitures,
1487 1107 1525 1164 ιιι
1546 1121 1618 1166 sese
1639 1100 1674 1164 in
1696 1099 1880 1167 obedientia
1901 1107 1934 1166 ct
1955 1100 2156 1168 subiectione

157 1183 326 1250 auditeurs
357 1185 415 1250 des
446 1186 557 1270 lepons
589 1185 777 1272 publiques,
810 1184 851 1250 de
884 1205 920 1250 se
951 1185 1131 1250 maintenir
1181 1191 1368 1250 nostrorum
1391 1184 1600 1251 dominorum
1621 1185 1826 1252 contineant:
1849 1206 1910 1253 nec
1931 1185 2106 1253 dissolutos
2123 1193 2157 1252 et

158 1270 255 1336 soubs
278 1271 312 1336 la
332 1270 514 1338 subiection
542 1277 575 1336 et
603 1271 789 1338 obeieeance
818 1269 858 1335 de
879 1291 939 1336 nos
961 1270 1130 1354 seigneurs
1182 1269 1326 1352 perditos
1348 1270 1557 1339 scholasticos
1578 1271 1805 1337 toleraturum:
1834 1271 1892 1338 sed
1914 1271 2020 1356 siqui
2040 1273 2155 1338 nolue-

158 1363 189 1420 ct
215 1357 414 1440 superieure.
463 1358 511 1422 Et
538 1357 578 1423 de
604 1378 647 1422 ne
674 1357 768 1440 point
793 1357 926 1422 souffrir
951 1357 1047 1422 ceulx
1074 1355 1131 1439 qui
1182 1355 1252 1420 rint
1272 1354 1401 1422 blandis
1427 1357 1706 1424 admonitionibus
1732 1357 1774 1423 ad
1800 1357 1920 1423 bonam
1947 1357 2077 1442 frugem
2103 1379 2155 1424 re·

157 1450 267 1508 seront
288 1441 430 1508 dissolus
452 1450 486 1508 et
503 1443 719 1510 desbauchea:
741 1443 824 1508 mais
846 1464 888 1508 en
907 1461 942 1508 oe
960 1463 1015 1510 cas
1036 1442 1130 1526 qu'ils
1183 1439 1270 1520 dire,
1304 1441 1445 1509 dominis
1472 1463 1528 1510 eos
1556 1442 1791 1524 indicaturum,
1823 1452 1861 1508 ut
1893 1445 1924 1510 ei
1950 1442 2155 1510 incommodo

156 1548 196 1592 ne
218 1549 255 1594 se
282 1527 443 1594 vueillent
470 1528 601 1594 reduire
628 1549 690 1612 par
716 1527 936 1593 admonitione
964 1527 1129 1608 amiablee,
1181 1527 1409 1610 prospiciatur.

157 1613 230 1678 d’en
253 1612 400 1680 advertir
420 1614 601 1682 Messieurs
623 1621 643 1680 a
663 1615 712 1680 fin
733 1613 789 1698 d’y
810 1615 973 1697 pourvoir.

238 1699 452 1766 Finalement
479 1699 519 1766 de
546 1720 719 1784 procurer,
746 1699 838 1766 selon
865 1699 945 1784 qu'il
972 1720 1026 1764 me
1056 1719 1130 1766 sera
1267 1697 1353 1764 Item
1374 1719 1434 1781 pro
1455 1698 1581 1766 viribus
1598 1705 1789 1766 curaturum
1806 1705 1845 1764 ut
1861 1698 2046 1767 scholastici
2066 1700 2155 1784 paci·

155 1785 312 1867 possible,
339 1806 403 1868 qne
430 1787 478 1854 les
500 1785 676 1854 escholiers
697 1786 815 1853 vivent
836 1783 1067 1868 paisiblement
1087 1806 1129 1851 en
1182 1783 1252 1862 lice,
1273 1783 1421 1850 modeste
1442 1791 1476 1849 et
1496 1785 1635 1851 honeste
1656 1787 1789 1851 vivant:
1817 1785 1866 1850 ite
1892 1793 1929 1851 ut
1951 1807 2065 1852 comm
2086 1787 2156 1854 vita

156 1877 245 1936 toute
266 1871 427 1938 modestie
448 1879 482 1938 et
503 1873 708 1951 honnestete,
737 1871 953 1938 bl’honneur
974 1869 1015 1935 de
1043 1869 1129 1936 Dieu
1182 1869 1306 1954 gloriae
1327 1869 1400 1949 Dei,
1430 1876 1463 1936 et
1483 1871 1695 1954 Reipublicae
1722 1869 1890 1937 commodo
1912 1891 1950 1939 ac
1970 1871 2155 1955 tranquilli·

157 1964 250 2022 etan
273 1959 371 2041 profit
393 1965 427 2024 et
446 1979 541 2042 repes
564 1957 604 2022 de
624 1958 659 2023 la
682 1957 769 2023 ville.
1182 1955 1244 2020 tati
1266 1953 1367 2022 cedat.

458 2178 462 2188 ’
1181 2159 1616 2217 FORMULAIURISIURANDI
1625 2159 1721 2228 QUOD
1734 2159 1931 2225 TENENTUR
1938 2159 2155 2217 Pnaususuu

199 2245 375 2304 sumni
392 2245 491 2304 POUR
506 2245 574 2302 Lus
591 2245 839 2304 PROFESSEURS
856 2246 905 2302 ET
923 2241 1076 2301 monus.
1243 2244 1423 2302 PUBLICAE
1440 2245 1490 2300 ET
1507 2245 1692 2302 PRIVATAE
1710 2246 1874 2303 SCHOL‘AE
1891 2243 2087 2302 DOGTORES.

238 2386 278 2452 Ie
298 2391 445 2468 promets
467 2393 501 2451 et
517 2385 589 2452 iure
608 2385 649 2451 de
666 2385 855 2469 m'acquiter
871 2384 905 2450 lo
929 2391 1065 2450 eumont
1088 2380 1129 2448 de
1265 2383 1431 2449 Promitte
1461 2391 1496 2449 et
1526 2383 1599 2448 iuro
1631 2405 1684 2448 me
1717 2383 1858 2450 fideliter
1883 2391 2091 2450 versaturum
2118 2384 2154 2448 in

154 2471 186 2537 la
202 2473 325 2555 charge
343 2471 401 2554 qui
417 2471 513 2537 m'est
530 2471 694 2552 commise,
717 2479 738 2538 a
755 2470 884 2537 scavoir
901 2405 942 2536 (ie
959 2468 1129 2536 travailler
1180 2465 1318 2535 munere
1334 2468 1416 2534 mihi
1427 2469 1613 2536 commisso:
1631 2468 1735 2549 idest,
1754 2468 1920 2536 bonafide
1937 2477 1971 2535 et
1987 2469 2154 2537 conscien-

195 2579 236 2623 ur
257 2557 476 2623 l'instruction
504 2557 562 2623 des
584 2558 698 2624 enfans
720 2565 754 2622 et
775 2554 956 2634 auditeurs,
985 2554 1025 2620 de
1046 2554 1128 2620 faire
1180 2555 1226 2620 tia
1256 2553 1412 2620 daturum
1437 2575 1572 2638 operam
1598 2563 1635 2620 ut
1660 2555 1755 2638 pueri
1782 2564 1816 2621 et
1841 2556 1961 2622 caeteri
1987 2555 2153 2622 auditores

155 2580 365 2712 lbblectures
393 2641 449 2726 qui
476 2664 529 2708 me
551 2649 627 2710 sont
654 2641 836 2709 ordonnees
857 2641 985 2726 parles
1007 2646 1127 2706 statute
1179 2640 1263 2706 bene
1284 2641 1521 2706 instituantur:
1544 2647 1578 2706 ot
1598 2639 1756 2708 lectiones
1773 2662 1794 2706 a
1809 2641 1993 2726 magnificis
2012 2640 2153 2706 dominis

156 2728 194 2794 de
214 2749 276 2796 nos
299 2730 469 2814 seigneurs
497 2735 530 2794 et
558 2729 754 2812 super-leurs.
797 2729 844 2793 Et
865 2749 907 2794 en
928 2725 1063 2810 general
1085 2726 1126 2792 de
1178 2726 1299 2792 nostris
1321 2725 1404 2792 mihi
1425 2727 1641 2810 praescriptas
1663 2725 1869 2792 habiturum:
1902 2733 1998 2810 atque
2015 2724 2095 2792 adeo
2116 2725 2153 2792 in

154 2822 271 2882 mettre
295 2815 390 2898 peine
418 2834 482 2898 que
516 2815 668 2881 l’esohole
696 2814 759 2880 soit
791 2812 963 2880 conduicte
989 2833 1032 2877 en
1060 2810 1126 2876 bon
1178 2832 1298 2897 genere
1325 2818 1517 2878 curaturum
1550 2819 1588 2877 ut
1617 2811 1730 2878 schola
1761 2813 2009 2896 quamoptimo
2038 2809 2152 2877 ordine

155 2901 258 2968 ordre.
292 2901 339 2966 Et
360 2899 401 2966 de
422 2919 588 2983 procurer,
611 2901 701 2966 selon
722 2899 800 2983 qu’il
817 2921 871 2965 me
893 2918 965 2964 sera
986 2896 1126 2982 possible
1178 2905 1328 2982 regetur,
1357 2904 1391 2962 et
1412 2905 1572 2980 quantum
1593 2898 1630 2962 in
1651 2918 1705 2970 me
1727 2897 1826 2964 situm
1848 2898 1926 2978 erit,
1958 2898 2152 2964 effecturum

157 2989 292 3070 (comme
312 2985 451 3070 i’espere
472 3007 536 3070 que
556 2986 644 3052 Dieu
664 2989 752 3051 m'en
773 2984 898 3051 ferale
919 2983 1039 3070 grace),
1063 3003 1126 3068 que
1178 2984 1324 3068 (favente
1342 2980 1409 3048 Dei
1430 2983 1553 3068 gratia)
1573 2989 1612 3048 ut
1633 2983 1818 3050 scholastici
1839 2984 1983 3068 pacifice,
2005 2982 2152 3049 modeste

154 3071 200 3138 les
214 3071 390 3138 escholiers
400 3071 515 3138 vivent
534 3071 771 3155 paisiblement,
794 3091 836 3137 on
857 3077 948 3136 toute
968 3069 1126 3136 modestia
1177 3077 1212 3134 et
1230 3068 1368 3134 honeste
1389 3068 1515 3149 vivant,
1538 3069 1585 3134 ita
1605 3076 1643 3135 ut
1664 3090 1779 3136 eorum
1799 3069 1871 3136 vita
1890 3069 2013 3156 gloriae
2023 3067 2097 3150 Dei,
2120 3074 2152 3134 et

155 3166 187 3223 et
206 3159 415 3238 honnertete,
445 3156 661 3224 al’honneur
682 3156 722 3224 de
743 3157 832 3224 Dieu
854 3163 888 3224 ct
909 3175 953 3222 eu
973 3157 1072 3242 profit
1093 3160 1126 3220 et
1177 3153 1391 3238 Reipublicae
1412 3154 1580 3221 commodo
1602 3175 1639 3223 ao
1660 3155 1890 3240 tranquillitati
1909 3153 2013 3223 cedat.

155 3265 246 3330 repos
269 3243 310 3310 de
331 3243 365 3309 la
386 3243 475 3311 ville.

1178 3323 1316 3393 Motae
1346 3323 1480 3395 meaa
1511 3348 1533 3394 o
1564 3326 1844 3495 Ὠξιοίνιῳὲἔιφιιι
1875 3325 1967 3410 Reip.
1999 3323 2148 3393 caea.
