4782 6010
306 324 347 386 se
947 285 948 288 ‘
1095 315 1358 384 erraneum:
1381 321 1508 382 49—50
2244 316 2278 378 a

305 513 402 590 gatus
423 513 473 570 est
499 504 537 569 ut
563 511 674 586 aperte
700 515 771 569 tum
799 502 931 568 demum
957 501 1102 566 insanire
1125 503 1275 583 coeperit
1328 504 1458 588 pendit,
1487 524 1553 569 non
1581 503 1757 570 Athanasii
1784 503 1877 568 cuius
1904 501 2089 588 symbolum
2119 500 2207 565 nulla
2228 521 2280 565 un·

304 591 391 656 Nam
420 601 453 655 et
479 589 642 673 improbos
675 589 831 672 quosdam
858 609 876 651 c
903 587 1135 652 Lousanncnsi
1162 594 1277 651 senatu
1329 611 1428 672 quam
1445 590 1593 674 legitima
1615 589 1749 654 ecclesia
1770 587 1987 672 approbasset.
2022 586 2151 670 Legati,
2172 587 2280 651 utnul-

304 677 504 752 subornnvit,
528 676 584 758 qui
610 675 749 739 Viretam
771 674 937 739 seditionis
958 674 1220 749 criminarentur,
1244 683 1278 737 st
1328 677 1398 740 lum
1420 674 1685 740 altercationibus
1707 677 1806 740 finem
1829 675 1976 738 futurum
2002 673 2170 751 videbant,
2195 681 2279 736 totam

304 763 374 845 ipse
405 761 495 826 omni
523 762 716 842 probrorum
742 781 862 843 genere
890 758 1174 842 impudentissime
1202 779 1277 841 pro·
1328 761 1426 826 istam
1444 762 1663 845 cognitionem
1680 761 1716 825 in
1734 761 1873 824 fratrum
1891 767 2092 826 conventum
2108 759 2280 838 reiecerunt,

304 848 444 914 scissum
466 845 597 910 tandem
619 846 763 911 Arianos
786 847 958 910 haereseos
980 865 1046 908 non
1069 845 1204 909 obscure
1225 845 1276 908 in·
1328 868 1425 929 quem
1447 847 1582 930 polliciti
1602 857 1679 911 sunt
1700 845 1886 928 propediem
1909 867 1943 910 se
1965 853 2159 910 curaturos.
2186 843 2280 908 Pauca

304 933 478 999 simulavit.
524 933 631 996 Tanta
658 931 930 1013 importunissimi
957 930 1099 994 hominis
1121 931 1276 1012 improbi·
1328 931 1408 998 haec
1431 934 1535 999 obiter
1556 933 1648 998 vobis
1669 933 1791 997 referre
1813 933 1924 996 visum
1948 941 2010 1010 est,
2038 929 2153 1012 optimi
2172 929 2280 1009 fratres,

303 1027 372 1083 tate
400 1018 582 1100 perturbati
613 1016 779 1082 Caluinam
813 1017 915 1082 Virrio
943 1013 1141 1092 addidimus,
1170 1024 1276 1080 tenta·
1327 1017 1414 1083 unde
1435 1019 1671 1104 intelligeretis,
1694 1039 1793 1101 quam
1815 1018 1858 1081 sit
1876 1016 2009 1081 omnino
2026 1016 2222 1080 necessarius
2237 1013 2280 1078 hie

302 1102 737 1185 turiviasomnesquibus
765 1102 941 1166 adsonem
965 1112 1107 1165 montem
1130 1101 1277 1166 revocari
1326 1112 1516 1169 conventus.
1561 1103 1691 1170 Videtis
1713 1103 1801 1168 enim
1823 1122 2000 1186 paucorum
2021 1101 2148 1166 malitia
2167 1100 2232 1164 fieri
2251 1105 2280 1164 ut

302 1197 419 1272 posset.
464 1189 519 1252 Illi
542 1190 689 1270 exposita
709 1187 828 1271 legatis
848 1186 969 1252 vestris
991 1207 1098 1264 causa,
1127 1187 1276 1268 quitum
1327 1189 1496 1256 discordiis
1517 1209 1555 1255 ac
1576 1189 1837 1256 contentionibus
1864 1189 1983 1253 misere
2009 1186 2171 1251 laceretur
2195 1185 2279 1251 eccle-

302 1273 418 1340 adres
440 1275 626 1358 provinciae
649 1271 1103 1338 constituendasilliclorum
1126 1271 1275 1354 agebant,
1327 1276 1384 1340 sia.
1430 1275 1550 1342 Gliscit
1570 1275 1607 1339 in
1629 1276 1698 1340 dics
1724 1274 1826 1356 pestis
1847 1293 1885 1338 ac
1910 1293 1972 1338 nos
1993 1273 2104 1338 statim
2126 1271 2279 1354 opprimet

302 1361 482 1426 effecerunt
509 1370 546 1424 ιιι
568 1369 796 1425 accerseretur.
840 1359 990 1442 Rogatus
1016 1366 1067 1422 cst
1094 1356 1135 1422 ab
1156 1358 1275 1422 illustri
1327 1360 1391 1426 nisi
1413 1371 1541 1426 mature
1562 1373 1781 1426 succurratur.
1825 1359 1929 1426 Plura
1949 1359 1984 1423 in
2009 1367 2159 1422 nostram
2178 1376 2280 1440 purga·

300 1446 373 1512 viro
398 1447 568 1529 Gyrcno,²)
590 1457 718 1510 vestrae
740 1444 883 1510 civitatis
905 1443 1088 1518 secretario,
1111 1453 1149 1508 ut
1170 1463 1190 1506 a
1209 1445 1274 1508 fra·
1327 1447 1450 1511 tionem
1471 1469 1560 1512 nunc
1583 1447 1700 1510 afferre
1727 1445 1810 1510 nihil
1835 1446 1951 1523 refert,
1979 1445 2031 1510 cui
2059 1442 2152 1509 locus
2177 1444 2233 1506 erit
2250 1441 2279 1505 in

300 1531 406 1597 tribus
427 1530 553 1613 placide
577 1552 612 1596 sc
636 1531 803 1596 admoneri
828 1537 1006 1612 pateretur.
1058 1527 1125 1594 Sed
1155 1529 1275 1594 omissa
1325 1541 1491 1598 conventu
1513 1533 1736 1615 opportunior,
1763 1531 1820 1596 ubi
1842 1532 1889 1598 sic
1910 1529 2131 1595 innocentiam
2153 1537 2280 1592 nostram

299 1637 415 1683 causae
433 1617 614 1699 praesentis
632 1617 809 1692 mentione,
827 1615 907 1698 quin
924 1614 1032 1698 palam
1053 1623 1201 1692 testatus,
1220 1637 1274 1680 ra·
1325 1616 1419 1684 bonis
1436 1618 1589 1683 omnibus
1600 1617 1815 1701 approbatum
1827 1617 1868 1680 iri
1890 1615 2091 1692 confidimus,
2114 1637 2158 1679 ne
2178 1613 2279 1696 quain
2367 1653 2368 1656 =

298 1703 420 1768 tionem
450 1723 485 1766 se
519 1703 588 1767 eius
616 1704 664 1766 rei
691 1702 755 1766 nisi
783 1722 892 1766 coram
924 1710 1039 1765 senatu
1073 1700 1274 1784 collegioque
1324 1701 1418 1769 nobis
1439 1705 1578 1787 suspicio
1600 1702 1742 1768 residere
1764 1711 1869 1786 queat.
1912 1699 2010 1766 Nunc
2028 1721 2086 1766 vos
2107 1721 2168 1783 per
2183 1698 2279 1765 Chris·

297 1795 408 1854 restro
435 1809 503 1852 non
530 1787 752 1864 redditurum,
781 1787 902 1852 furioso
930 1787 963 1850 in
993 1808 1052 1851 nos
1081 1786 1273 1852 debacchari
1325 1799 1395 1854 tum
1416 1789 1626 1866 obtestamur,
1649 1796 1759 1872 partes
1780 1787 1843 1873 ipsi
1865 1787 2019 1869 suscipite
2041 1785 2081 1850 dc
2101 1786 2174 1869 ipso
2193 1793 2279 1848 matu-

298 1874 405 1957 coepit
426 1882 521 1938 extra
538 1894 680 1939 eausam.
725 1872 852 1937 Multae
870 1873 1004 1937 fuerunt
1025 1871 1273 1936 maledictorum
1325 1872 1435 1940 raudo.
1469 1874 1641 1956 Quantum
1663 1873 1751 1939 enim
1774 1873 1912 1958 periculi
1932 1873 2102 1936 immineat
2124 1872 2155 1936 si
2175 1871 2279 1936 diebus

297 1960 436 2024 formae:
465 1959 523 2024 sed
545 1959 691 2022 omnium
715 1958 795 2023 haec
822 1959 1025 2024 atrocissima
1047 1967 1097 2021 est
1118 1957 1203 2040 quod
1224 1969 1274 2022 to·
1323 1981 1499 2038 moramur,
1522 1959 1630 2043 aliqua
1648 1981 1689 2024 ex
1707 1969 1799 2043 parte
1818 1959 1945 2036 videtis,
1967 1956 2025 2023 sed
2046 1979 2089 2023 ne
2109 1957 2146 2022 id
2167 1955 2279 2040 quidem

296 2051 374 2110 tam
392 2053 538 2110 nostrum
567 2045 732 2110 cohortem
761 2043 887 2108 Ariane
923 2063 1033 2108 errore
1066 2044 1272 2125 inquinatam
1323 2045 1431 2128 ipsum
1454 2046 1534 2111 satis
1555 2047 1755 2130 perspicitis,
1783 2065 1881 2128 quam
1907 2043 2091 2110 neccssaria
2119 2043 2165 2108 sit
2184 2039 2279 2108 celeri·

295 2131 536 2213 pronunciavit.
574 2130 627 2194 Ad
651 2130 857 2194 refutandam
880 2129 1141 2212 indignissimam
1164 2129 1272 2194 crinri·
1324 2142 1384 2196 tus.
1428 2131 1558 2198 Graves
1581 2131 1693 2196 turbas
1721 2133 1843 2216 passim
1865 2130 2021 2214 excitavit
2042 2129 2229 2195 Carolinum
2247 2125 2279 2190 il·

295 2216 460 2281 nationem
485 2223 583 2298 caput
603 2224 734 2280 nostrae
756 2213 1001 2300 confessionis⁸)
1029 2216 1181 2281 recitavit
1203 2214 1274 2280 Cel·
1323 2215 1381 2282 lud
1403 2216 1535 2300 dogma:
1565 2216 1712 2300 plerique
1740 2214 1883 2281 ministri
1910 2237 1976 2280 non
1999 2214 2176 2280 admodum
2195 2213 2278 2296 probe

295 2303 391 2367 cinus
412 2322 476 2384 quo
505 2301 552 2365 ita
579 2302 736 2384 scriptum
766 2311 852 2365 crat:
881 2301 969 2365 Dum
997 2309 1139 2382 patrem,
1167 2301 1272 2364 filium
1322 2323 1357 2368 se
1379 2311 1512 2386 gerunt:
1537 2303 1602 2379 alii,
1625 2303 1687 2368 nisi
1704 2302 1746 2367 ad
1767 2303 1909 2367 officium
1927 2301 2150 2380 stimulentur,
2172 2309 2278 2382 torpes·

296 2408 334 2453 ac
356 2387 508 2470 spiritum
530 2389 753 2463 nominamus,
782 2407 846 2450 non
870 2394 939 2451 tres
962 2385 1038 2451 deos
1060 2385 1153 2450 nobis
1175 2387 1271 2470 fingi·
1322 2397 1416 2454 cunt:
1443 2388 1604 2472 quaedam
1627 2387 1837 2454 dissidiorum
1866 2388 1992 2453 semina
2020 2400 2119 2469 ceput
2148 2403 2278 2452 exserere

295 2493 380 2552 mus,
404 2472 461 2538 sed
482 2473 519 2536 iu
541 2473 782 2554 simplicissima
809 2471 862 2536 dei
883 2472 1025 2548 unitate,
1053 2483 1088 2536 et
1109 2473 1271 2554 scriptura
1322 2474 1492 2557 incipiunt
1538 2473 1627 2540 Sunt
1648 2483 1682 2538 et
1703 2474 1768 2539 alia
1789 2473 1964 2551 nonnulla,
1993 2492 2077 2556 quac
2100 2473 2209 2538 omnia
2226 2468 2278 2534 nisi

296 2567 330 2623 et
346 2559 418 2641 ipsa
435 2559 567 2640 pictatis
579 2558 783 2640 experientia
793 2555 902 2622 Deum
920 2567 1057 2639 patrem,
1076 2559 1145 2622 eius
1164 2559 1270 2622 tilium
1321 2559 1358 2624 in
1378 2567 1545 2625 conventu
1573 2559 1664 2624 nullo
1694 2557 1791 2624 modo
1820 2559 1977 2642 explicari
1999 2565 2149 2642 possunt.
2198 2557 2277 2622 Duae

296 2665 333 2710 ac
362 2643 515 2726 spiritum
544 2644 639 2708 nobis
665 2641 856 2720 ostendunt,
886 2653 924 2706 ut
951 2643 1120 2725 concipere
1146 2643 1269 2708 intelli·
1321 2667 1382 2710 nos
1403 2646 1547 2712 rationes
1568 2655 1705 2710 monent
1732 2654 1770 2710 ιιι
1799 2655 1874 2710 ante
1899 2645 1986 2709 diem
2006 2644 2175 2728 paschatis
2184 2645 2210 2725 ⁴)
2230 2641 2277 2705 ha·

295 2731 406 2816 gentio
427 2737 541 2795 nostra
561 2739 689 2812 patrem
711 2737 865 2811 nequeat,
891 2729 969 2811 quin
992 2739 1025 2792 et
1046 2729 1150 2793 filium
1172 2729 1269 2795 simul
1321 2732 1390 2798 beri
1431 2741 1596 2816 optemus,
1635 2731 1713 2814 quia
1744 2730 1874 2795 nullum
1919 2731 2000 2795 anni
2038 2738 2170 2812 tempus
2205 2747 2276 2794 com·

294 2815 539 2898 complectatur,
556 2816 591 2878 in
609 2836 672 2897 quo
691 2816 768 2880 viva
786 2815 856 2880 eius
873 2815 980 2898 imago
997 2814 1130 2890 relucet,
1153 2825 1187 2880 ct
1203 2816 1269 2898 spi·
1321 2815 1451 2882 modius
1484 2817 1582 2902 deligi
1614 2823 1731 2900 potest,
1765 2825 1798 2880 et
1827 2825 1902 2881 ante
1931 2815 2018 2881 diem
2045 2814 2142 2879 illum
2170 2821 2277 2880 certam

293 2901 407 2978 ritum,
429 2901 465 2964 in
487 2921 550 2982 quo
572 2902 719 2984 potentia
737 2901 904 2982 virtusque
922 2901 992 2965 eius
1014 2900 1189 2983 conspicua
1210 2910 1267 2966 est.
1321 2903 1401 2968 iniri
1422 2904 1510 2968 inter
1530 2903 1649 2968 fratres
1671 2901 1918 2968 consensionem
1939 2901 2052 2985 magni
2073 2901 2218 2965 interest.
2246 2895 2277 2961 Si

293 2987 337 3052 In
358 3008 425 3052 uno
453 2987 555 3070 igitur
584 2987 656 3051 Deo
690 2995 759 3051 tota
793 2985 914 3050 mentis
942 2985 1139 3070 cogitatione
1171 2986 1270 3052 defixi
1321 3011 1380 3056 vos
1401 3009 1462 3072 pro
1486 2996 1595 3055 vestro
1617 2989 1722 3054 ollicio
1743 2989 1896 3071 gnaviter
1917 2987 2004 3070 apud
2022 2994 2175 3053 senatum
2191 2985 2277 3050 insta·

293 3071 499 3138 haereamus:
527 3073 659 3136 interim
681 3081 791 3137 tamen
813 3081 941 3154 patrem
963 3093 1036 3136 cnm
1059 3072 1126 3136 filio
1149 3081 1181 3138 ot
1204 3073 1270 3155 spi·
1321 3075 1408 3152 bitis,
1427 3075 1562 3140 minime
1580 3073 1776 3152 dubitamus,
1797 3074 1877 3156 quin
1894 3074 1937 3138 sit
1953 3079 2084 3138 vestrae
2102 3067 2278 3156 flagitationi
2367 3087 2368 3146 ι

294 3159 361 3223 ritu
382 3180 441 3223 suo
463 3159 729 3242 contemplemur.
773 3157 921 3222 Rursum
944 3155 983 3221 de
1006 3157 1154 3222 Christo:
1182 3159 1270 3224 lilius
1321 3180 1543 3226 concessurus.
1588 3160 1671 3225 Loci
1693 3159 1856 3244 deligendi
1879 3157 2060 3236 arbitrium,
2084 3159 2147 3222 etsi
2168 3152 2278 3222 senatui
2367 3169 2368 3226 l

295 3242 348 3309 dei
369 3242 589 3327 praedicatur,
617 3264 685 3308 non
711 3253 749 3308 ut
775 3243 888 3308 fideles
915 3241 1088 3324 adoptione
1110 3243 1271 3308 duntaxat
1320 3267 1422 3330 penes
1449 3267 1546 3329 quem
1573 3254 1624 3312 est
1652 3245 1882 3327 relinquimus,
1910 3244 1995 3308 nihil
2022 3251 2135 3308 tamen
2163 3243 2277 3308 ridetur

295 3339 330 3395 et
352 3331 466 3414 gratia,
490 3329 546 3394 sed
568 3329 729 3395 naturalis
751 3339 784 3393 et
805 3350 905 3394 verus
926 3328 1063 3410 ideoque
1085 3329 1210 3408 unicus,
1232 3337 1270 3396 ut
1320 3331 1478 3416 impedire
1500 3332 1674 3415 quominus
1693 3333 1792 3396 etiam
1809 3329 1902 3396 nobis
1919 3330 2016 3396 liceat
2037 3351 2135 3412 quem
2151 3328 2277 3394 maxime

294 3417 473 3482 acaeteris
496 3415 706 3480 discernatur.
751 3413 915 3479 Dominus
943 3421 1052 3478 autem
1082 3425 1194 3480 noster
1220 3424 1270 3482 est
1320 3419 1474 3484 idoneum
1496 3426 1648 3501 putemus
1666 3415 1819 3482 indicare.
1854 3415 2059 3498 Oppidulum
2077 3423 2128 3480 est
2147 3417 2192 3481 cis
2203 3415 2278 3479 hau·

294 3523 360 3568 non
383 3509 513 3566 tantum
532 3500 710 3566 secundum
730 3499 937 3565 divinitatem
959 3519 1058 3582 quam
1080 3521 1155 3565 cum
1176 3510 1270 3584 patre
1322 3525 1459 3570 sennem
1472 3502 1598 3569 duobus
1609 3501 1792 3568 sabaudiois
1802 3502 1955 3578 millibus,
1968 3501 2114 3584 Morgias
2123 3501 2153 3584 ⁵)
2165 3503 2276 3574 vocant,

294 3609 395 3653 unam
419 3587 459 3652 ab
488 3595 622 3652 aeterno
647 3585 777 3662 habuit,
806 3583 863 3651 sed
889 3586 925 3650 in
954 3606 993 3650 ea
1020 3607 1118 3651 carne
1144 3587 1179 3650 in
1206 3609 1270 3670 qua
1322 3589 1363 3654 ad
1385 3591 1475 3655 lacus
1497 3591 1602 3672 ripam
1625 3590 1739 3668 eitum,
1768 3609 1834 3652 non
1861 3585 1958 3652 modo
1980 3607 2085 3651 novae
2106 3586 2277 3670 provinciae

295 3673 461 3740 exhibitus
483 3673 578 3737 nohis
596 3673 665 3736 luit.
711 3669 795 3752 Quis
818 3671 888 3736 eius
910 3671 1120 3737 confessionis
1141 3671 1194 3738 vel
1212 3695 1270 3738 au·
1322 3675 1380 3742 sed
1401 3676 1547 3741 omnium
1576 3695 1679 3758 paene
1705 3673 1898 3758 gallicarum
1926 3671 2138 3738 ecclesiarum
2166 3667 2277 3736 umbili-

294 3767 382 3825 tores
409 3758 465 3824 vel
493 3758 729 3840 subscriptores
757 3757 901 3822 Arianos
927 3755 1070 3823 iudicet?
1120 3757 1271 3824 Perstitit
1321 3784 1387 3828 cus.
1431 3761 1481 3826 Eo
1503 3762 1530 3826 si
1560 3767 1696 3844 cogatur
1722 3759 1881 3844 synodus,
1911 3779 1971 3824 nec
1992 3779 2027 3824 sc
2049 3757 2139 3822 ultra
2161 3755 2278 3822 modum

295 3853 407 3910 tamen
430 3865 493 3928 qua
514 3853 663 3926 coeperat
685 3843 775 3908 rabie
804 3850 957 3908 strenuus
985 3843 1203 3926 sycophanta,
1232 3867 1270 3911 ac
1321 3847 1453 3932 gravari
1481 3845 1569 3910 ullus
1598 3848 1670 3910 iure
1699 3854 1932 3928 conqueretur,
1966 3865 2026 3910 nec
2053 3843 2151 3928 longe
2179 3865 2198 3907 a
2222 3841 2276 3905 suis

296 3929 453 3997 eiusmodi
475 3929 675 3995 confessione
697 3929 759 3994 sibi
781 3949 984 4012 nequaquam
1006 3930 1159 3994 satisfieri
1181 3951 1270 3996 asse·
1323 3933 1467 3998 ecclesiis
1485 3929 1708 3998 distrahentur
1725 3931 1878 4010 ministri,
1901 3938 1935 3996 et
1951 3929 2043 3996 locus
2059 3929 2208 4014 hospitiis
2223 3945 2278 3992 nen

295 4018 432 4082 voravit.
467 4013 579 4096 Quum
600 4017 765 4098 exciperet
778 4013 929 4079 Calvinae
950 4033 989 4078 ea
1005 4014 1078 4098 lege
1095 4035 1156 4080 nos
1173 4016 1270 4081 edere
1320 4017 1545 4085 incommodus
1567 4018 1675 4099 erit⁶)

295 4102 332 4166 in
349 4123 503 4184 praesens
521 4101 680 4166 eiusmodi
698 4100 925 4178 confessiones,
948 4106 985 4164 ut
1002 4103 1101 4164 fidem
1123 4108 1269 4167 nostram

296 4187 390 4252 bonis
412 4185 561 4251 omnibus
579 4185 655 4251 dnm
676 4207 759 4269 opus
776 4187 860 4250 foret
876 4185 1074 4250 luculentius
1092 4187 1270 4269 approbare
1423 4223 1454 4291 4)
1475 4221 1551 4292 Qu„
1567 4237 1629 4290 ,pa
1645 4237 1705 4276 m,
1726 4220 1837 4290 mg,
1857 4236 1939 4290 W,
1963 4219 2085 4289 md„
2107 4218 2212 4274 M„
2226 4229 2277 4271 m.

296 4272 402 4356 parati
425 4291 583 4338 essemus:
612 4273 801 4348 Facessant,
829 4271 946 4355 inquit,
969 4291 1075 4336 novae
1096 4273 1270 4339 confessio·
1320 4299 1433 4362 prepare
1449 4293 1542 4359 foma
1558 4291 1615 4346 ια).
1633 4289 1673 4343 14.
1694 4289 1770 4344 Matr·
1789 4306 1870 4360 quam
1884 4289 1991 4358 pasche
2008 4291 2062 4342 iem
2078 4291 2171 4358 prime
2184 4283 2277 4354 Aprilis

296 4377 371 4436 nes,
400 4377 437 4422 ac
465 4357 570 4422 tribus
598 4359 755 4442 symbolis
783 4359 892 4441 potius
921 4355 1170 4422 subscribamus.
1215 4359 1271 4424 Ad
1320 4363 1459 4418 incideret·

296 4443 378 4509 haec
403 4441 559 4523 Galatam
586 4465 645 4510 nos
672 4445 709 4509 in
731 4442 796 4508 Dei
817 4443 915 4508 unius
936 4442 1035 4508 fidem
1054 4443 1180 4510 iurasse
1200 4467 1269 4510 res·
1325 4429 1455 4571 synardo)
1471 4429 1641 4554 flamna
1651 4427 1790 4550 mm
1810 4425 1945 4480 madata
1967 4425 2142 4492 rarefactum
2164 4439 2218 4478 em
2236 4423 2275 4474 οὐ

1425 4567 1456 4634 6)
1477 4567 1560 4621 Hanc
1577 4566 1717 4634 epistolam
1735 4563 1792 4632 ipss*
1810 4563 1925 4618 Galatae
1941 4561 2121 4628 tribuendam,
2137 4555 2276 4636 nequaldr·

1321 4638 1430 4706 quadro
1446 4636 1506 4700 soti,
1523 4642 1555 4689 ιιι
1570 4635 1633 4689 olim
1650 4637 1771 4702 marcini
1787 4635 1876 4686 arseio
1893 4633 1955 4701 qais
1975 4629 2085 4686 Oediea's
2102 4629 2151 4683 106
2168 4629 2276 4692 adem?

399 4677 430 4746 2)
451 4678 548 4760 Petrae
560 4679 629 4734 Gt'to
648 4681 733 4744 (sslt'sst
752 4679 837 4751 (tyro)
855 4681 986 4763 adfuerat
1003 4680 1186 4750 disputationi
1196 4683 1269 4739 Lea·
1321 4713 1357 4759 ,g
1383 4705 1430 4759 “a
1447 4705 1556 4772 callepio
1573 4704 1760 4756 ministrorum
1778 4701 1959 4755 Bernamiam
1975 4700 2144 4766 mennatem,
2162 4703 2187 4751 et
2201 4705 2276 4749 mem

297 4765 403 4804 sannae
420 4749 513 4803 babela
531 4765 565 4802 m.
579 4749 635 4803 Oct.
646 4748 713 4802 1536
730 4756 754 4804 et
770 4766 844 4805 nanc
859 4751 957 4805 eosdem
975 4753 1192 4806 commorabatur
1208 4771 1269 4808 cam
1322 4747 1478 4830 Fe'pmrgo
1495 4789 1521 4826 a,
1541 4771 1608 4826 1537
1626 4775 1756 4840 ,mptum
1774 4785 1837 4839 em,
1854 4772 1911 4824 iam
1934 4768 2141 4824 Tarracinensis
2158 4759 2275 4822 count

297 4821 362 4874 aliis
379 4819 475 4886 tepetis
494 4817 679 4873 Beraenmbas
695 4821 744 4889 qui
758 4819 944 4886 reformandis
967 4822 998 4874 a'a
1021 4819 1123 4874 ditione
1139 4838 1212 4878 aava
1230 4839 1269 4879 ec·
1321 4845 1421 4900 dmm
1437 4842 1610 4912 ,ppmfimg

296 4887 385 4943 etesiis
397 4903 467 4956 pros
486 4889 593 4940 iseram.

400 4955 430 5020 3)
453 4903 769 5026 discrepantiarum
786 4969 820 5009 ee
837 4955 1005 5022 consessione
1016 4955 1167 5012 Geaeaeaei
1174 4959 1186 5023 (
1194 4957 1267 5013 Tam.

297 5022 352 5078 IX.
367 5041 397 5092 p.
416 5023 480 5088 693)
499 5025 547 5078 sed
564 5039 597 5078 aa
618 5023 782 5078 catechismo
804 5023 824 5076 d
857 5031 963 5093 rampta
986 5031 1051 5079 orer
1073 5025 1163 5090 (Tem
1189 5028 1218 5082 V.
1237 5045 1267 5097 p.

297 5091 371 5156 337),
391 5098 438 5162 qai
455 5099 486 5147 at
502 5109 536 5147 es
553 5093 579 5146 b.
598 5094 614 5148 t.
634 5094 787 5146 necessarie
804 5039 910 5161 cdllipes
927 5095 982 5146 iam
1000 5101 1064 5148 tane
1081 5111 1162 5149 carae
1178 5101 1203 5151 et
1218 5114 1269 5164 pu·

297 5159 383 5216 circae
400 5163 580 5226 consessionis
597 5161 755 5230 dignitatem
773 5162 978 5216 etaaterr'tatem
990 5168 1087 5218 aaatm
1103 5171 1169 5220 erat.
1202 5165 1270 5221 Vide

297 5229 331 5285 da
347 5229 397 5285 boc
415 5229 503 5286 libello
521 5229 646 5300 Protepp.
666 5229 783 5284 masdeio
805 5229 834 5284 Τ.
859 5229 890 5286 V.
903 5245 934 5298 p.
951 5227 993 5283 ss.
