4782 6010
133 354 182 418 101
1014 350 1095 412 153⁷
1117 345 1215 414 MAI.
2054 354 2116 420 loa

129 559 241 608 summe
260 536 411 617 infirmis,
435 537 555 620 quique
572 557 688 620 parum
711 543 768 602 aut
788 535 873 601 nihil
894 533 934 601 de
952 533 1086 602 Christo
1224 535 1380 620 Synodus
1401 536 1489 604 dicta
1510 537 1770 608 estIrausannae
1788 537 2004 608 ad13.huius
2020 561 2116 612 meo·

129 621 307 701 auderunt,
332 621 465 689 adduci:
491 623 528 687 in
554 623 670 707 quibus
697 622 808 688 nullus
828 629 885 687 aut
906 620 1083 687 admodum
1137 621 1191 690 sis.
1236 621 1373 690 Utinam
1395 631 1431 688 tu
1453 623 1592 692 adesses.
1636 623 1680 690 In
1702 619 1765 692 h'oc
1785 631 1881 692 erant
1902 626 2054 692 nonnulli
2070 647 2115 700 ne

128 711 253 794 eugeus
274 717 324 775 est
346 705 472 775 Christi
501 727 631 787 sensus,
660 708 715 792 qui
743 717 874 773 tantum
900 707 1084 790 suspicione
1139 725 1340 788 vocaremur,
1362 731 1446 776 neve
1468 731 1629 776 unacum
1647 709 1816 790 fratribus,
1845 712 1902 798 qui
1924 711 1960 776 in
1990 712 2114 780 ditione

128 797 224 879 aliqua
242 805 432 875 moventur,
460 793 500 860 ob
522 795 658 878 impiam
678 815 827 860 rasorum
853 794 971 872 vitam,
1000 793 1085 877 quod
1137 795 1301 860 Beruensi
1324 801 1441 879 agunt,
1476 795 1612 862 ecelesia
1638 817 1864 876 censeremur,
1892 805 1935 876 et,
1963 796 2048 882 quod
2071 799 2113 864 ti·

128 903 184 948 non
204 889 289 948 recta
310 882 376 948 sint
397 901 479 964 quae
505 882 591 946 flunt
612 881 654 946 ab
673 880 764 964 ipsis.
808 880 853 944 Et
874 899 977 962 quum
999 879 1090 945 eius·¹
1136 888 1238 959 ment,
1261 901 1328 946 non
1339 879 1534 948 haberemus
1554 902 1675 949 vocem.
1705 879 1773 948 Sed
1784 881 1948 956 Dommus
1966 904 2026 967 per
2036 905 2113 950 sues

126 967 203 1034 modi
226 967 421 1032 infirmiores
448 965 572 1032 ferendi
601 966 669 1031 sint
699 987 736 1032 ae
763 965 949 1030 instruendi
982 962 1084 1032 donee
1136 965 1233 1032 aliter
1253 967 1325 1032 fieri
1352 967 1465 1035 voluit.
1517 967 1633 1034 Vocati
1661 977 1740 1034 sunt
1766 975 1800 1034 et
1820 968 2059 1036 Neocomenses
2078 977 2113 1036 et

128 1055 162 1120 de
186 1053 313 1120 Christo
345 1051 467 1136 aliquid
500 1053 677 1136 gustarint,
712 1051 767 1116 alii
800 1051 856 1134 qui
888 1048 1014 1135 pridem
1042 1071 1084 1116 ex
1136 1051 1192 1134 qui
1215 1050 1370 1119 Cenevae
1395 1052 1512 1119 docent
1533 1065 1570 1118 ut
1591 1064 1830 1136 componantur
1851 1055 1982 1147 omnia·
2014 1053 2113 1136 Quod

127 1139 282 1222 scripturis
300 1146 422 1204 norunt
438 1157 536 1221 quam
553 1137 732 1220 impiasint
749 1137 909 1220 pestifera,
929 1157 966 1202 ao
984 1137 1084 1202 etiem
1136 1137 1199 1202 etei
1216 1137 1349 1204 difficile
1362 1148 1524 1224 putamus,
1544 1160 1604 1222 per
1620 1138 1792 1206 Christum
1811 1147 1921 1206 tamen
1939 1161 2111 1224 speramus

127 1226 224 1291 hstati
245 1225 391 1302 luerunt,
420 1245 508 1290 nunc
536 1224 626 1288 fucos
654 1231 817 1305 quaerunt
843 1221 959 1304 quibus
986 1242 1022 1288 se
1043 1221 1083 1286 li·
1135 1223 1291 1290 futurum.
1328 1221 1416 1290 Sunt
1437 1226 1526 1290 enim
1547 1225 1642 1292 nobis
1663 1226 1708 1308 pii
1725 1225 1843 1292 fratres
1855 1225 1981 1292 Christi
1998 1245 2112 1292 aman·

126 1321 205 1388 nant,
227 1311 306 1376 dum
327 1318 442 1377 eontra
459 1309 691 1374 conscientiam
709 1324 813 1393 agunt
828 1319 861 1373 et
878 1307 959 1372 alios
981 1307 1084 1373 offen·
1136 1317 1186 1374 tes
1208 1329 1275 1376 non
1297 1311 1408 1392 pauci,
1437 1331 1497 1395 per
1525 1331 1605 1392 quos
1633 1331 1802 1394 speramus
1825 1311 1950 1378 Christi
1970 1311 2113 1397 gloriam

126 1397 206 1462 dunt.
249 1394 341 1477 Quos
370 1393 645 1478 deprehendimus
672 1394 751 1460 dum
779 1394 1017 1472 conferremus,
1045 1414 1083 1460 ao
1134 1394 1365 1462 illustrandam
1404 1403 1438 1462 et
1474 1397 1650 1480 impiomm
1688 1397 1858 1466 conatibus
1901 1398 2110 1464 obviandum.

126 1503 160 1548 ea
178 1503 256 1566 quae
276 1483 357 1547 satis
373 1482 529 1547 tenebant
549 1479 589 1546 ob
610 1479 720 1548 oculos
742 1499 945 1564 poneremus,
968 1499 1084 1544 eorum
1135 1478 1233 1547 Unde
1254 1501 1320 1546 non
1339 1490 1467 1546 tantum
1486 1482 1591 1548 hicet
1611 1483 1645 1548 in
1666 1491 1735 1548 tota
1752 1485 1885 1568 regione
1902 1505 2008 1567 nuper
2026 1483 2112 1550 bello

124 1569 242 1652 proprio
253 1587 309 1633 ore
325 1589 396 1634 sese
415 1567 570 1632 damnare
592 1565 913 1650 convinceremus:⁴)
936 1565 1082 1631 aiebant:
1135 1575 1229 1648 parta
1250 1588 1421 1650 speramus
1437 1567 1617 1651 plurimum
1633 1569 1770 1648 fructus,
1793 1590 1909 1634 verum
1931 1583 1966 1634 et
1983 1571 2019 1634 in
2040 1577 2112 1636 tota

125 1653 235 1719 contuli
256 1675 331 1720 cum
353 1653 455 1719 doctis
477 1653 550 1736 piis,
573 1659 606 1718 et
627 1650 704 1736 qnid
725 1651 812 1716 non?
836 1651 859 1715 ii
882 1649 1021 1716 suadent
1037 1651 1084 1714 ita
1136 1651 1256 1732 Gallia,
1277 1654 1312 1718 in
1334 1673 1399 1736 qua
1420 1653 1570 1720 audimus
1592 1675 1696 1720 noras
1715 1675 1850 1740 surgere
1867 1655 1994 1720 Christi
2016 1655 2110 1739 plan·

124 1739 224 1806 rivere
251 1759 313 1806 nec
340 1759 400 1806 nos
427 1738 592 1804 damnant.
641 1735 769 1818 Quibus
799 1757 901 1820 quum
930 1735 1081 1804 obiicere·
1136 1745 1195 1816 tas,
1218 1737 1260 1804 ad
1277 1739 1430 1822 pietatem
1449 1739 1641 1822 aspirantes,
1659 1739 1754 1805 modo
1772 1741 1844 1824 quis
1861 1761 2024 1807 remoram
2042 1762 2111 1807 non

123 1845 202 1890 mus:
224 1825 304 1909 quid
322 1831 359 1890 tn
376 1823 549 1890 consilium
567 1823 695 1907 quaeris
714 1829 829 1889 contra
846 1830 915 1888 tam
933 1829 1084 1905 apertum
1136 1823 1279 1903 inliciat,
1311 1823 1398 1907 quod
1424 1825 1572 1891 factitare
1603 1824 1710 1890 solent
1736 1825 1792 1910 qui
1820 1827 1990 1894 Erasmico
2019 1847 2110 1893 more

123 1908 181 1976 Dei
202 1911 347 1990 verbum,
371 1911 458 1994 quod
480 1909 571 1977 vides
589 1917 683 1974 tuum
705 1909 860 1977 damnare
882 1907 983 1991 opus?
1006 1907 1084 1992 quid
1136 1909 1227 1975 clara
1247 1911 1381 1994 ingenia
1402 1909 1485 1976 bene
1506 1911 1541 1976 in
1552 1909 1722 1977 Christum
1744 1912 1861 1977 affecta
1884 1914 2011 1979 carneis
2032 1935 2110 1979 con-

123 2003 155 2061 tu
175 1999 242 2081 egis
265 2005 380 2063 contra
400 1996 632 2063 conscientiam
654 2003 760 2073 tuam,
788 2015 872 2077 quas
894 2003 928 2058 te
949 1993 1082 2078 arguit?
1136 1995 1218 2060 siliis
1240 1995 1409 2061 continere
1436 1996 1569 2076 volunt,
1599 2017 1682 2079 quae
1704 2005 1886 2081 praestaret
1910 1998 1950 2064 de
1972 1997 2108 2065 Christo

122 2083 264 2149 tacebant
289 2103 327 2149 ac
348 2080 484 2167 indigne
510 2081 659 2147 ferebant
685 2101 745 2146 nos
766 2099 834 2144 non
856 2079 1084 2164 subscripsisse
1136 2079 1218 2146 nihil
1239 2102 1384 2166 unquam
1405 2080 1572 2148 audivisse
1593 2102 1655 2147 neo
1676 2084 1815 2148 novisse.
1859 2084 1945 2149 Nam
1968 2093 2110 2150 retroce-

122 2168 257 2252 ipsorum
292 2167 468 2234 affectibus.
524 2165 620 2233 Sicut
652 2165 831 2232 damnandi
863 2175 988 2231 temere
1016 2185 1083 2232 non
1136 2165 1249 2233 dentes
1275 2175 1345 2232 tum
1367 2188 1403 2233 se
1431 2177 1501 2232 tum
1523 2168 1684 2252 plurimos
1705 2169 1740 2232 in
1762 2170 1939 2252 perniciem
1961 2171 2107 2235 trahunt

122 2263 192 2318 sunt
216 2275 330 2321 omnes
359 2255 415 2338 qui
443 2253 560 2319 alieubi
589 2251 766 2318 levioribus
791 2253 907 2318 erratis
935 2259 1082 2342 peceant,
1134 2250 1332 2319 Audivimus
1354 2253 1528 2318 nonnullos
1546 2253 1603 2336 qui
1624 2254 1805 2320 invitarent
1826 2255 1907 2320 alios
1929 2254 1971 2321 ed
1992 2256 2108 2322 missa·

120 2339 161 2404 ita
180 2341 284 2406 multo
311 2342 420 2406 minus
447 2339 605 2422 probandi
633 2337 686 2404 vel
713 2337 893 2404 excusandi
921 2345 1000 2402 suut
1027 2337 1083 2420 qui
1134 2338 1185 2402 ria
1206 2357 1314 2419 sacra,
1343 2337 1384 2404 ed
1406 2340 1652 2406 venerationem
1679 2339 1856 2418 idolorum,
1886 2348 1920 2408 et
1941 2341 2110 2408 silentium

120 2427 244 2575 {rarius
257 2435 403 2510 peccant,
426 2435 460 2491 et
476 2433 598 2491 nutam
618 2423 805 2490 antichristi
824 2443 963 2506 regnum
981 2421 1082 2488 stabi·
1135 2443 1247 2489 eorum
1268 2445 1351 2508 quae
1361 2424 1486 2490 Christi
1508 2433 1595 2502 sunt,
1617 2435 1651 2490 et
1671 2425 1789 2493 volunt
1809 2425 1924 2492 haberi
1944 2447 2011 2492 non
2033 2447 2110 2512 pos-

133 2512 198 2576 ‘unt
217 2520 250 2578 et
273 2511 416 2596 collapsa
442 2511 660 2578 reaedificant.
704 2509 785 2574 Plus
813 2509 893 2574 satis
921 2507 1082 2574 condona·
1134 2509 1231 2576 aemi
1252 2511 1340 2576 inter
1361 2519 1509 2576 amantes
1530 2509 1657 2576 Christi
1684 2519 1719 2576 et
1740 2519 1915 2579 sectatores
1936 2512 2108 2597 evangelii,

120 2603 182 2662 tum
203 2597 379 2664 missamm
401 2597 632 2674 exsecrationi,
659 2594 820 2660 idolorum
848 2595 1083 2660 abominationi
1134 2597 1191 2678 qui
1214 2596 1345 2662 aiebant
1361 2595 1525 2678 aliquibus
1547 2617 1589 2662 ex
1611 2595 1775 2672 iratribus,
1797 2618 1894 2680 posse
1916 2619 1951 2664 se
1972 2599 2027 2664 vel
2048 2599 2108 2664 ho-

120 2689 150 2748 et
168 2683 239 2750 aliis
261 2685 454 2768 pontificum
476 2682 707 2766 impietatibus.
751 2681 833 2765 Ego,
855 2689 892 2745 ut
913 2680 1012 2764 plane
1033 2678 1082 2744 di·
1134 2681 1208 2746 ruia
1237 2682 1329 2748 nobis
1355 2681 1514 2760 indicare,
1542 2703 1610 2747 non
1637 2681 1718 2748 adeo
1746 2683 1869 2748 malum
1899 2704 1970 2750 esse
1998 2684 2108 2750 missis

120 2789 192 2848 cam,
210 2771 244 2834 in
264 2790 329 2852 qno
346 2790 460 2836 versor
477 2769 554 2834 orbe
572 2787 707 2852 prorsus
724 2767 850 2832 nescio:
873 2763 952 2830 dum
969 2785 1082 2831 reeen-
1133 2766 1308 2846 interesse,
1338 2766 1435 2833 idelis
1455 2774 1553 2850 caput
1578 2775 1736 2852 retegere.
1781 2767 1932 2835 Salutem
1952 2771 2036 2836 mibi
2058 2770 2107 2836 di·

119 2854 159 2920 tia
178 2855 249 2940 lego
273 2857 394 2939 scripta
415 2863 482 2920 tam
503 2851 633 2920 diversa
654 2851 696 2919 ab
716 2852 758 2918 iis
781 2873 863 2936 quae
884 2851 983 2938 paulo
1005 2859 1082 2917 ante
1134 2851 1264 2931 cebant,
1292 2854 1353 2918 hoe
1374 2863 1486 2918 tamen
1512 2852 1690 2936 poscebant
1712 2875 1754 2919 ne
1783 2853 1824 2918 ad
1853 2876 1889 2920 se
1915 2855 2107 2922 scriberem:

120 2939 300 3020 edebantur,
323 2963 361 3008 ac
383 2939 684 3026 pseudoprophetas
708 2935 894 3022 pseudoque
915 2938 1082 3021 episcopos
1134 2960 1169 3004 se
1191 2937 1275 3004 velle
1296 2939 1408 3004 emnia
1433 2939 1525 3003 iuxta
1551 2939 1690 3006 verbum
1711 2940 1792 3018 fieri,
1814 2939 1872 3006 sed
1894 2962 1961 3007 non
1983 2949 2106 3008 tamma

121 3029 180 3092 tam
203 3027 299 3093 video
321 3025 551 3105 commendari,
574 3025 652 3109 quid
674 3024 780 3090 dicam
806 3025 924 3088 neseio.
968 3021 1082 3090 Unum
1133 3023 1239 3090 multa
1256 3023 1421 3090 damnare.
1466 3025 1516 3090 Mi
1540 3023 1664 3108 Capio,
1692 3045 1791 3109 quam
1817 3026 1959 3109 perdunt
1986 3028 2107 3094 multos

118 3131 224 3194 precor
235 3113 408 3180 Christum
430 3121 468 3177 ut
484 3133 543 3178 suo
565 3112 683 3196 spiritu
699 3131 759 3175 nos
777 3109 867 3175 afflet
884 3109 1022 3193 plenius,
1044 3116 1083 3174 ut
1133 3110 1189 3194 qui
1211 3130 1285 3175 aras
1296 3109 1433 3176 Balaam
1451 3119 1484 3176 et
1501 3109 1631 3178 excelsa
1649 3131 1784 3194 prorsus
1806 3133 1873 3178 non
1895 3113 2107 3194 detestantur,

118 3199 171 3262 toti
198 3199 344 3265 feramur
374 3199 474 3264 huius
500 3197 652 3282 impulsu.
705 3193 867 3276 Quamvis
895 3215 988 3262 sacra
1014 3214 1081 3260 non
1134 3197 1252 3280 quique
1274 3195 1360 3262 bona
1379 3195 1577 3262 conscientia
1603 3196 1697 3262 aiunt
1725 3197 1816 3280 pium
1846 3198 1987 3282 aliquem
2013 3221 2107 3266 men-

117 3283 176 3350 nisi
196 3286 381 3371 interrupte
408 3293 442 3350 et
466 3285 631 3350 rarissime
658 3281 755 3347 detur
776 3280 941 3358 evolvere,
970 3287 1082 3346 tamen
1133 3301 1188 3346 sae
1216 3281 1461 3347 daemoniorum
1489 3281 1679 3366 participem
1708 3303 1780 3349 esse
1810 3303 1922 3366 posse,
1955 3293 2012 3350 ant
2044 3286 2108 3352 isi

117 3387 177 3434 nen
197 3371 294 3437 video
315 3369 377 3436 hac
398 3372 453 3437 ria
469 3389 656 3454 processum
677 3367 786 3432 fuisse.
817 3363 954 3432 Videbis
971 3367 1082 3451 igitur,
1134 3366 1217 3458 Baal
1238 3387 1327 3452 genu
1346 3387 1442 3452 posse
1462 3368 1652 3447 incurvare,
1685 3389 1787 3452 quum
1817 3379 1903 3435 esset
1923 3371 2027 3438 satius
2049 3308 2107 3438 db·

116 3454 159 3518 mi
181 3455 307 3540 Capito,
335 3477 378 3522 ne
406 3455 535 3540 uspiam
555 3455 632 3521 edas
654 3453 740 3538 quod
761 3453 920 3536 impietati
942 3451 1081 3535 patroci-
1133 3473 1206 3519 cere
1228 3463 1266 3517 ut
1282 3455 1441 3519 fateretur
1457 3455 1680 3537 unusquisque
1691 3453 1863 3520 Christum
1881 3462 1915 3521 et
1934 3455 2107 3524 damnaret

116 3547 216 3621 netur,
238 3563 301 3609 nac
322 3541 410 3608 unde
428 3563 498 3608 sese
515 3549 671 3606 tueantur
689 3539 853 3622 pontificii.
887 3537 976 3603 Pure
999 3557 1082 3621 quae
1133 3539 1334 3622 impietatem
1356 3539 1560 3622 pontificiam
1586 3547 1714 3622 aperte,
1743 3548 1816 3619 aut,
1846 3542 1874 3606 si
1903 3561 1970 3606 non
1998 3550 2106 3627 potest

114 3643 200 3706 para,
224 3649 262 3694 ao
285 3637 395 3695 sancte
416 3635 529 3693 sancta
550 3635 737 3702 tractemus,
765 3621 860 3708 idque
881 3623 985 3688 multa
1006 3643 1081 3689 eum
1133 3646 1192 3708 per
1208 3625 1442 3703 infirmitatem,
1465 3645 1536 3690 sese
1552 3623 1757 3705 subduceret,
1779 3633 1982 3711 mortemque
1998 3631 2106 3714 potius

116 3709 281 3797 diligentia
303 3723 336 3779 et
362 3735 441 3780 cura
469 3711 610 3796 nequid
638 3719 788 3777 nostrum
819 3708 939 3776 divinis
960 3709 1080 3774 admis·
1133 3718 1310 3794 appeteret,
1332 3731 1430 3792 quam
1442 3710 1612 3777 Christum
1629 3709 1842 3776 inhonoraret
1860 3733 1898 3779 ac
1919 3735 2013 3779 suam
2030 3715 2105 3782 doo-

114 3815 248 3867 eeamns,
1133 3797 1254 3861 trinam
1276 3796 1428 3862 omnibus
1455 3805 1640 3881 suspectam
1668 3795 1827 3862 redderet.
1878 3799 1952 3864 Non
1974 3809 2105 3868 moveat

194 3885 294 3968 Quod
315 3886 405 3970 cupis
428 3885 569 3950 elavium
598 3904 692 3948 usum
716 3903 780 3966 quo
800 3881 1007 3948 contineatur
1029 3901 1081 3946 ec·
1133 3903 1203 3960 nos,
1225 3881 1399 3966 plerosque
1420 3881 1535 3948 relicta
1556 3883 1707 3968 Aegypto
1729 3883 1985 3965 obmurmurare,
2014 3886 2105 3953 dete·

115 3967 206 4036 olesia
225 4022 360 4038 .....
369 3973 399 4056 ⁴)
422 3971 483 4036 hoe
505 3971 588 4036 faxit
609 3967 771 4035 Christus.
804 3967 846 4032 In
867 3967 929 4033 hoc
951 3987 1081 4033 eramus
1132 3970 1234 4034 riores
1254 3975 1288 4033 et
1308 3967 1533 4033 insolentiores
1554 3967 1636 4047 fieri,
1661 3987 1757 4052 quam
1778 3989 1880 4068 quum
1902 3971 2016 4056 iugum
2038 3975 2105 4039 Ae-

132 4057 164 4120 ni
185 4057 241 4124 hie
263 4057 432 4137 docemus,
462 4065 500 4122 ut
526 4057 620 4120 iuxta
640 4061 850 4138 praeceptum
872 4051 998 4118 Christi
1020 4073 1080 4135 pu·
1134 4055 1284 4140 gyptium
1311 4053 1443 4118 famant.
1491 4053 1671 4119 Precemur
1698 4055 1895 4134 Dominum,
1922 4071 1956 4120 et
1977 4065 2107 4127 tantum

113 4075 192 4207 ilice
211 4143 415 4210 offendentes
444 4139 612 4208 ecelesiam
642 4155 675 4206 ct
696 4141 751 4222 qui
775 4137 970 4203 admonendi
993 4146 1080 4216 sunt,
1133 4139 1220 4222 quod
1248 4137 1340 4204 iubet
1361 4139 1525 4205 Dominus
1554 4159 1707 4222 agamus,
1737 4141 1838 4226 impio
1861 4161 1954 4206 suam
1977 4136 2106 4210 admin-

114 4225 243 4296 deleetis
265 4230 388 4313 aliquot
407 4228 517 4312 probis
538 4247 610 4293 cum
634 4225 801 4303 ministris,
828 4224 1083 4289 admonerentur
1133 4226 1254 4292 olemus
1281 4224 1498 4307 impietatem,
1528 4223 1752 4308 praedicemus
1780 4225 1989 4310 evangelium
2017 4231 2107 4297 omni

113 4315 209 4380 mmol
237 4325 335 4399 atque
363 4315 501 4390 iterum,
531 4311 665 4378 medem
686 4331 746 4396 per
772 4323 915 4378 coetum:
945 4308 1081 4394 quodsi
1133 4319 1316 4390 creaturae,
1344 4331 1427 4394 quae
1455 4309 1607 4376 docemus
1634 4309 1822 4376 adnitamur
1842 4323 2009 4396 praestare
2031 4337 2107 4384 oum

112 4419 174 4464 non
196 4401 366 4480 audirent,
395 4409 432 4466 ut
452 4399 577 4465 ethnici
599 4397 808 4475 haberentur,
836 4395 950 4462 relicta
971 4395 1081 4480 gladio
1133 4395 1273 4463 Christo.

113 4505 169 4550 sua
190 4507 323 4571 semper
345 4493 502 4570 potestate
528 4485 564 4550 in
593 4504 706 4550 omnes
735 4483 790 4565 qui
810 4481 961 4546 civilibus
982 4482 1080 4548 iussis
1218 4479 1315 4562 Quod
1338 4489 1388 4547 est
1408 4481 1580 4566 reliquum,
1607 4481 1673 4546 imo
1695 4481 1852 4565 quidquid
1874 4491 1938 4562 est,
1961 4485 2105 4554 Domino

110 4591 174 4636 nen
196 4573 471 4657 obtemperarent.
504 4569 581 4650 Sed,
604 4577 642 4634 ut
663 4569 756 4646 nosti,
779 4567 891 4632 divina
912 4565 953 4631 ab
975 4567 1079 4632 homi·
1131 4569 1388 4634 committamus:
1410 4568 1587 4650 purissima
1608 4568 1650 4632 sit
1671 4567 1819 4633 doctrina
1836 4577 1871 4634 et
1887 4589 1907 4633 a
1923 4569 2026 4637 larvis
2043 4572 2106 4638 hu·

110 4657 205 4723 nibus
228 4679 298 4724 non
319 4658 384 4724 fide
400 4658 541 4742 perfecta
558 4664 727 4721 curantur:
750 4653 839 4718 lente
857 4654 941 4718 fiunt
960 4654 1079 4732 omnia,
1131 4653 1238 4720 manis
1260 4653 1484 4719 semotissima.
1529 4651 1690 4734 Quamvis
1712 4654 1834 4720 veritas
1862 4655 1968 4722 omnis
1990 4677 2011 4722 a
2031 4655 2104 4723 Deo

110 4763 150 4808 ne
178 4741 286 4812 dicam
314 4743 505 4810 lentissime.
555 4741 625 4806 Nos
651 4759 822 4824 urgemus,
851 4737 908 4804 sed
930 4759 997 4804 non
1019 4757 1079 4822 pro
1132 4740 1190 4818 sit,
1220 4738 1296 4823 quid
1325 4759 1406 4822 opus
1427 4749 1478 4805 est
1506 4746 1606 4804 testes
1634 4739 1736 4806 citare
1765 4738 1911 4806 diabolos
1934 4739 2104 4808 Christum

111 4825 280 4912 dignitate.
324 4828 435 4911 Quam
455 4827 568 4912 procul
597 4837 726 4891 amata
745 4845 859 4890 oureus
887 4833 953 4904 est,
983 4845 1080 4908 quem
1132 4825 1286 4891 virtutem
1315 4823 1381 4890 Dei
1409 4823 1609 4890 clamantes?
1660 4823 1749 4906 Quid
1778 4825 1818 4891 ab
1848 4827 2103 4895 incantatoribus

111 4911 164 4980 det
190 4915 347 4982 Christus
380 4925 417 4982 ut
447 4935 546 5000 ocyor
580 4914 624 4978 sit
651 4921 684 4978 et
718 4909 760 4976 ad
789 4919 910 4976 mamm
937 4911 1079 4994 propior,
1132 4919 1165 4976 et
1185 4911 1307 4995 magis,
1336 4919 1370 4975 et
1397 4909 1439 4974 iis
1467 4909 1523 4993 qui
1549 4931 1630 4993 pure
1657 4908 1771 4976 divina
1798 4931 1865 4976 non
1887 4909 2103 4994 tradiderunt,

109 5003 196 5068 totus
223 5001 426 5086 propendeat
451 5021 517 5066 non
545 5019 565 5064 a
593 4997 768 5082 pmdentia
803 4996 948 5061 humana
975 4994 1032 5061 sed
1060 5015 1081 5060 a
1131 5017 1190 5079 pro
1210 4993 1382 5062 firmandis
1404 4994 1525 5060 divinis
1552 4997 1720 5080 suppetiae
1741 4995 1922 5080 petendae?
1966 4997 2104 5067 Paucis

109 5085 250 5172 simplici
271 5087 369 5154 verbo
391 5086 536 5154 Domini.
1132 5081 1216 5146 sima
1235 5079 1332 5147 Pauli
1354 5101 1395 5146 ex
1422 5082 1565 5164 profanis
1587 5080 1727 5148 adduota
1752 5103 1820 5148 non
1846 5080 1966 5148 debent
1986 5085 2104 5170 impel-

1131 5167 1200 5232 lere
1221 5187 1281 5232 nos
1302 5185 1395 5233 sacra
1415 5167 1557 5251 profanis
1575 5177 1613 5233 ut
1629 5169 1839 5234 misceamus:
1862 5187 1903 5232 ex
1919 5169 2012 5252 puris
2030 5171 2103 5238 fon·

210 5275 244 5344 4)
263 5291 317 5332 Μ
333 5275 424 5333 am
1132 5253 1220 5318 tibus
1242 5251 1423 5318 haudenda
1444 5267 1521 5320 sunt
1543 5273 1639 5338 pure,
1669 5262 1703 5321 et
1734 5253 1774 5320 ab
1800 5251 2004 5322 indubitatae
2025 5257 2103 5328 fidei

1863 5353 1898 5408 '10
