4804 6012
156 367 215 430 169
1039 363 1270 434 OONSILIA.
2097 372 2161 435 170

153 553 259 620 tiones
281 555 406 638 quoties
428 554 586 620 miraoulo
615 553 737 638 aliquid
764 555 800 620 in
827 575 948 620 noram
975 562 1128 620 naturam
1182 553 1233 618 ria
1260 554 1392 636 genitus
1421 561 1472 618 est
1493 551 1660 633 (lhristus,
1688 561 1892 636 prooroatum
1921 575 1992 622 esse
2019 579 2061 622 ex
2088 559 2159 624 eius

152 647 322 706 mutamm
342 648 405 718 081,
434 641 623 724 importune
651 641 718 706 huo
746 649 931 724 torquetur,
959 641 1130 723 quianon
1182 640 1316 704 semine.
1368 637 1473 704 Sienti
1501 641 1600 704 etiam
1627 661 1728 722 quum
1757 638 1878 706 dieitur
1904 641 1992 707 Boou
2024 644 2156 727 genitus

154 727 264 811 poluit
286 726 428 792 essentia
448 725 514 791 Dei
536 727 670 806 mutari,
690 728 787 793 siouti
808 735 991 794 creaturae:
1014 734 1048 792 et
1072 726 1129 791 de·
1182 746 1224 790 ex
1257 723 1390 803 Rahab,
1429 725 1547 791 similis
1579 734 1715 790 notatur
1746 728 1924 810 generatio.
1979 727 2048 795 Neo
2080 751 2158 795 rere

154 811 304 878 testabile
331 819 551 884 oemmeutum
579 822 630 880 est
653 814 779 897 lingere
797 811 864 878 Dei
890 813 1066 878 essentiam
1094 813 1129 876 in
1181 811 1374 876 Matthaeus
1393 811 1447 878 hio
1468 811 1632 896 virginem
1654 810 1747 895 quasi
1769 811 1882 878 canale
1903 811 2071 894 deseribit,
2100 836 2158 899 por

155 905 247 982 patre
268 919 340 964 esse
358 899 519 983 spiritum,
541 900 576 963 in
598 897 667 963 filio
689 921 761 966 esse
783 915 910 981 eorpus.
1179 897 1267 979 quod
1297 897 1433 962 fluxerit
1453 895 1623 962 Christus:
1657 897 1714 963 sed
1740 896 1828 962 huno
1854 899 2029 966 mirilleum
2058 921 2158 986 gene-

239 984 487 1067 Argumontum
508 983 595 1068 quod
616 985 759 1051 sumitur
780 983 976 1050 adanorum
995 983 1130 1068 partioi·
1181 980 1278 1046 randi
1298 1003 1424 1048 morem
1446 1004 1466 1048 a
1487 982 1619 1066 vulgari
1640 983 1805 1062 diseernit,
1834 984 1920 1066 quod
1942 1006 2001 1067 per
2021 1008 2095 1052 eam
2117 1009 2159 1054 ex

155 1069 288 1152 petione
310 1070 518 1154 impudenter
538 1070 709 1136 transulit
757 1071 844 1135 Nam
875 1068 951 1135 iude
978 1081 1065 1135 oerte
1088 1067 1131 1134 ad
1182 1069 1307 1134 semine
1339 1068 1478 1135 Doridis
1512 1069 1642 1153 genitus
1680 1070 1781 1134 tuerit
1812 1068 1975 1136 Christus.
2029 1071 2158 1138 Eadem

155 1176 214 1220 nos
234 1155 377 1238 pertinet
404 1155 562 1240 quidquid
584 1155 718 1222 Ohristo
747 1155 1020 1238 eontulitpater:
1054 1156 1131 1238 quia
1182 1155 1271 1218 enim
1293 1153 1419 1220 ratione
1446 1175 1511 1238 qua
1532 1154 1626 1220 Isaeo
1653 1175 1695 1220 ox
1717 1154 1901 1234 Abraham,
1929 1155 2087 1222 Solomen
2115 1179 2157 1224 ex

156 1249 256 1324 eaput
276 1249 327 1306 est
348 1263 389 1306 ex
412 1262 476 1325 quo
499 1251 604 1307 totum
632 1263 751 1326 eorpus
777 1263 837 1326 per
862 1242 1033 1307 iuueturas
1054 1263 1130 1307 eon·
1184 1240 1323 1318 Doride,
1345 1239 1465 1324 Ioseph
1487 1261 1529 1306 ex
1547 1240 1656 1320 Iacob,
1678 1240 1829 1306 similiter
1851 1241 2002 1308 Christus
2025 1265 2065 1309 ex
2088 1265 2158 1310 ma

157 1347 280 1392 nexum
310 1327 409 1393 simul
438 1327 598 1394 eoaleseit.
648 1327 721 1393 Imo
748 1349 814 1392 non
842 1327 938 1392 ahter
959 1328 1131 1392 oonreuiet
1182 1337 1234 1390 tre
1266 1327 1398 1410 genitus
1430 1347 1501 1392 esse
1534 1326 1660 1392 dieitur.
1717 1325 1887 1393 Sermonis
1919 1328 2006 1394 enim
2039 1331 2158 1396 seriem

157 1409 241 1496 quod
265 1412 400 1491 dieitur,
429 1414 583 1496 spiritum
611 1414 641 1479 ei
663 1413 776 1479 datum
799 1434 870 1480 esse
895 1411 1016 1496 absque
1038 1433 1131 1478 men·
1182 1412 1385 1494 evangelista
1406 1411 1562 1478 contexit.

157 1519 249 1578 sura,
287 1507 325 1563 ut
361 1498 401 1564 de
439 1498 647 1582 plenitudine
681 1501 751 1566 eius
788 1498 980 1564 hauriamus
1018 1519 1132 1564 omnes
1268 1497 1309 1562 In
1331 1495 1458 1564 deeimo
1479 1505 1672 1582 argumento
1694 1519 1787 1564 suam
1805 1499 2042 1582 impudentiam
2060 1501 2159 1566 nimis

156 1582 283 1670 (Ioann.
308 1587 333 1664 1,
356 1589 410 1665 16;
429 1588 459 1664 3,
479 1587 543 1664 34).
576 1585 649 1651 Nisi
670 1586 753 1650 forte
770 1585 931 1650 Mennoni
953 1582 1131 1650 absurdum
1183 1585 1324 1666 turpiter
1345 1582 1461 1666 prodit
1496 1581 1668 1664 Quomodo
1689 1585 1779 1649 enim
1801 1583 2019 1668 quadrabunt,
2042 1607 2159 1652 seeun-

156 1691 221 1734 non
244 1679 309 1748 est,
333 1671 443 1736 Deum
467 1673 503 1736 in
525 1693 585 1737 sua
606 1672 750 1738 essentia
773 1671 957 1736 adventitio
979 1670 1063 1736 dono
1083 1671 1130 1736 lo·
1184 1668 1261 1734 dum
1284 1691 1416 1735 earnem
1441 1667 1611 1734 Ohristum
1634 1691 1704 1736 esso
1726 1691 1767 1736 ex
1796 1671 1920 1736 semine
1939 1671 2098 1752 Doridis,
2126 1681 2160 1739 et

156 1755 322 1839 eupletari.
371 1757 446 1823 Hae
480 1758 579 1822 etiam
610 1757 737 1822 ratione
770 1756 850 1824 dioit
874 1756 1029 1822 Christus
1060 1758 1131 1840 ipse
1183 1763 1294 1819 tamen
1315 1776 1382 1819 non
1405 1754 1502 1820 aliter
1523 1756 1633 1822 roaari
1654 1755 1769 1836 filium,
1792 1756 1856 1821 nisi
1878 1757 1955 1840 quia
1976 1758 2159 1840 promissus

156 1841 288 1926 (Ioann.
313 1847 455 1922 17,19):
489 1843 561 1927 Ego
583 1849 718 1926 propter
739 1864 793 1910 eos
815 1843 983 1908 sanetifieo
1005 1863 1059 1907 me
1080 1843 1130 1926 ip·
1182 1849 1234 1906 081
1254 1861 1292 1905 00
1314 1840 1475 1906 donatus?
1520 1841 1606 1907 Nam
1634 1851 1806 1924 postquam
1833 1843 1938 1908 filium
1961 1841 2026 1908 Dei
2051 1845 2158 1910 nomi·

155 1949 236 1994 sum.
292 1928 445 2011 Improba
478 1929 579 2012 igitur
609 1929 769 1995 mentitur
796 1949 960 2012 nusquam
987 1927 1069 1994 haee
1094 1929 1131 1992 in
1183 1927 1276 1994 narit
1297 1927 1437 2006 Paulus,
1466 1928 1621 1993 eontinno
1642 1936 1716 2011 pest
1737 1926 1912 1994 subiiciens
1934 1929 2043 2004 (Rem.
2067 1937 2093 2009 l,
2113 1931 2158 2015 3),

155 2013 325 2097 seripturis
347 2014 422 2099 legi.
1183 2013 1365 2079 seeundum
1387 2032 1518 2078 earnem
1541 2033 1612 2078 esse
1633 2035 1675 2078 ex
1697 2014 1822 2078 semine
1844 2014 1993 2091 Daridis,
2023 2015 2157 2083 distino-

239 2098 412 2180 Quantum
448 2100 490 2166 ad
529 2101 753 2166 testimonium
786 2099 890 2166 Musis
922 2105 1063 2183 speetat,
1102 2101 1131 2166 si
1182 2107 1254 2163 tum
1276 2105 1363 2164 oerte
1385 2099 1508 2182 aliquid
1537 2120 1557 2164 a
1584 2098 1696 2164 diriua
1722 2098 1867 2164 essentia
1894 2109 1995 2165 notat.
2045 2098 2102 2168 Sie
2124 2109 2159 2168 et

154 2183 255 2270 probe
285 2186 498 2269 expenditur,
527 2187 631 2270 magis
659 2186 780 2270 premit
799 2186 1000 2251 Mennonem
1032 2205 1130 2269 quarn
1182 2205 1269 2250 nouo
1301 2185 1405 2267 eapite
1438 2189 1482 2268 (r.
1507 2183 1541 2270 5)
1574 2185 1684 2250 Deum
1715 2183 1922 2251 beuediotum
1955 2187 2157 2270 praedicans,

153 2279 249 2336 0180
271 2272 426 2354 expedire
447 2283 553 2356 queat.
587 2272 701 2356 Neque
718 2272 808 2337 enim
828 2271 868 2338 de
885 2293 952 2338 uno
969 2269 1132 2338 duntaxat
1181 2291 1329 2336 seorsum
1357 2271 1464 2355 ponit,
1493 2269 1674 2337 seeundum
1702 2291 1833 2338 earnem
1862 2291 1904 2336 ex
1925 2271 2057 2338 Iudaeis
2085 2273 2159 2340 des·

153 2356 287 2423 Christo
316 2357 384 2424 illio
413 2379 520 2424 sermo
546 2359 701 2438 habetur,
734 2355 792 2423 sed
820 2357 860 2422 de
887 2365 957 2422 tote
986 2358 1131 2423 humano
1181 2355 1328 2422 uendere.
1386 2356 1458 2421 Iam
1489 2357 1554 2422 uisi
1579 2377 1658 2423 rere
1685 2357 1815 2441 genitus
1843 2366 1930 2422 esset
1960 2379 2001 2423 ex
2032 2360 2158 2426 somine

155 2463 286 2527 genere.
330 2443 455 2509 Verum
479 2441 611 2528 quidem
639 2453 690 2510 est
710 2451 838 2527 partam
861 2463 933 2508 esee
955 2464 976 2507 a
997 2442 1130 2510 Christo
1181 2442 1336 2521 Daridis,
1365 2442 1443 2526 quid
1472 2443 1596 2508 ralebit
1621 2443 1768 2526 loquutio
1796 2441 1867 2521 illa,
1895 2453 1933 2508 ut
1958 2446 2002 2508 sit
2027 2446 2156 2513 fruetus

153 2529 336 2606 riotorianr,
359 2528 417 2596 ssd
439 2530 637 2614 generaliter
654 2529 850 2612 pronunciat
871 2527 964 2594 Deus
982 2538 1130 2612 posteros
1182 2529 1308 2594 ventris
1330 2529 1400 2594 eius
1429 2537 1463 2593 et
1490 2549 1531 2594 ex
1553 2529 1674 2594 lumbis
1696 2527 1919 2594 descenderit?
1965 2528 2076 2596 Stulte
2099 2553 2156 2598 au-

152 2614 302 2680 mulieris
320 2615 505 2698 superiores
522 2616 590 2681 iore
599 2615 741 2682 Diabolo
762 2614 863 2700 (Gen.
884 2617 913 2694 3,
936 2615 999 2699 te).
1032 2613 1130 2681 Unde
1184 2621 1248 2679 tem
1269 2613 1389 2693 obiicit,
1411 2635 1477 2680 non
1495 2635 1589 2698 posse
1607 2615 1670 2680 diei
1687 2615 1871 2679 naturalem
1883 2615 2023 2681 Daridis
2040 2617 2156 2696 lilium,

153 2701 312 2784 sequitur,
336 2701 505 2766 Christum
536 2722 577 2766 ex
605 2702 750 2766 humano
778 2721 899 2784 genere
922 2720 993 2767 esse
1014 2721 1130 2785 proge-
1181 2700 1259 2782 qnia
1279 2700 1416 2766 verbum
1439 2701 1562 2766 laetum
1584 2709 1634 2766 est
1656 2719 1747 2766 earo:
1767 2701 1845 2783 quia
1861 2710 1990 2768 constat
2007 2724 2074 2768 non
2093 2703 2157 2768 alio

152 2787 272 2851 nitum.
317 2787 438 2852 Totum
459 2809 538 2852 rere
559 2807 693 2853 sensum
709 2793 904 2870 pervertunt
925 2786 1130 2854 eabelistieae
1182 2807 1281 2852 sensu
1303 2786 1365 2852 hoo
1387 2784 1460 2866 diei,
1483 2787 1545 2851 nisi
1568 2787 1645 2870 quia
1665 2786 1927 2852 earnem·induit
1948 2795 1982 2851 01
2001 2789 2157 2854 manifes-

152 2871 333 2938 Mennonis
360 2873 423 2938 alle
467 2874 550 2951 riae,
578 2873 664 2956 quod
692 2873 810 2938 mulier
836 2872 964 2939 dicatur
985 2873 1129 2950 eoelesia,
1181 2879 1270 2937 tatus
1292 2873 1398 2938 estin
1420 2893 1529 2938 earne.
1578 2872 1714 2937 Mulieri
1741 2893 1808 2938 non
1836 2892 1907 2938 esse
1930 2875 2157 2956 generativum

153 2958 229 3041 qnia
241 2957 414 3024 eonsilium
461 2960 491 3024 ei
508 2967 559 3024 est
575 2959 692 3037 Eram,
715 2979 814 3042 quam
837 2958 1023 3042 alloquitur,
1044 2957 1131 3024 bona
1181 2978 1293 3024 semen
1322 2957 1401 3024 dieit
1428 2957 1565 3024 bienno:
1599 2958 1655 3024 sed
1686 2958 1759 3042 quis
1792 2966 1922 3040 praeter
1949 2979 2157 3026 communem

153 3063 211 3127 spe
238 3044 374 3128 erigere.
425 3045 499 3111 Hoe
527 3047 626 3110 etiarn
655 3045 725 3110 loeo
757 3046 956 3111 solutionum
988 3045 1129 3110 varietas
1181 3043 1329 3108 omnium
1356 3043 1554 3110 sententiam
1582 3043 1704 3111 iudooti
1730 3043 1874 3110 hominis
1906 3047 2064 3130 figmento
2086 3069 2157 3114 ere-

153 3135 340 3196 tortuosum
368 3137 401 3196 et
432 3131 595 3197 lubrioum
624 3151 765 3214 anguem
794 3129 946 3196 ostendit.
991 3130 1129 3196 Interim
1182 3128 1259 3194 det?
1304 3127 1502 3214 Quanquam
1529 3130 1653 3195 mirum
1680 3138 1731 3196 est
1758 3131 1805 3196 810
1826 3130 1934 3215 ipsum
1955 3152 2072 3198 rerum
2094 3134 2156 3197 mi·

152 3216 311 3281 rioterern
329 3218 491 3303 serpentis
508 3239 550 3282 ex
566 3217 715 3296 muliere,
733 3237 815 3300 quae
832 3214 964 3301 ἄσπορος
975 3225 1033 3296 081,
1052 3237 1129 3299 pre·
1181 3215 1328 3281 raoulnm
1350 3235 1481 3300 negare,
1504 3215 1585 3280 dum
1602 3215 1815 3282 salsissimum
1831 3225 2021 3300 portentum
2039 3217 2079 3284 de
2097 3239 2157 3286 suo

151 3301 242 3366 mitti
269 3301 397 3381 dieens,
424 3323 630 3386 nequaqnam
659 3319 694 3368 80
729 3303 878 3368 extrieat.
932 3302 1007 3368 Nisi
1040 3303 1128 3368 enim
1181 3301 1319 3386 affingit,
1341 3302 1376 3366 in
1398 3322 1461 3384 quo
1483 3300 1704 3368 admirabilior
1725 3302 1768 3368 sit
1788 3300 1853 3367 Dei
1874 3303 2030 3386 potentia,
2053 3305 2080 3370 81
2098 3325 2156 3370 re-

152 3407 265 3454 semen
288 3397 376 3454 esset
392 3388 427 3453 in
448 3387 594 3465 muliere,
617 3387 699 3454 falsa
716 3395 803 3454 esset
824 3387 1004 3472 promissio.
1181 3408 1256 3452 rum
1277 3399 1364 3453 esset
1384 3387 1470 3472 qnod
1490 3387 1675 3471 persuadet,
1703 3397 1870 3454 aeternam
1892 3389 1956 3454 Dei
1979 3390 2156 3456 essentiam

240 3474 444 3540 Testimouia
481 3475 539 3539 ubi
572 3473 725 3540 Ohrietus
763 3495 874 3540 semen
908 3473 1062 3540 Abrahae
1095 3481 1130 3540 et
1182 3481 1345 3538 mutatam
1360 3495 1431 3539 esse
1446 3473 1482 3538 in
1497 3474 1635 3540 mortale
1650 3495 1778 3558 eorpus.
1812 3473 2033 3558 Nugatorium
2056 3476 2156 3540 etiam

152 3558 747 3638 110010810011181100111181000101,
769 3561 870 3625 nimis
892 3559 1129 3643 improbeeor-
1182 3565 1232 3624 081
1260 3557 1346 3642 qued
1373 3559 1494 3643 repetit
1527 3581 1593 3625 non
1629 3581 1722 3644 posse
1751 3557 1858 3624 doceri
1894 3571 1983 3626 oerto
2011 3561 2155 3626 Mariam

150 3646 288 3730 rumpit
318 3645 404 3710 Nam
428 3647 456 3711 si
474 3647 646 3730 allegorice
667 3641 810 3728 positum
832 3653 919 3712 esset
939 3667 1060 3711 nomen
1078 3667 1130 3712 se·
1181 3664 1253 3710 esse
1282 3645 1427 3729 genitam
1456 3667 1499 3710 ex
1528 3647 1652 3711 semine
1674 3644 1827 3710 Doridis:
1859 3647 1936 3728 quia
1963 3645 2155 3712 Matthaeus

150 3731 263 3810 minis,
283 3731 410 3797 Paulus
431 3741 522 3798 oerte
543 3737 564 3796 4
585 3731 628 3798 ad
650 3732 789 3798 Galatas
815 3733 922 3816 eapite
944 3732 1044 3816 (1.4)
1068 3733 1129 3798 hoo
1180 3731 1320 3814 probare
1348 3729 1462 3796 rolens
1484 3731 1654 3798 Ohristum
1684 3751 1755 3797 esse
1784 3730 1932 3816 genitum
1959 3753 2000 3796 ex
2030 3733 2155 3798 semine

150 3837 220 3884 non
238 3817 403 3884 tacuisset.
447 3817 544 3884 Clare
567 3825 678 3884 autem
699 3827 733 3884 et
754 3820 825 3884 sine
846 3819 955 3902 figura
976 3818 1128 3894 affirmat,
1181 3815 1328 3895 Doridis,
1352 3815 1430 3881 dum
1453 3817 1514 3884 hoe
1536 3839 1602 3882 uno
1623 3826 1796 3883 eontentus
1817 3825 1876 3896 est,
1900 3837 1940 3880 ex
1953 3816 2061 3882 Maria
2083 3838 2155 3885 esse

150 3924 221 3968 non
255 3923 326 3968 esse
357 3903 468 3986 plures
500 3904 654 3970 Abrahae
686 3904 768 3970 filies
801 3903 1036 3988 redemptores,
1071 3901 1129 3969 sed
1180 3903 1338 3984 genitum,
1361 3911 1450 3968 oerte
1471 3925 1531 3986 pro
1548 3923 1584 3972 re
1602 3905 1748 3969 00110880
1765 3903 1874 3981 sumit,
1897 3902 2038 3968 Mariam
2055 3903 2156 3970 luisse

151 4010 259 4054 unum
282 3988 463 4056 Christum.
513 3990 636 4056 Fateor
664 4011 705 4056 ex
731 3989 926 4074 genealogia
947 4009 1012 4054 non
1035 3988 1129 4054 aliter
1180 3988 1460 4072 consanguineam
1482 3987 1612 4072 Ioseph.
1644 3987 1739 4070 Quod
1758 3997 1868 4053 autem
1887 3987 2021 4055 addueit
2042 4010 2155 4058 semen

151 4075 264 4158 eolligi
287 4073 459 4141 Christum
481 4096 554 4141 esse
575 4075 681 4141 lilium
703 4075 859 4154 Doridis,
890 4074 955 4140 nisi
984 4075 1060 4158 quia
1086 4095 1127 4140 ex
1179 4094 1238 4157 pro
1259 4074 1453 4156 posteritate
1476 4076 1575 4154 sumi,
1606 4075 1704 4138 nimis
1726 4073 1868 4138 dilutum
1891 4082 1956 4139 est:
1989 4076 2154 4158 quianon

151 4161 285 4244 virgine
306 4161 437 4244 genitus
459 4170 516 4226 est.
561 4159 629 4227 Sed
650 4162 749 4228 nimis
770 4159 918 4245 superbe,
936 4168 975 4225 ut
990 4161 1127 4243 impium
1179 4159 1373 4241 simpliciter
1393 4169 1531 4225 roratur
1552 4179 1681 4240 semen,
1709 4159 1766 4224 sed
1793 4159 1913 4225 dieitur
1939 4181 2010 4226 esse
2039 4181 2081 4226 ex
2103 4183 2154 4228 se·

151 4267 252 4310 suum
274 4267 417 4312 errorem
441 4246 584 4312 stabiliat
605 4247 736 4327 bienno,
759 4248 880 4313 evertit
900 4253 1037 4311 naturae
1062 4243 1127 4312 ale-
1178 4245 1277 4310 mine.
1312 4244 1523 4328 Impudentia
1545 4247 1644 4310 etiam
1666 4246 1800 4310 minime
1821 4246 1999 4312 tolerabilis
2020 4257 2071 4312 est
2088 4247 2153 4314 ola-

149 4339 276 4410 menta,
299 4333 452 4398 mulieres
469 4332 670 4397 contendens
692 4341 763 4398 ess'e
783 4331 941 4416 α’σπόρους.
1178 4351 1253 4395 rum
1275 4332 1310 4394 in
1332 4332 1441 4396 verbis
1462 4331 1559 4397 Pauli
1587 4351 1719 4396 sensum
1746 4339 1951 4414 pervertere,
1979 4342 2016 4397 ut
2037 4332 2153 4400 Ohris·

241 4416 403 4484 Octavum
440 4427 670 4502 argumentum
701 4417 742 4482 de
778 4417 969 4502 genealogia
1002 4416 1126 4483 Ohristi
1178 4425 1250 4480 tum
1272 4437 1314 4480 ex
1336 4417 1461 4482 semine
1482 4416 1621 4482 Doridis
1649 4417 1771 4481 laetum
1800 4416 1853 4482 rel
1882 4419 2059 4484 formatum
2081 4440 2153 4486 esse

150 4503 332 4586 sophistiee
354 4503 465 4569 eludit.
508 4505 581 4569 Etsi
606 4503 693 4570 enim
716 4503 906 4569 Mat-thaeus
926 4523 993 4568 non
1014 4523 1127 4568 reeen-
1177 4511 1285 4585 neget

150 4599 207 4656 set
227 4589 354 4656 Mariae
374 4597 536 4673 parentes,
559 4590 617 4656 sed
634 4587 781 4673 Iosephi:
803 4591 880 4672 quia
901 4599 1012 4654 tamen
1033 4586 1073 4654 de
1090 4609 1127 4654 re
1265 4586 1362 4669 Quod
1384 4587 1427 4654 ad
1448 4587 1657 4653 undecimum
1685 4596 1914 4672 argumentum
1938 4597 2077 4674 spectat,
2105 4591 2152 4656 fa-

150 4685 234 4742 1000
255 4675 355 4760 rulgo
377 4687 543 4759 eomperta
563 4675 666 4741 rerba
686 4676 766 4741 facit
797 4677 876 4741 satis
898 4673 998 4739 babet
1018 4683 1127 4740 osten·
1178 4681 1250 4738 teor
1276 4674 1447 4740 ecelesiam
1475 4673 1690 4756 spiritualiter
1718 4695 1788 4740 esse
1820 4693 1953 4740 earnem
1981 4696 2023 4740 ex
2052 4695 2152 4744 earne

151 4759 420 4846 dereIosephum
438 4783 480 4826 ex
494 4761 630 4828 Doridis
649 4761 773 4828 semine
791 4769 900 4826 ortum
919 4781 1002 4826 esse:
1025 4781 1127 4842 quum
1179 4758 1312 4837 Christi,
1335 4771 1395 4826 eto.
1429 4758 1497 4826 Sed
1515 4759 1661 4826 rioissim
1679 4759 1759 4840 dieo,
1782 4767 1820 4826 ut
1838 4760 2018 4838 beedmot,
2037 4759 2152 4828 Chris·

151 4847 235 4914 satis
256 4855 420 4914 constaret
441 4848 582 4913 Mariam
604 4870 646 4912 ex
668 4846 782 4912 eadem
800 4867 870 4912 esse
888 4845 1020 4912 familia.
1053 4847 1127 4911 hla-
1178 4856 1250 4910 tum
1272 4846 1451 4930 sumpsisse
1468 4867 1511 4912 ex
1528 4845 1717 4912 hominibus
1734 4867 1875 4927 earnem,
1898 4848 1932 4912 in
1955 4866 2019 4931 quo
2040 4867 2076 4912 se
2092 4867 2152 4930 pro

152 4934 206 5018 gis
227 4935 327 4998 etiam
354 4943 451 5017 urget
470 4934 597 5012 Luoas,
624 4933 764 4998 salutem
791 4931 966 4998 oGhrieto
994 4931 1127 4996 allatum
1177 4933 1257 5015 ipsis
1278 4933 1506 4998 sanetilioaret.

150 5020 215 5083 toti
244 5020 358 5104 generi
384 5017 530 5083 humano
557 5039 762 5084 eommunem
791 5039 862 5085 esse
890 5017 1023 5095 doeens,
1051 5018 1128 5100 quia
1265 5015 1434 5082 Christum
1464 5019 1574 5085 roeuri
1601 5017 1774 5084 coelestem
1803 5015 1947 5094 eooelo,
1976 5017 2052 5100 quia
2073 5016 2151 5086 inde

151 5104 309 5172 Christus
331 5115 426 5170 autor
453 5104 569 5170 salutis
590 5125 633 5170 ex
654 5105 762 5170 Adam
790 5103 954 5170 eommuni
981 5103 1127 5168 omnium
1178 5123 1309 5168 earnem
1328 5104 1485 5184 attulerit,
1507 5103 1597 5175 omni
1618 5104 1746 5170 ratione
1764 5111 1869 5169 earet:
1891 5102 1989 5186 idque
2007 5104 2151 5170 antithe-

149 5198 247 5274 patre
268 5191 313 5256 sit
332 5191 532 5274 progenitus.
1178 5189 1224 5255 sis
1245 5189 1332 5254 olere
1354 5191 1482 5256 erineit.
1527 5191 1692 5256 Terrenus
1718 5190 1806 5254 enim
1832 5187 1929 5253 homo
1956 5188 2151 5254 tantundem

239 5277 328 5361 Apte
349 5297 391 5342 ex
401 5277 564 5344 Matthaei
583 5276 694 5344 rerbis
710 5275 884 5362 oolligitur,
907 5273 1126 5359 001001Μο-
1177 5275 1269 5344 ralet
1284 5283 1382 5360 atqua
1399 5276 1564 5343 emmelis:
1586 5295 1688 5360 quum
1709 5285 1821 5340 tamen
1842 5275 1985 5340 animam
2003 5295 2046 5340 ex
2063 5283 2151 5340 terre
