4782 6010
884 341 1251 452 Paonueouuus.
1965 351 2112 432 xxvn

123 551 195 595 usus
215 529 312 610 foret,
342 531 379 594 in
405 550 472 596 uno
500 529 553 596 vel
575 529 678 596 altero
699 531 903 616 experientia
923 534 1017 614 facta,
1043 553 1322 616 supervacaneum
1344 533 1504 600 duximus.
1539 495 1621 602 'Sub
1641 535 1708 602 sole
1730 535 1813 602 nihil
1834 539 2014 622 perlectum
2036 561 2108 608 esse

123 650 153 706 et
173 641 205 705 in
225 639 412 707 mortalium
434 641 585 726 operibus
607 662 735 726 semper
755 642 879 727 aliquid
900 642 1087 724 desiderari,
1110 655 1144 710 et
1161 653 1288 710 veteres
1306 643 1442 711 candide
1462 646 1716 730 proclamarunt,
1739 669 1844 732 neque
1861 652 1967 717 nostri
1982 651 2110 729 infitias

122 751 217 816 ibunt
261 751 416 836 Ignoscas
435 752 536 838 igitur
557 752 707 838 benigne,
730 751 759 818 si
781 763 814 818 ot
835 775 895 820 uos
916 755 1080 822 communi
1102 755 1250 820 omnium
1272 757 1350 822 sorti
1372 757 1529 824 obnoxios
1552 755 1813 841 deprehenderis.

938 1149 1140 1236 CAPUT
1170 1151 1228 1235 II.

608 1337 948 1434 EDlTlONIS
976 1336 1204 1434 NOVAE
1233 1335 1609 1436 CONSILIUM.

267 1538 340 1604 Iam
366 1537 506 1606 laudatis
532 1538 670 1608 aliorum
698 1541 785 1606 curis
813 1549 847 1606 et
869 1541 996 1606 meritis
1024 1540 1064 1605 de
1092 1540 1246 1605 thesauro
1266 1538 1396 1604 Oalvini
1428 1539 1592 1623 epistolico
1620 1541 1807 1621 condendo,
1834 1545 1946 1626 paucis
1976 1553 2107 1612 nostros

121 1670 242 1731 quoque
263 1649 297 1714 in
320 1649 432 1716 eodem
455 1650 682 1734 locupletando
707 1652 829 1734 positos
854 1652 980 1718 labores
1007 1651 1067 1718 tibi
1096 1649 1322 1718 commendare
1344 1650 1456 1730 liceat,
1484 1660 1523 1717 ut
1549 1653 1576 1718 si
1605 1674 1672 1719 non
1692 1675 1789 1720 omne
1811 1663 1970 1738 punctum
1992 1656 2106 1727 tulisse

30 1763 34 1774 '
120 1761 293 1840 videamur,
317 1769 403 1826 certe
425 1760 513 1826 haud
535 1763 628 1848 segni
647 1784 748 1828 mauu
769 1785 839 1828 rem
862 1763 998 1830 arduam
1021 1772 1055 1828 et
1075 1783 1178 1846 paene
1199 1763 1392 1828 immensam
1414 1782 1584 1848 aggressos
1606 1785 1677 1830 esse
1696 1764 1828 1832 iudices.
1873 1768 1988 1852 Itaque
2006 1768 2106 1834 bene-

121 1871 188 1938 vcle
209 1891 249 1937 ac
269 1892 432 1956 propenso
454 1874 562 1939 animo
582 1875 691 1958 accipe
713 1895 796 1958 quae
818 1873 857 1940 de
878 1874 1012 1940 consilio
1033 1882 1147 1938 nostro
1169 1879 1280 1938 tecum
1301 1874 1541 1940 communicare
1563 1897 1630 1941 nou
1652 1876 1710 1942 abs
1732 1899 1767 1944 re
1795 1878 1874 1956 erit,
1903 1878 2006 1962 deque
2028 1881 2106 1946 sub·

122 1981 206 2049 sidiis
229 1983 347 2066 quibus
370 1984 617 2070 diligentissime
645 1987 696 2050 usi
722 1985 887 2069 legitimae
914 1985 1060 2050 virorum
1090 1984 1258 2050 doctorum
1287 1984 1464 2050 curiositati
1492 1985 1713 2052 satisfmturos
1742 2009 1802 2054 nos
1831 2009 1903 2054 asse
1924 2010 2105 2072 speramus.

269 2095 418 2162 Primum
441 2097 586 2160 omnium
607 2097 835 2162 constituimus
863 2095 965 2180 ipsius
988 2095 1121 2162 Calvini
1147 2095 1270 2178 scripta
1296 2097 1419 2176 omnia,
1449 2104 1606 2182 quotquot
1627 2099 1763 2182 reperiri
1784 2107 1931 2182 possent,
1961 2099 2107 2184 adeoque

120 2207 169 2272 vel
188 2207 341 2274 minimas
363 2207 432 2274 cius
454 2205 626 2272 schedulas
647 2208 680 2272 in
704 2227 784 2290 quas
805 2209 889 2274 forte
912 2207 1030 2273 alicubi
1051 2206 1284 2286 incideremus,
1313 2207 1404 2272 nullo
1433 2207 1620 2274 becumine
1648 2211 1732 2276 facto
1761 2211 1796 2274 in
1817 2230 1950 2276 censum
1973 2231 2106 2292 vocare;

121 2324 185 2382 tum
206 2318 308 2386 etiam
330 2338 395 2384 non
417 2317 535 2383 minori
563 2316 670 2384 studio
699 2339 754 2386 eas
782 2318 936 2401 epistolas
962 2317 1129 2402 colligere,
1156 2339 1239 2400 quae
1266 2339 1286 2382 a
1306 2316 1552 2402 quibuscunque
1579 2319 1651 2385 aliis
1674 2319 1814 2385 adeum
1836 2322 1954 2386 missae
1975 2322 2106 2388 fuerint

121 2429 162 2494 llt
182 2429 315 2514 quidem
336 2429 505 2512 utriusque
527 2429 622 2494 seriei
645 2428 838 2496 documenta
859 2429 989 2512 integra
1010 2429 1191 2494 describere
1214 2427 1426 2510 decrevimus,
1455 2449 1497 2494 ne
1518 2429 1583 2496 illis
1605 2432 1736 2514 quidem
1757 2431 1903 2516 partibus
1926 2435 2108 2516 suppressis

122 2561 197 2623 quae
225 2549 358 2606 nostrae
387 2541 502 2606 aetatis
529 2539 705 2606 lectoribus
734 2538 838 2604 videri
865 2549 999 2622 possent
1024 2541 1092 2606 fere
1119 2539 1241 2606 nullius
1269 2539 1409 2626 amplius
1437 2543 1591 2606 momenti
1619 2565 1702 2622 esse,
1731 2543 1784 2608 vel
1807 2564 1889 2627 quae
1917 2553 2108 2629 προσκαίρως

123 2657 257 2730 tantum,
281 2659 318 2716 ut
339 2651 428 2718 Besa
449 2650 542 2731 dixit,
568 2659 602 2716 et
621 2651 824 2716 familiariter
853 2651 992 2736 scriptae
1013 2659 1046 2716 et
1067 2652 1159 2736 quasi
1180 2651 1217 2714 in
1245 2673 1340 2718 aures
1362 2650 1469 2717 dictae
1491 2651 1586 2718 hodie
1607 2654 1666 2720 vix
1687 2653 1927 2738 intelliguntur.
1971 2657 2110 2723 Praeter

122 2761 177 2828 has
199 2761 283 2828 duas
305 2763 516 2846 epistolarum
537 2762 655 2829 classes
677 2760 844 2847 ὁλοκλήρως
865 2761 1127 2847 recipiendarum
1148 2763 1279 2828 tertiam
1301 2762 1436 2830 fecimus
1462 2783 1575 2829 sarum
1603 2784 1686 2847 quae
1715 2764 1894 2832 adiversis
1915 2769 2107 2848 cenetensis,

121 2875 259 2940 maxime
281 2873 461 2954 Helvetiis,
491 2873 597 2940 Gallis
625 2881 657 2938 et
678 2873 1010 2957 Argentoratensibus
1038 2878 1177 2957 scriptae
1200 2872 1330 2940 Oelvini
1357 2894 1410 2940 res
1438 2874 1607 2960 attingunt
1627 2874 1681 2941 vel
1709 2875 1749 2941 de
1778 2897 1816 2941 eo
1842 2877 1961 2942 iudicia
1988 2879 2107 2960 ferunt,

121 2984 169 3048 Ex
191 2985 244 3052 his
267 3006 307 3050 ea
328 2993 458 3052 tantum
479 2985 651 3070 decerpere
672 2984 795 3068 placuit
822 3005 903 3070 quae
933 2985 973 3052 ed
1004 2985 1173 3050 historiam
1201 2984 1321 3049 summi
1349 2985 1413 3052 viri
1440 2985 1550 3070 aliqua
1575 3007 1617 3050 ex
1639 2993 1732 3070 parte
1753 2987 1981 3054 illustrandam
2002 2989 2108 3056 facere

121 3116 211 3178 posse
235 3094 441 3174 videbantur,
464 3097 511 3162 ita
532 3105 569 3160 ut
591 3097 706 3172 rarius,
729 3105 817 3162 certe
834 3117 901 3162 non
924 3117 1060 3180 semper,
1083 3095 1230 3180 integras
1247 3097 1384 3162 caeteris
1402 3094 1521 3162 addere
1542 3117 1674 3164 neccsse
1694 3098 1802 3164 tuerit.
1834 3099 1986 3164 Huncin
2007 3101 2113 3190 finem,

120 3207 212 3292 plura
233 3207 339 3272 millia
361 3208 571 3291 epistolarum
599 3209 686 3272 inter
713 3229 818 3274 annos
851 3213 931 3272 1530
963 3215 997 3273 et
1029 3211 1108 3272 1564
1137 3208 1332 3292 scriptarum
1360 3207 1574 3292 perlegimus,
1603 3214 1733 3292 praeter
1754 3209 1827 3276 illas
1850 3231 1930 3292 quas
1951 3210 2108 3277 strictiori

119 3339 213 3384 sensu
235 3319 429 3406 calvinianis
451 3317 729 3398 adnumeraveris,
753 3327 790 3383 ut
811 3339 908 3403 quam
929 3318 1106 3384 ditissimos
1126 3319 1244 3384 futuris
1262 3338 1373 3384 rerum
1391 3317 1563 3386 aOalviuo
1583 3327 1750 3404 gestarum
1768 3321 1980 3404 scriptoribus
2001 3323 2108 3390 tontes

119 3431 327 3512 aperiremus.
372 3429 546 3496 Caeterum
569 3453 629 3497 uos
651 3452 763 3496 omnes
791 3453 846 3496 eas
873 3431 1031 3514 recepisse
1059 3451 1140 3513 quas
1162 3430 1250 3496 Besa
1277 3431 1313 3494 in
1339 3451 1436 3496 suum
1465 3429 1655 3497 thesaurum
1683 3430 1813 3511 retulit,
1841 3435 1990 3516 quamvis
2019 3435 2108 3500 inter

118 3538 175 3606 has
196 3533 377 3606 nonnullae
398 3541 604 3625 reperiantur
632 3563 714 3626 quae
740 3540 780 3606 de
802 3541 941 3606 Calvino
969 3543 1100 3626 penitus
1126 3549 1270 3620 taceant,
1300 3563 1377 3608 sane
1405 3541 1467 3608 hoc
1495 3563 1514 3606 a
1536 3542 1616 3608 viris
1643 3540 1746 3607 doctis
1768 3563 1836 3606 non
1859 3544 2106 3628 vituperabitur.

269 3653 331 3718 Est
357 3661 468 3718 tamen
496 3652 536 3719 de
565 3674 627 3736 quo
656 3661 689 3718 te
716 3652 770 3718 hic
791 3673 998 3736 moneamus,
1026 3673 1068 3718 ne
1097 3652 1174 3737 quid
1200 3673 1221 3716 a
1242 3654 1334 3720 uobis
1363 3654 1520 3718 omissum
1549 3653 1712 3719 desideres
1739 3654 1824 3736 quod
1851 3655 1929 3720 olim
1957 3657 2016 3720 sub
2045 3655 2108 3721 hoc

117 3761 338 3848 Epistolarum
359 3764 454 3830 titulo
476 3765 589 3830 venire
611 3765 743 3830 solebat.
787 3763 857 3830 Iam
881 3786 980 3848 supra
1002 3764 1171 3830 Volumini
1202 3786 1337 3848 operum
1358 3763 1420 3830 IX.
1444 3773 1477 3830 et
1498 3765 1621 3848 primae
1643 3766 1729 3846 parti
1751 3765 1794 3830 X.
1818 3767 1941 3831 inserta
1962 3767 2107 3834 habuisti

115 3875 274 3942 nonnulla
301 3896 383 3958 quae
405 3877 493 3942 Besa
520 3877 556 3941 in
584 3898 643 3942 sua
670 3875 859 3943 collectione
887 3875 1097 3959 epistolarum
1129 3875 1435 3960 comprehenderat,
1464 3875 1527 3940 alio
1554 3874 1662 3958 potius
1690 3876 1823 3941 nomine
1852 3876 1965 3961 digna,
1994 3879 2105 3962 plures

115 3985 236 4052 scilieet
260 3986 488 4066 confessiones,
515 3987 732 4072 praefationes
755 3985 911 4070 quasdam
933 3987 1071 4052 aliorum
1093 3988 1222 4070 scriptis
1243 3988 1449 4070 praemissas,
1472 3996 1506 4050 et
1525 3987 1668 4052 maxime
1691 4007 1772 4068 quae
1795 3986 1948 4052 dicuntur
1969 3990 2105 4057 consilia

114 4095 304 4184 theologica.
348 4099 439 4164 Haec
468 4099 578 4164 omnia
606 4099 757 4182 plurimis
786 4097 946 4164 similibus
974 4097 1234 4166 tractatiunoulis
1261 4099 1387 4176 iuncta,
1415 4118 1497 4180 quae
1523 4098 1649 4180 primus
1678 4095 1782 4162 editor
1810 4095 1862 4162 vel
1884 4099 2028 4184 neglexit
2049 4101 2105 4167 vel

114 4209 211 4274 ctiam
233 4209 290 4274 alii
312 4217 398 4276 tomo
420 4209 595 4276 destinavit
606 4209 849 4294 Opuseulorum
866 4209 935 4276 sive
953 4211 1168 4276 Tractatuum
1189 4209 1284 4275 titulo
1306 4209 1471 4293 insignito,
1493 4229 1639 4274 seorsum
1661 4208 1721 4273 sub
1743 4209 1840 4274 certis
1862 4209 2104 4296 commodisque

114 4321 250 4390 rubricis
272 4321 428 4388 collocare
449 4321 639 4388 maluimus:
662 4322 709 4386 ita
729 4329 843 4387 tamen
863 4329 901 4386 ut
923 4341 961 4386 ea
982 4342 1064 4406 quae
1082 4323 1164 4388 citra
1185 4341 1329 4387 errorem
1356 4319 1398 4386 ad
1426 4341 1521 4386 sumn
1544 4317 1629 4383 diem
1651 4326 1684 4382 et
1704 4318 1870 4385 consulem
1892 4321 2007 4388 referri
2027 4345 2102 4408 pos-

114 4443 196 4512 sunt,
220 4455 265 4498 ne
287 4431 365 4516 quid
386 4454 444 4518 per
464 4433 659 4498 oblivionem
689 4432 840 4498 exsulare
860 4430 1021 4511 videatur,
1043 4432 1097 4497 hic
1117 4453 1242 4515 quoque
1264 4453 1323 4498 suo
1345 4431 1457 4497 ordine
1479 4437 1617 4494 ventura
1644 4431 1726 4508 sint,
1756 4437 1849 4496 textu
1878 4433 2008 4514 quidem
2035 4456 2102 4500 non

114 4541 232 4608 iterum
256 4543 425 4628 descripto,
448 4543 504 4610 sed
525 4552 654 4608 tantum
675 4551 789 4608 notato
810 4543 881 4610 loco
897 4543 955 4608 ubi
976 4545 1011 4607 in
1032 4542 1093 4610 hac
1115 4541 1263 4626 Operum
1285 4542 1425 4608 editione
1447 4540 1703 4624 unumquodque
1720 4542 1877 4608 invenies.
1922 4543 2001 4610 Illas
2022 4565 2103 4628 quo·

113 4673 174 4740 qua
197 4655 430 4740 praelationes,
459 4655 528 4720 sive
549 4655 656 4738 potius
678 4653 904 4732 dedicationes,
933 4675 1014 4738 qaas
1036 4653 1196 4719 Calvinus
1217 4654 1284 4720 suis
1305 4653 1407 4738 ipsius
1429 4651 1579 4736 operibus
1600 4652 1762 4734 praefixit,
1784 4673 1852 4717 non
1872 4652 2046 4720 lectoribus
2066 4655 2102 4720 in

115 4766 306 4834 universum
328 4766 515 4840 destinatas,
537 4766 594 4832 sed
615 4764 796 4830 fautoribus
818 4767 915 4832 certis
937 4765 991 4832 vel
1013 4765 1126 4832 amieis
1147 4766 1340 4830 nominatim
1361 4764 1543 4848 inscriptas,
1566 4763 1618 4830 hio
1639 4763 1775 4829 minime
1792 4765 2100 4847 praetermittemus,

114 4896 166 4940 eas
188 4897 274 4960 quae
295 4876 336 4942 ad
357 4883 516 4945 tractatus
537 4879 603 4944 iam
625 4875 727 4942 editos
747 4896 767 4940 a
788 4876 882 4942 nobis
903 4877 1068 4960 pertinent
1089 4876 1194 4942 obiter
1215 4898 1257 4942 ex
1278 4874 1391 4944 ordine
1413 4877 1703 4951 commemoraturi,
1726 4876 1854 4960 integre
1875 4875 2013 4960 receptis
2034 4875 2100 4944 illis

114 5007 192 5070 quas
214 4987 292 5054 libri
313 4987 491 5054 calviniani
513 4989 672 5074 exegetioi
693 4987 770 5053 olim
792 4987 924 5054 demum
946 5009 970 5054 s.
993 4986 1035 5053 D.
1057 5009 1088 5073 p.
1112 4987 1227 5054 edendi
1249 4984 1513 5071 suppeditabunt.

271 5097 366 5189 Quod
389 5099 430 5179 ad
452 5121 635 5166 sermonem
657 5099 774 5164 attinet
793 5119 856 5186 quo
878 5099 1024 5183 singulae
1045 5099 1200 5183 epistolae
1222 5095 1452 5182 exprimendae
1474 5105 1583 5176 erunt,
1611 5105 1701 5180 patet
1722 5119 1797 5162 eum
1819 5096 1919 5162 alium
1941 5117 2010 5168 csse
2031 5119 2100 5165 non

114 5229 209 5293 posse
239 5231 336 5293 quam
366 5232 430 5296 quo
456 5221 585 5288 autores
619 5211 683 5296 ipsi
710 5211 746 5276 in
773 5208 953 5278 scribendis
980 5209 1029 5275 usi
1051 5220 1142 5290 sunt,
1173 5208 1332 5293 siquidem
1360 5207 1559 5293 exemplaria
1587 5229 1700 5274 aarum
1729 5207 1916 5343 authentiqa
1941 5205 2100 5294 hodieque

1850 5309 1875 5364 D
