4804 6012
247 327 313 390 227
1136 315 1369 385 cortem
2191 318 2253 384 228

246 515 332 581 lunt
378 513 453 596 Quo
470 511 640 596 pauciores
661 509 758 576 hodie
780 510 857 576 boui
877 515 964 588 sunt,
987 528 1026 574 eo
1047 508 1172 574 maiore
1189 509 1234 573 in
1277 506 1541 574 commoditates:
1555 503 1557 508 ’
1570 527 1692 590 easque
1719 527 1787 572 non
1808 527 1929 591 parvas
1950 527 2010 574 uec
2031 507 2131 574 unius
2153 527 2253 592 gene-

246 601 355 686 pretie
377 599 507 667 bonitas
527 599 599 682 ipsa
620 597 714 662 nobis
735 616 807 662 esse
828 595 933 674 debet,
961 593 1148 677 ubieunque
1169 613 1226 676 ap-
1277 592 1332 658 ris.
1388 591 1544 658 Nondum
1583 591 1623 657 do
1655 593 1877 659 continentiae
1909 592 2101 660 difficultate
2132 592 2253 677 loquor.

247 697 351 771 paret.
396 687 449 751 Τιι
469 705 557 764 vcro,
579 691 617 749 ut
634 681 740 762 audio,
761 702 829 748 non
851 681 1009 764 exiguum
1030 688 1064 746 et
1083 678 1225 763 pruden·
1278 676 1347 744 Sed
1376 677 1447 744 dico
1475 679 1614 745 caelibes
1640 699 1709 744 non
1737 677 1919 746 minoribus
1951 701 2011 746 nec
2043 679 2253 764 paucioribus

248 773 316 838 tiae
346 779 378 838 et
406 770 605 838 sinceritatis
638 777 671 834 et
704 767 889 834 sanctitatis
922 766 1089 850 specimen
1119 766 1156 830 in
1186 785 1226 830 ee
1279 763 1418 830 distrahi
1445 765 1681 842 avocamentis,
1709 785 1806 848 qnam
1841 765 2045 849 coniugales:
2078 773 2138 831 aut
2165 773 2253 833 certe

249 857 397 958 praebes,
414 856 501 942 quod
515 875 615 938 quum
628 875 749 920 munus
761 852 898 937 periculi
913 861 947 918 et
957 851 1077 918 labori
1088 851 1226 935 plenum
1278 870 1394 934 pamm
1414 871 1487 917 esse
1508 849 1723 929 discriminis,
1746 851 1825 934 quin
1846 852 1977 935 utrique
1997 872 2040 917 cx
2061 871 2165 935 mque
2187 849 2252 918 dis·

249 944 379 1030 ingenti
400 941 590 1008 difficultate
619 941 692 1006 istic
713 941 891 1018 sustineas,
920 939 968 1004 ita
995 946 1029 1002 to
1057 938 1159 1021 geris,
1188 944 1227 1002 ut
1277 936 1463 1002 trahantur.
1514 935 1611 1017 Quod
1632 937 1661 1002 si
1681 936 1780 1002 etiam
1801 944 1968 1004 constaret
1988 937 2071 1002 nihil
2091 937 2253 1004 etrelibatu

247 1031 313 1130 pris
340 1050 377 1095 ac
406 1028 548 1094 cordatis
574 1026 724 1092 omnibus
751 1022 882 1090 abunde
909 1023 1098 1090 satisfacias.
1142 1024 1225 1089 Pro-
1277 1019 1428 1102 liberius,
1456 1021 1607 1106 coniugio
1627 1021 1712 1088 nihil
1734 1043 1805 1088 esse
1826 1024 1932 1108 magis
1953 1023 2162 1106 impeditum:
2195 1023 2253 1092 ob·

243 1115 327 1181 mde
348 1115 465 1180 morito
487 1121 521 1180 et
548 1113 629 1177 istas
656 1121 730 1178 tuas
750 1112 893 1178 virtutes
921 1110 1102 1193 suspicere,
1132 1117 1165 1174 et
1191 1115 1224 1172 te
1277 1115 1366 1173 stare
1388 1116 1499 1174 mmen
1515 1108 1549 1174 id
1567 1130 1634 1174 non
1652 1107 1755 1187 debet,
1778 1109 1952 1192 quominus
1971 1110 2159 1176 necessitati
2175 1131 2253 1176 con-

248 1200 285 1266 in
307 1201 450 1267 Domino
472 1197 625 1282 amplecti
647 1218 685 1264 ao
713 1196 820 1263 colere
847 1194 968 1262 debent
995 1195 1113 1279 quibus
1134 1193 1224 1259 cordi
1277 1193 1411 1260 sulatur.
1457 1193 1596 1267 Certum
1617 1202 1668 1261 est
1687 1203 1813 1276 autem,
1841 1194 1991 1279 coniugio
2018 1196 2138 1262 multos
2162 1195 2253 1261 utili·

247 1293 300 1354 est
326 1285 481 1353 ecelesiae
509 1282 700 1350 aedificatio.
750 1281 923 1364 Quantum
951 1281 994 1348 ad
1020 1301 1073 1346 me
1095 1280 1224 1359 attinet,
1277 1288 1329 1344 ter
1350 1301 1461 1346 curere
1481 1301 1548 1345 non
1569 1299 1673 1364 pesse,
1703 1281 1758 1364 qui
1777 1289 1856 1346 sunt
1877 1301 1956 1363 prae
1977 1279 2051 1346 aliis
2073 1281 2114 1346 ad
2136 1281 2252 1348 minis·

246 1373 374 1438 utinam
395 1369 609 1437 luculentiore
627 1370 734 1452 aliquo
753 1369 946 1434 documento
964 1365 1134 1434 ostendere
1150 1387 1225 1450 pos·
1277 1365 1397 1430 terium
1420 1363 1537 1438 idonei.
1581 1365 1636 1432 Ad
1656 1364 1836 1432 secundum
1857 1366 2046 1449 respondeo,
2068 1367 2253 1432 Dominum

248 1477 334 1537 ιοιιι,
364 1465 565 1542 quantopere
591 1463 624 1522 te
645 1475 767 1532 amem,
797 1461 1020 1537 quantumque
1047 1452 1107 1517 tibi
1137 1449 1224 1517 dcfe-
1277 1451 1399 1534 optime
1428 1452 1576 1517 omnium
1603 1451 1802 1536 providisse,
1860 1451 1957 1518 uibus
1982 1454 2093 1519 ornari
2121 1451 2253 1520 dotibus

247 1565 329 1608 ram.
375 1541 472 1624 Quod
495 1551 606 1608 tamen
627 1562 732 1606 unum
749 1539 834 1605 mihi
855 1547 968 1618 restat,
991 1537 1148 1621 polliceor
1165 1537 1225 1603 tibi
1278 1557 1375 1602 suum
1386 1538 1603 1604 ministerium
1619 1538 1819 1604 conveniret
1885 1537 2133 1606 idemusautem
2151 1538 2253 1624 longe

246 1648 339 1694 meas
375 1629 416 1693 ad
448 1629 558 1694 Deum
590 1648 702 1710 preces
731 1633 832 1692 testes
864 1625 933 1690 sore
965 1625 1036 1689 eius
1068 1623 1224 1703 caritatis,
1277 1623 1399 1702 abesse,
1429 1625 1508 1708 quin
1530 1623 1724 1690 caelibatum
1751 1623 1918 1690 intereas
1945 1623 2183 1692 commendarit
2204 1627 2251 1710 (1.

248 1735 348 1800 quam
369 1714 525 1779 humanis
548 1713 663 1779 officiis
685 1711 827 1796 experiri
849 1731 916 1776 non
938 1717 1040 1794 potes.
1085 1709 1225 1774 Interim
1277 1709 1360 1774 rPim.
1387 1713 1416 1788 3,
1441 1713 1475 1788 2;
1505 1710 1569 1774 Tit
1596 1714 1623 1788 l,
1650 1711 1694 1792 6).
1750 1707 1847 1791 Quod
1880 1730 1947 1776 non
1978 1711 2147 1794 imperatis
2177 1732 2251 1776 earn

248 1799 396 1866 ecclesiis
418 1799 539 1865 vestris
562 1820 604 1864 ex
624 1798 732 1863 animo
754 1795 919 1882 gratulor,
949 1793 1066 1880 quihus
1094 1803 1225 1878 praeter
1276 1803 1366 1860 certa
1387 1795 1475 1880 lege,
1504 1796 1613 1878 pmho.
1658 1794 1726 1862 Sed
1747 1795 1822 1862 vide
1844 1817 1886 1862 ne
1907 1795 1990 1862 illud
2011 1795 2121 1880 ipsum
2141 1797 2253 1882 legem

248 1885 458 1952 sinceriorem
492 1885 673 1951 doctrinam
709 1891 759 1949 tet
791 1882 923 1967 egregia
961 1881 1047 1948 bona
1085 1880 1225 1946 eontulit
1276 1880 1319 1946 sit
1341 1879 1577 1963 praescribere,
1603 1883 1741 1947 minoris
1766 1883 1940 1948 aestimare
1966 1904 2021 1949 ees
2047 1885 2103 1968 qui
2131 1904 2253 1950 uxores

246 1969 421 2038 Dominus.
477 1971 592 2054 Neque
632 1970 720 2036 enim
753 1989 855 2053 parvo
888 1965 1129 2033 aestimandum
1162 1974 1223 2048 est,
1276 1965 1446 2046 duxerint,
1473 1967 1559 2050 quod
1586 1966 1761 2034 videantur
1788 1967 1940 2034 nonnihil
1961 1968 2147 2036 ornamenti
2169 1969 2252 2035 ami·

268 2057 335 2124 uod
356 2057 438 2124 tales
460 2057 583 2122 habent
603 2063 750 2140 pastores
772 2052 925 2138 aquibus
943 2059 1103 2138 regantur
1120 2059 1154 2118 et
1171 2073 1223 2117 or·
1276 2053 1365 2118 sisse.
1410 2054 1526 2136 Neque
1547 2053 1583 2118 iu
1606 2053 1710 2120 veteri
1738 2053 1874 2130 ecclesie
1900 2054 1955 2122 lex
1977 2063 2062 2136 erat,
2090 2075 2174 2138 quae
2196 2073 2252 2122 co·

271 2141 414 2220 nentur,
442 2142 528 2226 quod
551 2141 631 2208 adeo
652 2140 736 2206 bene
757 2147 902 2206 moratae
925 2147 1011 2218 sunt,
1034 2138 1120 2222 quod
1143 2137 1223 2204 adeo
1276 2145 1377 2223 geret.
1433 2137 1501 2205 Sed
1531 2139 1579 2205 ita
1616 2138 1803 2205 invaluerat
1834 2147 2043 2224 praepostera
2072 2139 2253 2208 caelibatus

244 2229 413 2312 praeclara
441 2229 545 2294 forma
566 2229 779 2305 constitutae,
801 2224 887 2310 quod
906 2225 1030 2308 optima
1051 2223 1224 2310 disciplina
1276 2223 1459 2303 admiratio,
1482 2238 1519 2290 ut
1540 2225 1728 2310 coniugium
1748 2225 1960 2310 inepiscopis
1979 2225 2136 2294 dedecore
2156 2235 2253 2292 nota-

244 2311 424 2400 prceditae,
447 2333 544 2396 quam
565 2315 637 2379 iure
657 2333 776 2379 vocare
796 2331 971 2395 possumus
992 2311 1153 2393 optimum
1173 2319 1223 2376 at·
1275 2317 1377 2375 retur.
1420 2311 1681 2377 Posteasensim
1707 2312 1841 2395 irrepsit
1861 2311 1943 2397 legis
1964 2315 2137 2390 severitas,
2167 2333 2253 2396 quae

244 2418 309 2482 que
335 2399 417 2465 adeo
444 2400 578 2466 unicum
606 2399 797 2464 retinendae
818 2394 1022 2463 obedientiae
1044 2395 1221 2462 vinculum.
1275 2397 1465 2462 innumerus
1485 2395 1648 2462 malorum
1665 2397 1787 2464 formas
1804 2397 1897 2464 nobis
1915 2400 2054 2480 peperit:
2076 2397 2253 2482 quidboni

245 2485 316 2552 Nos
345 2486 432 2550 euim
460 2505 582 2571 magna
608 2491 720 2550 nostra
752 2482 904 2550 molestia
929 2481 1118 2566 experimur
1144 2481 1223 2565 quid
1276 2481 1431 2562 attulerit,
1448 2503 1518 2547 non
1540 2503 1673 2565 possum
1694 2481 1847 2549 iudicare.
1881 2483 2026 2550 Proinde
2047 2505 2179 2570 semper
2196 2505 2254 2550 ve·

244 2572 365 2651 relect,
389 2569 468 2636 dum
489 2593 562 2637 cam
580 2569 813 2647 desideramus,
835 2589 896 2636 nec
912 2567 981 2633 ulla
1000 2569 1128 2633 ratione
1148 2589 1223 2652 pos·
1275 2589 1357 2646 reor,
1380 2589 1423 2633 ne
1443 2568 1661 2652 periculosum
1679 2569 1724 2634 sit
1744 2568 1956 2636 immodicum
1974 2569 2088 2637 haberi
2109 2569 2253 2638 caeliba-

245 2677 361 2723 eumus
382 2656 424 2724 ad
446 2676 517 2722 cam
537 2656 717 2740 pervenire.
767 2654 861 2720 Haec
882 2674 936 2718 res
956 2654 1043 2733 facit,
1067 2661 1104 2718 ιιι
1125 2675 1223 2736 saepe
1274 2655 1325 2718 tui
1346 2653 1519 2731 honorem,
1548 2675 1613 2737 quo
1642 2653 1718 2720 boui
1740 2654 1804 2720 viri
1828 2677 1849 2720 a
1869 2657 2019 2740 coniugio
2042 2655 2253 2724 absterrean-

244 2744 355 2808 animo
377 2743 529 2809 vacillem
552 2761 589 2808 ac
606 2743 717 2806 minus
740 2749 874 2806 strenue
892 2740 1093 2805 functionem
1114 2761 1222 2806 meam
1274 2745 1338 2818 tur,
1361 2739 1461 2805 etiem
1482 2739 1540 2806 ubi
1558 2747 1655 2824 urget
1675 2741 1861 2807 necessitas.
1909 2741 1986 2806 Non
2013 2742 2071 2808 abs
2091 2761 2129 2808 re
2148 2744 2254 2828 igitur

244 2849 414 2912 cxmquar.
446 2827 537 2910 Quin
559 2829 657 2893 etiam
676 2825 883 2910 desperarem
900 2845 1044 2910 prorsus,
1067 2826 1131 2890 nisi
1149 2845 1222 2892 sue-
1274 2845 1396 2909 cupere
1418 2825 1500 2890 mihi
1522 2825 1649 2906 videor,
1679 2833 1718 2890 ut
1744 2826 1774 2891 si
1800 2848 1865 2910 qua
1892 2835 1943 2893 est
1963 2827 2025 2894 hae
2046 2829 2081 2894 in
2103 2851 2139 2895 re
2162 2827 2253 2914 apud

244 2923 392 2981 comeret
419 2915 573 2980 ccclesiae
601 2911 859 2979 aedificationem
885 2933 1015 2995 semper
1042 2931 1112 2977 esse
1138 2933 1221 2994 opus
1274 2931 1333 2977 vos
1355 2911 1532 2978 austeritas
1559 2911 1744 2996 mitigetur:
1778 2933 1844 2978 non
1874 2914 1949 2996 quia
1976 2914 2069 2980 vobis
2096 2915 2132 2980 in
2153 2934 2253 2998 pree-

244 2999 392 3080 Dcmini,
420 2999 506 3084 quod
528 3001 597 3084 ipse
619 3001 741 3066 virtute
762 3019 823 3064 sua
844 2998 1064 3081 prosperabit,
1092 2997 1221 3062 etiamsi
1273 2997 1380 3064 sentia
1399 2996 1493 3077 obsit,
1520 2995 1579 3064 sed
1602 2998 1678 3081 quia
1698 2997 1840 3064 multum
1862 2999 1976 3066 obesse
1996 3001 2136 3084 posteris
2158 3011 2252 3084 pose-

243 3107 305 3152 nos
337 3085 537 3154 adminicula
567 3086 677 3151 omnia
711 3084 870 3150 deficiant.
925 3083 990 3149 Est
1015 3091 1128 3148 tamen
1158 3083 1221 3149 hoe
1273 3083 1326 3162 rit,
1348 3082 1464 3167 quibus
1483 3084 1547 3150 scis
1569 3105 1640 3150 esse
1661 3083 1904 3150 consulendum.
1939 3083 2036 3167 Quod
2058 3087 2088 3152 si
2105 3089 2252 3154 rationes
2338 3152 2343 3166 ,

242 3193 403 3257 magnum
425 3192 601 3255 rarumque
622 3170 754 3250 bouum,
777 3169 927 3236 adiuvari
947 3177 1015 3233 tam
1037 3169 1220 3235 necessario
1273 3175 1401 3236 vestrae
1422 3171 1470 3234 ita
1491 3191 1578 3235 nunc
1601 3169 1740 3250 habent,
1769 3178 1809 3236 ut
1834 3171 2017 3254 periculum
2044 3171 2176 3256 aliquod
2205 3197 2250 3240 ex

242 3258 414 3342 praesidio.
449 3258 566 3341 Itaque
587 3256 739 3324 eeclesias
760 3263 892 3321 nostras
913 3261 986 3319 tum
1007 3253 1140 3320 demum
1158 3256 1221 3320 rite
1271 3261 1440 3337 pastorum
1461 3255 1613 3340 coniugio
1635 3255 1727 3322 vobis
1749 3256 1934 3336 immineat,
1960 3258 2077 3323 initam
2098 3279 2170 3326 ease
2192 3281 2250 3326 ra·

244 3343 396 3410 suffultas
414 3343 605 3422 arbitrabor,
624 3343 681 3408 ubi
697 3342 761 3408 isto
778 3361 882 3408 nervo
899 3341 1071 3425 colligatae
1088 3341 1221 3406 fuerint.
1272 3341 1393 3406 tionem
1418 3341 1536 3422 velim,
1563 3363 1629 3425 qua
1656 3341 1855 3408 obviaretur.
1905 3343 2015 3428 Cogor
2038 3345 2163 3410 iterum
2189 3367 2250 3412 ve·

330 3430 509 3496 Caeterum
541 3429 774 3496 confessionem
807 3435 953 3492 vestram
992 3447 1075 3510 quae
1113 3447 1221 3509 nuper
1271 3427 1361 3492 niam
1393 3425 1494 3492 huius
1526 3448 1618 3492 meae
1651 3428 1843 3494 rusticitatis
1875 3437 1995 3512 petere.
2046 3430 2123 3496 Non
2156 3433 2251 3497 enim

243 3515 308 3581 luit
328 3514 425 3594 edita,
448 3517 576 3599 inspexi
599 3521 738 3580 tantum.
771 3514 972 3580 Percurrere
993 3509 1140 3578 nondum
1161 3534 1221 3595 per
1271 3512 1354 3577 mihi
1376 3519 1560 3606 temperare
1581 3513 1688 3596 potui,
1719 3514 1798 3597 quin
1821 3514 1971 3580 timorem
1994 3537 2104 3582 meum
2127 3516 2190 3582 hae
2213 3519 2252 3584 iu

243 3603 524 3686 opportunitatem
557 3601 657 3667 licuit.
711 3599 823 3664 Habet
854 3607 967 3664 tamen
999 3597 1040 3663 ab
1067 3599 1107 3664 iis
1139 3599 1220 3664 viris
1271 3619 1308 3662 re
1330 3599 1474 3666 breviter
1494 3598 1690 3666 indicarem:
1712 3620 1952 3683 supervacuum
1972 3601 2067 3668 illum
2088 3603 2251 3684 fortassis,

243 3689 487 3766 testimonium,
517 3707 657 3770 quorum
679 3685 797 3751 iudicio
817 3684 912 3752 facile
934 3685 1110 3766 acquiesco.
1156 3685 1220 3749 Ta·
1272 3684 1329 3751 sed
1351 3693 1463 3750 tamen
1484 3705 1551 3750 non
1574 3683 1614 3750 de
1635 3683 1738 3750 nihilo
1760 3706 1858 3752 conce
1882 3693 1962 3754 tum.
2005 3690 2116 3771 Atque
2136 3697 2176 3754 ut
2197 3691 2251 3756 in·

244 3795 321 3840 men
342 3775 378 3838 in
400 3771 681 3838 commendatione
698 3769 876 3837 caelibatus
896 3789 1050 3854 cuperem
1072 3790 1131 3835 vos
1148 3791 1220 3836 esse
1272 3770 1403 3855 telligas
1430 3792 1483 3836 me
1510 3772 1672 3854 privatam
1701 3791 1834 3837 causam
1889 3773 1916 3838 'o
1944 3793 2011 3838 nou
2039 3795 2152 3859 agere:
2186 3795 2251 3861 ego

244 3860 344 3945 paulo
365 3861 538 3942 parciores.
583 3858 739 3942 Ignoscas
761 3856 824 3922 hac
843 3857 878 3922 in
895 3877 932 3921 re
949 3875 1042 3920 meae
1064 3855 1220 3938 simplici·
1272 3878 1369 3940 quem
1392 3855 1566 3922 caelibatui
1594 3866 1763 3940 tantopere
1790 3857 1945 3924 infestum
1971 3856 2079 3939 vides,
2107 3881 2251 3926 uxorem

244 3945 321 4022 tati,
355 3945 440 4028 quod
470 3945 571 4010 libere
603 3943 662 4009 tibi
696 3963 860 4026 exponere
888 3962 955 4007 nen
983 3939 1109 4020 dubito,
1141 3941 1220 4024 quid
1272 3962 1441 4025 nunquam
1451 3941 1545 4006 duxi:
1558 3941 1815 4008 ctanduoturus
1824 3941 1998 4026 aliquando
2009 3946 2081 4024 sim,
2093 3946 2212 4014 neseio
2224 3949 2251 4030 ¹)

245 4031 328 4097 mihi
349 4031 482 4096 nonita
499 4031 633 4114 placeat.
667 4027 774 4110 Video
796 4027 969 4095 consilium
988 4035 1134 4094 vestrum
1152 4049 1220 4094 non
1273 4025 1422 4109 Quodsi
1443 4027 1577 4108 duxero,
1599 4027 1661 4094 boc
1683 4017 1819 4094 consilio
1840 4029 1974 4108 lucium,
2002 4039 2041 4095 ut
2062 4029 2253 4112 expeditior

240 4117 380 4183 omuino
408 4114 540 4182 destitui
568 4115 678 4200 aliqua
703 4115 840 4180 ratione.
891 4113 1053 4196 Coniugio
1081 4113 1137 4196 qui
1158 4114 1219 4178 im·
1272 4135 1293 4178 a
1318 4113 1432 4178 multis
1457 4114 1549 4179 tricis
1573 4114 1720 4178 Domino
1748 4135 1868 4181 vacare
1895 4116 2025 4199 possim.
2075 4117 2191 4200 Neque
2214 4119 2252 4185 in

245 4203 349 4288 pliciti
371 4209 536 4280 tenentur,
565 4203 675 4267 minus
696 4207 776 4266 sunt
797 4199 839 4266 ad
861 4219 943 4283 opus
965 4199 1100 4264 Domini
1121 4220 1221 4282 expe-
1272 4200 1335 4266 ista
1355 4199 1484 4264 actione
1504 4199 1763 4266 incontinentiae
1791 4220 1884 4266 meae
1910 4209 2119 4284 praetextum
2141 4213 2251 4288 capto,

247 4289 324 4355 diti:
347 4297 386 4352 ut
406 4307 606 4372 magnopere
628 4286 669 4351 ab
691 4286 753 4354 hac
775 4305 904 4352 remora
925 4283 1052 4350 solutos
1070 4306 1141 4350 esse
1163 4305 1220 4350 ex·
1273 4306 1370 4369 quam
1388 4283 1532 4352 obiicere
1552 4285 1635 4350 mihi
1662 4307 1758 4351 nemo
1785 4295 1901 4369 potest.
1952 4285 2081 4353 Verum
2106 4291 2251 4356 messio-

246 4371 366 4460 pediat,
389 4372 445 4454 qui
468 4390 503 4436 se
525 4379 611 4438 totos
633 4372 750 4437 volunt
771 4372 914 4438 Domino
936 4391 1141 4437 consecrare:
1164 4370 1220 4436 do·
1272 4393 1349 4436 nem
1370 4369 1538 4454 cogitandi
1557 4371 1649 4436 volui
1670 4371 1915 4455 tibi'proebere.
1947 4373 2061 4458 Neque
2081 4363 2169 4440 enim
2187 4375 2253 4442 du·

246 4459 326 4527 inde
347 4459 419 4540 ipsa
441 4458 643 4523 continentia
666 4479 732 4522 non
758 4457 929 4522 minimam
958 4477 1050 4522 sacro
1072 4456 1220 4522 ministe-
1273 4456 1349 4534 bito,
1371 4457 1451 4540 quin
1474 4457 1503 4521 si
1525 4458 1672 4522 animum
1692 4457 1793 4524 semel
1813 4457 1854 4522 ad
1873 4457 1958 4525 hano
1974 4459 2254 4528 consultationem

246 4548 296 4614 rio
319 4543 513 4628 dignitatem
539 4541 754 4608 commendat.
802 4543 979 4608 Postremo
1005 4563 1074 4607 non
1101 4543 1134 4608 vi
1160 4561 1221 4607 nec
1273 4543 1360 4608 serio
1381 4541 1552 4622 adieceris,
1580 4563 1639 4626 pro
1666 4551 1726 4609 tus
1754 4543 1916 4628 singulari
1938 4543 2112 4628 prudentia
2132 4545 2254 4632 longo-

246 4631 420 4720 tyrannice
450 4626 581 4712 adigitis
609 4628 651 4694 ad
678 4628 872 4694 caelibatum
902 4627 958 4711 qui
989 4627 1024 4692 in
1054 4627 1221 4694 structione
1273 4649 1335 4711 quc
1357 4649 1434 4706 usu,
1464 4629 1656 4711 provisurus
1684 4630 1729 4696 sis
1755 4629 1832 4712 quid
1859 4631 1903 4696 sit
1928 4632 2073 4697 maxime
2094 4631 2253 4714 salutare,

247 4727 329 4787 sunt
350 4715 581 4791 ecclesiastica,
611 4713 669 4780 sed
696 4713 781 4798 qued
808 4713 959 4780 iudicatis
986 4713 1023 4778 in
1042 4720 1121 4779 'rom
1148 4733 1221 4780 esse
1273 4721 1307 4780 et
1327 4711 1413 4798 quod
1435 4715 1596 4797 optimum
1618 4714 1707 4781 fectu
1729 4716 1839 4782 visum
1860 4717 1969 4796 luerit,
1991 4717 2150 4784 facturus

247 4803 412 4881 ccclesiae,
435 4799 626 4884 simpliciter
647 4799 713 4864 illis
733 4799 902 4866 consulitis
914 4819 952 4866 ao
972 4799 1125 4866 suadetis.
1159 4801 1221 4864 At-
1359 4797 1529 4880 Quantum
1547 4801 1588 4866 ad
1609 4800 1695 4867 hanc
1713 4801 1917 4868 lunationem
1932 4802 1985 4869 cui
2001 4805 2186 4885 praefectus
2203 4826 2254 4884 es,

248 4892 318 4976 qui,
351 4895 391 4952 ut
418 4881 522 4951 latear'
549 4877 871 4970 coniugiummulla
897 4892 931 4952 et
961 4886 1054 4952 varia
1082 4885 1220 4969 impedi-
1273 4886 1320 4954 sie
1341 4893 1376 4949 te
1396 4907 1470 4951 eam
1492 4885 1725 4952 administrare
1746 4885 1888 4967 confido,
1916 4895 1955 4954 ut
1980 4887 2103 4956 nullius
2126 4889 2254 4958 exhor·

247 4982 362 5042 menta
383 4993 494 5039 secum
516 4971 665 5050 trahere,
694 4970 852 5054 aquibus
873 4970 1054 5054 optandum
1075 4972 1118 5038 sit
1138 4970 1221 5037 libe·
1273 4971 1396 5038 tatione
1417 4991 1499 5054 opus
1522 4971 1652 5038 habeas.
1702 4971 1812 5056 Magis
1833 4981 1979 5056 optarem
2001 4973 2059 5040 abs
2080 4983 2115 5040 te
2136 4973 2255 5042 admo-

248 5083 303 5127 ros
331 5081 402 5124 esse
427 5057 553 5124 Christi
580 5076 705 5124 servos:
739 5077 806 5122 non
833 5065 944 5121 tamen
968 5057 1128 5123 eiusmodi
1149 5078 1221 5124 esse
1273 5060 1354 5138 neri,
1384 5055 1563 5141 siquando
1585 5057 1646 5124 tibi
1668 5059 1793 5124 occasio
1815 5057 1958 5140 daretur,
1980 5068 2170 5130 ettantum
2189 5063 2255 5128 otii

248 5143 440 5221 concedam,
468 5164 552 5226 quae
572 5144 613 5210 ab
634 5141 739 5208 officio
760 5141 833 5208 illos
854 5149 1018 5213 revocent.
1061 5143 1147 5208 Tum
1168 5143 1220 5208 vi·

248 5231 362 5302 cissim
383 5229 543 5308 obiieicm,
563 5228 759 5296 caelibatum
780 5247 907 5313 quoque
926 5248 1004 5296 suas
1026 5225 1149 5296 habere
1168 5229 1221 5296 in·
1342 5245 1371 5314 1)
1397 5246 1478 5302 Vidn
1495 5246 1716 5316 meleretum
1724 5247 1927 5317 antiquiorem
1935 5247 2256 5308 &mammonam
