4804 6012
166 381 223 444 us
1046 373 1277 444 consuas
2057 365 2063 380 '
2102 386 2162 448 ιιι

161 575 245 650 tura,
267 567 334 634 iam
356 587 462 652 nsque
480 567 528 632 sol
551 567 679 633 lucidus
700 568 772 646 erit,
795 567 853 634 sed
882 575 971 632 totus
1000 566 1081 632 coeli
1103 571 1137 631 et
1187 589 1359 653 perperam
1388 569 1527 634 vetitum
1556 575 1641 633 esset
1662 568 1856 652 coniugium
1883 568 1955 654 lege
1976 567 2057 648 Dei,
2084 571 2162 654 quia

160 663 269 721 terrae
291 653 371 719 ordo
393 655 532 719 informe
555 655 618 718 erit
639 662 673 720 et
693 653 896 720 horrendum
919 653 1027 718 chaos.
1186 655 1279 718 nulla
1293 661 1386 724 ,esset
1414 654 1689 738 consanguinitas.
1738 653 1821 718 Viro
1849 655 1947 720 etiam
1974 655 2089 722 liceret
2109 677 2161 722 so·

246 737 414 823 Quidquid
436 738 576 804 blaterat
596 745 634 804 ut
659 739 774 822 probet
802 759 870 804 non
898 759 970 804 esse
991 737 1136 802 mulieri·
1186 761 1294 804 rorem
1312 741 1475 805 uterinam
1494 741 1528 804 in
1547 739 1735 824 coniugium
1755 740 1910 823 accipere,
1933 741 2030 806 modo
2051 763 2093 808 ex
2113 741 2162 806 al·

160 826 221 891 bus
242 827 472 911 generativum
494 845 622 903 semen,
653 825 848 892 refutatione
874 825 1048 908 indignum
1076 831 1133 888 est
1187 834 1256 890 tero
1277 835 1370 908 patre
1392 834 1480 910 esset
1501 826 1619 910 genita.

159 915 270 995 Atque
291 912 354 978 hoc
371 913 480 995 potius
497 910 631 978 medicis
647 911 797 996 relinquo
814 911 1031 977 tractandum.
1067 911 1135 974 Ra·
1272 912 1348 976 Non
1369 912 1480 977 minus
1502 913 1601 977 etiam
1623 912 1735 994 inepta
1751 920 1803 977 est
1818 911 2036 992 ratiocinatio,
2059 935 2162 996 quum

160 999 289 1063 bonnm
312 1005 423 1064 tanim
440 1019 526 1078 ‚quas
549 995 696 1086 adducit,
726 1019 765 1063 ea
793 1007 844 1064 est
871 997 1024 1074 futilitas,
1052 1017 1134 1079 quae
1188 995 1267 1062 dicit
1288 997 1407 1064 liberos
1429 999 1554 1064 censori
1576 1020 1617 1062 ex
1635 1009 1766 1080 patrum
1788 997 1971 1064 conditione
1992 998 2048 1063 vel
2066 999 2161 1064 nobi-

159 1083 250 1149 nullo
273 1085 403 1167 negotio
424 1082 528 1148 refelli
551 1093 657 1166 queat
1114 1141 1119 1154 ,
1186 1082 1234 1148 les
1255 1083 1309 1148 vel
1332 1082 1501 1168 ignobiles.
1552 1081 1659 1149 Sicuti
1686 1083 1775 1148 cuim
1804 1083 1910 1148 virilis
1939 1103 2038 1149 sexus
2066 1105 2161 1167 prae-

245 1167 345 1234 Onan
363 1168 546 1234 filiusluda
560 1187 671 1234 semen
689 1169 804 1234 effudit
820 1170 855 1234 in
874 1177 1006 1233 torrem.
1025 1166 1134 1232 .Idom
1185 1171 1326 1238 stantiae
1349 1169 1411 1234 hoc
1431 1169 1626 1248 conceditur,
1657 1170 1705 1234 ita
1726 1170 1826 1234 etiam
1848 1170 1884 1233 in
1907 1169 2065 1238 servituto
2085 1191 2161 1252 par·

158 1275 322 1338 nusquam
350 1255 471 1338 legitur
501 1251 540 1319 de
562 1253 706 1320 muliere.
745 1254 861 1336 'Quasi
884 1275 961 1319 vero
983 1253 1133 1318 revelan-
1185 1263 1240 1319 tus
1251 1263 1403 1320 ventrem
1414 1257 1570 1338 sequitur,
1589 1253 1767 1321 secundum
1779 1254 2034 1321 iurisconsultus.
2064 1255 2161 1323 Unde

159 1341 208 1406 dis
229 1342 407 1406 mulierum
428 1340 590 1423 pudendis
611 1339 806 1407 hicncbulo
828 1363 863 1406 se
884 1340 1030 1405 oblectet.
1185 1339 1337 1424 colligere
1355 1349 1543 1424 promptum
1562 1350 1656 1420 esset,
1675 1353 1876 1406 armaterno
1896 1340 2019 1406 semine
2037 1341 2160 1410 foetum

243 1426 309 1490 Vir
329 1427 519 1491 immundus
542 1427 678 1505 dicitur,
708 1426 748 1492 de
777 1447 851 1510 quo·
870 1425 1037 1510 egreditur
1058 1444 1132 1508 pro-
1184 1427 1357 1510 procreari.
1419 1471 1423 1479 -
1703 1419 1709 1432 ’

158 1513 255 1580 lectio
277 1513 420 1578 seminis.
472 1513 580 1578 Nimis
607 1513 708 1578 stulte
734 1514 834 1578 inlort
854 1532 921 1577 non
944 1512 1133 1593 contingere
1270 1512 1340 1576 Nec
1361 1513 1471 1576 minus
1491 1511 1630 1578 barbara
1652 1519 1703 1576 est
1724 1513 1827 1577 illatio
1849 1513 2035 1590 Mennonis,
2059 1513 2088 1578 si
2109 1535 2160 1580 se·

158 1597 353 1663 mulieribus
384 1597 590 1662 immundum
617 1599 752 1663 fluxum.
798 1599 884 1664 Nam
915 1597 976 1663 huo
1007 1599 1134 1662 ratione
1184 1619 1260 1662 men
1279 1599 1449 1664 conferant
1464 1599 1627 1676 mulieres,
1650 1599 1718 1664 lore
1735 1607 1847 1682 patres
1866 1599 1919 1662 sui
1937 1599 2060 1664 loetus:
2084 1600 2161 1682 quia

157 1684 251 1749 nulla
271 1693 358 1749 esset
377 1685 491 1750 nativa
512 1683 783 1750 immunditiesin
803 1685 962 1763 foeminis,
985 1683 1019 1748 in
1041 1683 1134 1750 cuius
1185 1693 1291 1749 mater
1323 1705 1389 1748 non
1428 1681 1539 1749 mi'nus
1578 1705 1697 1767 parens
1735 1693 1885 1762 vocatur,
1925 1705 2023 1766 quam
2056 1694 2160 1767 pater.

158 1768 339 1836 remedium
361 1769 440 1836 solis
462 1771 542 1834 viris
564 1769 641 1835 data
662 1769 945 1836 est·circumcisio.
1068 1795 1072 1804 ·
1186 1768 1297 1850 Quum
1320 1791 1398 1854 ergo
1420 1779 1593 1851 parentum
1615 1790 1789 1836 commune
1811 1770 1854 1834 sit
1881 1791 2017 1847 nomon,
2045 1771 2081 1834 in

244 1853 434 1940 Sapientiae
466 1857 604 1940 septimo
638 1855 684 1939 (v.
711 1859 747 1936 2)
784 1855 976 1940 coagulatus
1016 1853 1135 1918 dicitur
1185 1857 1245 1922 tris
1273 1863 1307 1920 et
1334 1857 1449 1921 matris
1480 1857 1668 1922 nominibus
1703 1857 1773 1922 sola
1800 1863 1932 1920 notatur
1964 1876 2062 1928 serus
2119 1859 2161 1908 '-

157 1941 256 2006 homo
278 1943 439 2025 sanguine
461 1943 643 2008 exsemine
662 1941 734 2008 viri.
767 1941 856 2007 Hine
878 1939 1045 2008 contendit
1061 1961 1134 2005 mu·
1185 1941 1310 2008 tinctio.

157 2026 231 2092 lieri
253 2026 408 2106 adscribi,
438 2025 525 2109 quod
547 2029 616 2092 eius
638 2028 805 2110 proprium
827 2037 891 2105 est,
918 2047 1037 2110 nempe
1059 2047 1134 2090 san·
1270 2027 1434 2094 Ultimum
1456 2037 1685 2112 argumentum
1708 2049 1768 2112 per
1790 2049 1824 2092 se
1845 2027 2019 2092 evanescit.
2054 2025 2162 2092 Sicuti

157 2113 302 2197 guinem.
339 2111 442 2194 Quasi
459 2135 539 2180 vero
560 2113 650 2178 aliud
671 2115 714 2180 sit
736 2133 867 2196 sperma
884 2133 981 2196 quam
1000 2113 1134 2196 sanguis
1186 2114 1273 2178 enim
1296 2114 1400 2178 lateor
1420 2114 1490 2178 vim
1517 2115 1682 2198 passivam
1710 2113 1901 2178 mulieribus
1929 2111 2083 2192 adscribi,
2113 2115 2160 2178 ita

157 2197 200 2262 ad
227 2199 452 2283 generandum
482 2208 661 2264 concretus.
710 2199 808 2265 Unde
834 2201 982 2283 sequitur
1009 2199 1133 2262 foetum
1186 2199 1258 2265 dieo
1280 2201 1462 2282 promiscue
1485 2198 1525 2264 de
1548 2199 1739 2265 mulieribus
1761 2199 1848 2264 idem
1869 2197 2050 2281 praedicari
2073 2198 2160 2281 quod

158 2295 227 2350 tam
246 2307 291 2350 ex
313 2284 460 2351 mulieris
483 2305 581 2368 quam
603 2286 666 2349 viri
688 2285 871 2351 substantia
892 2285 1079 2350 coalescere.
1186 2283 1226 2349 de
1248 2286 1338 2352 viris.
1382 2284 1497 2368 Neque
1516 2286 1604 2350 enim
1627 2285 1780 2350 Christus
1807 2286 1876 2367 ipse
1905 2285 2011 2350 sactus
2041 2282 2161 2349 dieitur

245 2371 372 2436 Locum
393 2371 499 2447 Pauli,
523 2370 579 2435 ubi
597 2370 692 2436 docet
709 2383 860 2438 nonesse
876 2372 983 2436 virum
1002 2392 1043 2436 ox
1061 2391 1132 2435 mu·
1185 2391 1245 2454 per
1269 2370 1458 2450 mulierem,
1491 2370 1548 2438 sed
1575 2392 1616 2436 ex
1642 2372 1779 2436 muliere
1806 2369 1897 2452 (Gal.
1917 2377 1947 2446 4,
1966 2369 2011 2454 4).
2063 2369 2161 2437 Unde

157 2455 249 2534 llere,
272 2456 330 2522 sed
352 2455 521 2522 mulierem
544 2479 585 2522 ex
608 2457 679 2522 viro
701 2456 744 2542 (1.
765 2457 839 2522 Cor.
862 2463 909 2536 ll,
929 2463 974 2538 8),
997 2457 1134 2522 sceleste
1186 2465 1320 2540 apparet
1342 2457 1501 2539 quomodo
1523 2457 1594 2522 sine
1616 2457 1682 2522 ulla
1705 2455 1900 2524 verecundia
1917 2455 2016 2520 latret
2035 2455 2088 2520 bio
2104 2477 2173 2529 ca-v

157 2539 213 2606 bio
235 2543 355 2607 nebulo
377 2545 572 2626 corrumpit:
596 2543 671 2626 quia
689 2543 755 2608 illic
772 2543 908 2608 minime
931 2543 1063 2609 dubium
1084 2550 1135 2608 est
1185 2544 1246 2607 nis.
1291 2542 1386 2624 Quod
1409 2551 1519 2608 autem
1542 2563 1600 2626 per
1621 2543 1799 2608 ludibrium
1821 2541 1957 2625 quaerit,
1985 2561 2028 2604 an
2051 2541 2159 2608 dicere

158 2629 295 2694 tractari
323 2628 363 2693 de
390 2630 549 2713 principio
582 2629 719 2694 humani
749 2631 895 2713 generis,
931 2650 997 2694 non
1025 2636 1133 2694 autem
1185 2629 1325 2694 velimus
1348 2648 1389 2693 ex
1412 2630 1537 2694 semine
1563 2629 1758 2694 menstruali
1781 2628 1925 2712 uirginis
1952 2637 2160 2710 procreatum

159 2712 201 2778 de
223 2715 376 2780 continua
397 2715 639 2798 propagatione,
663 2715 756 2780 cuius
777 2717 889 2780 statim
907 2716 1009 2781 altero
1030 2735 1134 2780 mem·
1186 2735 1257 2780 esse
1269 2713 1455 2794 Christum,
1478 2716 1561 2782 scire
1582 2737 1714 2780 rursum
1737 2735 1779 2780 er
1801 2729 1838 2778 eo
1861 2713 1973 2790 velim,
1996 2733 2107 2778 annun
2123 2715 2158 2778 in

157 2798 218 2865 bro
245 2800 397 2865 meminit
429 2801 610 2884 apostolus,
644 2799 700 2866 ubi
735 2799 813 2865 dicit
840 2803 947 2888 virum
976 2822 1047 2866 esse
1077 2823 1135 2885 per
1186 2801 1346 2884 sauguine
1367 2801 1485 2865 matris
1501 2801 1659 2866 coaluerit
1669 2801 1838 2866 Christus:
1861 2797 2021 2881 siquidem
2044 2801 2159 2866 matris

158 2885 342 2950 mulierem.
564 2941 569 2952 .
1185 2887 1335 2970 partibus
1356 2887 1501 2952 functam
1523 2907 1594 2952 esse
1616 2887 1739 2952 Manno
1767 2888 1838 2970 ipse
1860 2885 1938 2951 allbi
1967 2906 2032 2949 non
2051 2892 2158 2969 negat

245 2970 342 3052 Quod
369 2971 493 3052 obiicit,
521 2975 630 3037 Aaron
644 2979 691 3036 ·et
718 2970 831 3038 Ioiada
857 2971 990 3038 duxisse
1016 2994 1135 3040 uxores
1272 2969 1459 3038 Solutiones
1491 2993 1572 3055 quas
1604 2973 1728 3058 colligit
1759 2973 1940 3056 scripturae
1972 2971 2161 3036 testimonia

159 3078 200 3121 ex
220 3055 310 3122 tribu
328 3057 421 3136 Iuda,
444 3079 481 3124 ac
502 3057 579 3123 inde
601 3057 726 3142 colligit
743 3059 910 3124 confusam
933 3065 1012 3124 tunc
1033 3059 1135 3125 fuisse
1185 3079 1251 3122 non
1274 3065 1436 3135 evertunt,
1459 3057 1526 3122 ubi·
1536 3058 1730 3124 mulieribus
1751 3057 1907 3124 tribuitur
1927 3075 2049 3122 semen.
2092 3056 2160 3122 Ne·

158 3141 310 3208 tribuum
332 3141 576 3222 discretionem,
607 3144 635 3208 si
663 3145 784 3210 inesset
810 3144 942 3208 mulieri
969 3145 1133 3227 generati·
1186 3165 1249 3226 que
1271 3144 1359 3209 enim
1381 3143 1494 3210 eadem
1514 3145 1567 3211 vel
1590 3145 1734 3228 aequalis
1751 3154 1801 3210 est
1818 3143 1979 3209 foeminae
1997 3163 2035 3208 ae
2052 3150 2160 3209 terrae

158 3251 239 3312 vum
261 3249 383 3307 semen,
400 3229 504 3294 ‘nimls
527 3227 683 3313 frigidum
705 3237 762 3295 est.
808 3227 897 3295 Satis
913 3231 1000 3299 enim
1019 3241 1133 3296 notum
1185 3229 1335 3294 conditio.
1371 3229 1417 3294 Et
1438 3251 1539 3313 quum
1561 3230 1681 3296 dieitur
1698 3231 1861 3314 quispiam
1879 3249 1949 3294 esse
1971 3249 2013 3294 ex
2035 3229 2161 3296 semine
2273 3247 2278 3258 ·

159 3321 211 3378 est
232 3323 392 3398 qnantum
415 3315 455 3380 ad
478 3315 818 3398 politicumordinem
841 3323 981 3398 spectat,
1009 3318 1133 3383 conseri
1184 3315 1341 3394 mulieris,
1365 3311 1432 3380 noir
1450 3325 1558 3398 potest
1578 3316 1718 3404 intelligi
1747 3318 1808 3383 sub
1836 3317 1899 3380 hac
1920 3336 2000 3380 voce
2022 3314 2160 3396 posteri·

158 3401 349 3484 progeniem
370 3423 411 3466 ex
434 3401 520 3466 virili
543 3403 676 3468 semine.
721 3399 881 3484 Superior
899 3409 1011 3467 tamm
1035 3423 1133 3482 serus
1186 3409 1245 3466 tas.
1292 3402 1404 3466 Tertio
1426 3413 1536 3476 autem
1558 3403 1664 3485 eapite
1686 3403 1828 3470 Genesis
1848 3407 1955 3466 totum
1977 3401 2159 3466 humanum

159 3485 303 3570 dignitas
325 3507 392 3551 non
420 3487 512 3566 lacit,
541 3507 604 3570 quo
630 3487 741 3552 minus
767 3488 801 3552 in
830 3487 1018 3572 generando
1041 3495 1133 3555 coeat
1185 3507 1289 3572 genus
1311 3485 1422 3552 semen
1443 3488 1590 3554 mulieris
1612 3510 1677 3554 non
1699 3489 1762 3553 alio
1791 3509 1891 3553 sensu
1918 3493 2068 3565 vocatur,
2095 3485 2159 3552 nisi

159 3593 271 3638 semen
300 3573 459 3637 mulieris.
513 3573 607 3638 Haeo
642 3591 769 3656 qnoque
796 3573 913 3638 solutio
947 3573 988 3638 ad
1020 3595 1134 3640 omnes
1186 3574 1262 3656 quia
1280 3593 1357 3638 vere
1376 3572 1417 3638 ad
1437 3573 1661 3658 generandum
1681 3569 1873 3657 'cooperatur
1891 3572 2016 3638 mulier.
2051 3572 2160 3638 Locus
2192 3637 2193 3640 ,

158 3657 369 3742 genealogias
391 3657 588 3724 extenditur.
640 3655 761 3741 Saepe,
790 3659 847 3724 ubi
868 3659 1052 3744 catalogum
1076 3659 1133 3726 ho·
1188 3659 1287 3723 etiam
1315 3663 1349 3722 ll
1375 3679 1443 3741 cap.
1466 3658 1519 3723 ad‘
1529 3660 1698 3725 Hebraeos
1721 3659 1765 3746 (v.
1789 3661 1843 3740 ll)
1872 3679 1952 3723 non·
1968 3665 2036 3722 tam
2065 3657 2159 3723 facile

157 3745 286 3808 minum
309 3755 457 3810 recenset
477 3745 649 3826 scriptura,
679 3745 765 3810 solos
786 3747 874 3810 viros
897 3747 1058 3811 nominat:
1090 3767 1133 3811 an
1187 3744 1252 3809 elui
1281 3767 1316 3809 sc
1343 3746 1481 3827 patitur,
1517 3746 1602 3828 quod
1632 3743 1716 3811 Sa'ra
1742 3747 1902 3810 virtutem
1931 3743 2092 3826 acceperit
2118 3741 2160 3808 ad

157 3829 234 3894 ideo
256 3829 429 3895 dicendum
453 3841 504 3896 est
524 3830 677 3895 mulieres
706 3830 790 3895 nihil
812 3831 921 3897 essol·
935 3833 1000 3896 imo
1020 3833 1133 3914 pueris
1185 3831 1319 3896 seminis
1341 3831 1582 3913 proiectionem,
1612 3833 1689 3914 quia
1710 3839 1822 3916 aperte
1843 3829 1980 3896 verbum
2003 3828 2085 3894 illud
2108 3849 2160 3894 so—

157 3917 241 3998 ipsis
274 3927 390 3980 notum
420 3926 471 3981 est
502 3916 656 3981 mulieres
687 3917 747 3982 sub
780 3917 859 3982 viris
891 3917 1133 4000 comprehendi.
1185 3927 1243 3981 nat
1264 3917 1372 3980 emitti
1394 3937 1506 3982 semen
1528 3939 1548 3982 a
1568 3917 1775 3984 mulieribus:
1804 3925 1838 3981 et
1863 3916 1952 3982 clara
1973 3923 2023 3981 est
2044 3914 2161 3980 allusio

158 4001 234 4067 Hac
256 4022 383 4086 quoqne
410 4004 536 4066 rationo
562 4002 717 4068 dicuntur
743 4003 902 4068 foeminae
929 4023 1044 4086 parere
1066 4004 1134 4070 suis
1185 4001 1469 4088 interrogabatur
1495 4011 1529 4067 et
1556 4004 1693 4069 verbum
1720 4004 1942 4086 λαμβάνεσθαι.
1993 3999 2092 4082 Quod
2119 3998 2161 4064 ad

157 4087 298 4166 maritis,
331 4089 408 4170 quia
429 4087 571 4154 familiae
592 4107 714 4154 nomen
737 4109 837 4172 penes
865 4089 1027 4155 masculos
1048 4111 1133 4154 sem·
1186 4089 1356 4154 Christum
1375 4089 1501 4166 attinet,
1534 4109 1601 4153 non
1624 4090 1743 4156 officiet
1764 4091 1834 4154 sola
1857 4097 1890 4153 et
1911 4087 2000 4152 nuda
2021 4087 2160 4171 promis-

157 4193 219 4256 per
240 4171 370 4238 residet.
509 4199 513 4208 ·
1185 4176 1242 4248 sia,
1267 4183 1302 4239 nt
1325 4173 1453 4240 dicatur
1475 4173 1632 4257 prodiisse
1654 4199 1694 4240 ex
1716 4174 1836 4241 lumbis
1860 4173 2013 4239 Abrahae
2037 4181 2070 4237 et
2091 4173 2160 4238 Da-

245 4258 288 4324 In
319 4261 476 4344 mysterio
516 4259 670 4325 ecelesiae
707 4260 877 4342 pueriliter
909 4260 1132 4344 prophetatur.
1186 4261 1278 4326 vidis.

156 4345 276 4428 Neque
297 4345 387 4410 enim
409 4346 437 4410 si
465 4345 600 4410 eeclesia
627 4345 745 4410 dicitur
772 4355 878 4411 mater
905 4357 1034 4420 nostra.
1061 4347 1134 4412 ideo
1272 4345 1425 4412 Absurde
1446 4346 1563 4429 quibus
1585 4366 1645 4410 nos
1667 4365 1805 4428 gravaro
1828 4353 1973 4422 conatur,
2003 4341 2160 4426 improbis

180 4431 309 4496 retium
329 4434 364 4495 in
387 4432 508 4496 carnali
536 4441 568 4494 et
595 4431 756 4514 spirituali
784 4432 996 4515 generatione
1018 4433 1133 4518 singu·
1185 4432 1358 4498 calumniis
1389 4434 1511 4498 referta
1539 4439 1626 4496 sunt.
1683 4430 1755 4494 Nisi
1785 4428 1943 4497 concedat
1977 4449 2161 4494 sermonem

155 4453 211 4582 iae
233 4523 343 4598 partes
365 4518 453 4582 iuter
475 4539 509 4581 se
532 4515 738 4599 respondent.
1185 4517 1250 4584 Dei
1273 4517 1314 4582 ab
1335 4519 1429 4584 initio
1451 4520 1550 4584 fuisse
1572 4516 1643 4582 eius
1666 4537 1792 4600 quoque
1813 4517 1934 4592 filium,
1962 4513 2057 4580 Dens
2080 4526 2159 4580 tuuc

247 4601 379 4667 Orestio
400 4621 604 4686 nequaquam
634 4600 778 4666 ostendit
800 4601 976 4684 quodvult
997 4603 1131 4682 Manno,
1185 4625 1250 4670 non
1273 4604 1336 4668 luit
1357 4603 1549 4688 angelorum
1570 4611 1680 4685 pater:
1704 4613 1737 4666 et
1759 4613 1870 4666 tamen
1890 4611 2065 4683 antequam
2084 4621 2159 4665 nas-

157 4687 314 4754 muliores
336 4709 447 4754 carere
468 4690 602 4754 semine.
647 4688 733 4752 Nam
755 4689 850 4753 sicuti
868 4710 909 4752 cx
931 4689 1002 4754 viro
1025 4699 1133 4755 ereata
1185 4697 1316 4756 caretur
1336 4699 1442 4754 matre
1464 4687 1580 4755 caruit.
1613 4687 1682 4753 Nos
1704 4709 1782 4753 vero
1794 4687 1964 4753 Christum
1982 4685 2158 4763 hominem,

156 4781 211 4840 est
231 4773 339 4858 prima
356 4773 483 4852 mulier,
506 4775 554 4838 ita
571 4795 612 4838 ex
629 4781 768 4856 auoque
785 4774 888 4857 geniti
906 4783 984 4840 sunt
1002 4778 1132 4858 posteri.
1185 4777 1241 4859 qui
1264 4797 1305 4839 ex
1326 4776 1433 4840 Maria
1454 4785 1553 4838 natus
1576 4783 1639 4852 est,
1668 4772 1733 4838 Dei
1756 4796 1821 4838 uon
1842 4773 1952 4838 minus
1981 4793 2077 4854 quam
2100 4770 2159 4834 ho·

247 4857 355 4926 Stulte
378 4881 397 4923 a
418 4881 497 4926 voce
519 4861 654 4924 seminis
675 4860 894 4926 ratiocinatur.
929 4860 1013 4924 Nam
1036 4862 1065 4926 si
1082 4883 1133 4926 se·
1184 4862 1284 4926 minis
1301 4860 1406 4926 filium
1425 4881 1495 4925 csse
1516 4858 1731 4936 concedimus,
1754 4859 1832 4924 licet
1849 4859 1979 4923 diverso
1997 4863 2158 4938 respectu.

156 4966 235 5010 men
259 4945 402 5010 bominis
419 4967 519 5010 manu
538 4948 658 5011 iactum
672 4955 761 5010 terra
778 4946 950 5028 excipitur,
971 4967 1038 5010 non
1055 4945 1133 5012 inde
1185 4947 1299 5029 Neque
1316 4948 1403 5010 enim
1422 4947 1528 5011 instar
1538 4945 1681 5011 Netoril
1698 4945 1860 5028 duplicem
1876 4943 2033 5028 fingimus
2044 4940 2160 5008 Chris·

157 5033 325 5114 sequitur,
363 5033 398 5095 in
431 5033 518 5098 coitu
551 5031 614 5098 viri
648 5039 682 5096 et
712 5031 861 5096 mulieris
892 5031 978 5095 idom
1012 5032 1131 5098 valere.
1185 5041 1271 5111 tum,
1299 5031 1357 5096 sed
1385 5051 1556 5115 personam
1585 5053 1685 5096 unam
1714 5031 1943 5098 constituimus
1970 5049 2011 5092 ex
2034 5025 2160 5094 duabus

157 5115 250 5198 Quin
279 5117 388 5200 potins
416 5117 612 5184 contendere
639 5117 764 5196 licebit,
796 5117 872 5200 quia
900 5125 1022 5182 matres
1055 5117 1133 5182 olim
1186 5119 1323 5194 naturis,
1352 5127 1389 5182 nt
1409 5119 1454 5183 sit
1474 5137 1552 5182 vere
1573 5117 1666 5183 Deus
1687 5117 1915 5182 manifestatus
1937 5115 1971 5180 in
1993 5134 2092 5179 carne
2114 5117 2158 5197 (l.

155 5203 336 5289 genitrices
357 5212 490 5269 vocatae
512 5211 599 5282 suut,
621 5224 733 5268 semen
755 5223 868 5268 eurtum
886 5202 928 5268 ad
950 5203 1134 5286 genoratio·
1186 5205 1268 5268 Tim.
1288 5206 1317 5282 3,
1339 5203 1401 5288 16).
1451 5202 1644 5269 Doctrinam
1672 5210 1818 5267 nostram
1849 5201 1912 5266 hae
1942 5199 1979 5264 in
2007 5207 2101 5284 parte
2131 5200 2160 5264 si

154 5310 236 5356 nem
258 5307 462 5356 consumere.
510 5288 643 5372 Alioqui
670 5289 826 5356 avunculi
853 5309 927 5356 oum
955 5297 1054 5373 nepte
1075 5309 1136 5355 sua
1185 5288 1321 5372 respuit,
1344 5289 1497 5370 Paulum,
1520 5310 1562 5354 ox
1579 5310 1642 5372 quo
1660 5287 1760 5356 rerba
1780 5293 1980 5365 mutuamur,
2003 5283 2161 5354 derideat.
