4804 6012
163 386 217 452 29³
973 382 1069 450 PRO
1090 381 1335 450 FALLESIO.
2099 388 2163 451 294

163 577 242 643 cardi
262 581 306 642 est
326 575 499 643 cirutiarra
518 574 637 658 reticio.
672 572 783 657 Itaque
803 573 882 638 miii
897 572 1068 655 praeclusa
1089 576 1135 638 est
1184 590 1265 652 quae
1285 591 1333 635 me
1355 570 1496 654 impulit,
1521 570 1570 636 uei
1583 571 1691 654 potius
1712 573 1806 655 coeait
1827 571 1870 637 ad
1887 569 1967 636 horu
1987 571 2158 638 damon

163 664 211 729 aia
225 663 413 746 paroaudac
440 661 526 745 apud
553 659 720 726 &uorem
747 661 852 741 ipsum
885 663 912 724 et
943 657 1130 724 asserendae
1188 657 1294 722 Testor
1304 657 1945 739 enim,nontum1nioatammeirationem
1955 655 2161 722 iabuuseme

162 769 242 814 meae
258 749 457 814 innocentiae.
499 747 602 830 Atqui
618 746 745 810 interim
765 745 852 828 apud
873 745 995 822 multos,
1017 743 1130 826 quitus
1183 743 1219 807 iu
1236 743 1385 824 capiendo
1406 741 1460 808 itae
1480 743 1616 824 consitio,
1638 764 1734 825 quum
1750 743 1896 826 publicae
1914 741 2160 824 aedificationis:

161 836 269 900 vertas
289 839 445 916 computa
461 853 523 899 non
547 837 606 912 est,
633 832 767 898 sinistra
790 833 932 912 opinione
958 830 1063 896 laboro
1091 851 1129 896 ac
1180 831 1211 894 si
1232 829 1289 911 qui
1309 833 1411 893 tamen
1422 828 1518 911 teaere
1528 829 1644 910 quoda
1665 850 1714 894 me
1727 829 1908 911 publicatur
1928 848 1991 894 nou
2012 829 2153 894 abnuent.

158 923 268 986 anon
287 921 439 1002 defuisset
466 920 572 984 uerus
594 916 820 984 Mactdiuiensi
841 918 927 982 iusta
948 937 1046 983 causa
1074 935 1129 980 cur
1185 915 1274 997 Quod
1295 916 1326 981 si
1346 913 1404 980 uae
1430 915 1587 980 occasione
1608 917 1773 996 paueniw
1803 916 1839 980 in
1865 935 1982 979 maura
2005 912 2155 980 Caesaris

156 1008 203 1072 ita
223 1008 257 1071 iu
277 1027 326 1072 me
346 1007 488 1072 saeuiret.
536 1005 606 1086 Quia
626 1005 662 1068 iu
681 1025 716 1068 re
736 1023 797 1068 non
817 1004 907 1068 modo
928 1003 1044 1068 iniuste
1060 1022 1129 1068 mea
1176 1005 1290 1082 posset,
1313 1005 1390 1066 esset
1405 1021 1462 1066 cur
1479 999 1559 1065 miii
1581 999 1710 1066 abecias
1730 1000 1920 1084 aratuiarer,
1942 998 2071 1082 Deoque
2085 1021 2159 1083 ara-

105 1129 107 1134 ·
155 1093 346 1158 existimatio
367 1091 517 1157 laeditur:
537 1111 654 1172 ouum,
672 1091 702 1155 si
719 1095 845 1170 taceam,
868 1087 1046 1171 offendiculi
1061 1109 1128 1152 ma-
1180 1088 1245 1152 tias
1277 1107 1406 1170 ayerem.
1468 1085 1626 1167 Utcunque
1658 1091 1760 1152 tamen
1791 1086 1943 1166 succedet,
1975 1086 2158 1168 atuuantu·

153 1179 267 1244 mum
286 1175 420 1261 praebeo
446 1177 585 1256 intirmis
607 1175 813 1242 conscientiis:
849 1175 928 1258 quin
956 1175 1050 1238 etiam
1071 1173 1129 1238 im·
1181 1172 1245 1237 tum
1265 1174 1479 1254 conquiescam
1501 1173 1537 1237 iu
1563 1171 1662 1254 officii
1684 1173 1745 1239 mci
1766 1173 1958 1238 conscientia.
2009 1169 2158 1268 caucis

147 1266 279 1346 pianum
299 1263 438 1330 ludibrio
458 1267 626 1346 exponetur
643 1261 707 1326 Dei
728 1262 852 1341 ueritas,
875 1279 1043 1342 nunmqru
1060 1261 1129 1324 eius
1182 1257 1300 1324 Martii
1320 1263 1420 1324 1548.

152 1357 385 1417 εαονοεαηαιωη
405 1349 486 1416 maie
507 1349 620 1415 audiet.
670 1347 758 1413 Haec
772 1348 951 1429 praeupua
972 1351 1017 1410 est
1036 1347 1128 1422 ratio,

859 5305 1096 5376 BRUNSVIGAE,
1114 5303 1217 5360 TYPIS
1234 5304 1271 5358 M,
1289 5303 1449 5360 unomen.
