4852 6022
277 315 348 388 aaa,
946 293 951 312 '
1050 303 1315 376 calaronam
1339 308 1507 370 ιοο-ιιο
2219 307 2280 372 asu

276 515 383 582 guam
405 503 446 560 ιιι
472 495 553 562 adso
579 517 621 562 ex
646 495 735 562 fadli
761 495 935 562 dissiliant
982 493 1055 560 Iam
1083 492 1194 576 aliqua
1214 514 1257 560 ex
1308 493 1432 560 multae
1454 514 1582 577 semper
1603 513 1716 575 curae,
1745 493 1926 572 molestiae,
1956 493 2173 570 difficultates,
2201 492 2281 564 mitt

281 590 378 666 parte
416 602 528 648 sumus
568 582 733 665 assequuti
772 580 858 663 quod
889 581 995 664 primo
1024 579 1095 646 loeo
1127 600 1194 644 seru
1221 599 1257 644 er
1308 580 1444 646 instant.
1500 579 1643 648 Gratum
1675 577 1758 646 mihi
1790 601 1862 648 esse
1892 579 2010 659 fateor,
2043 577 2128 662 quod
2166 577 2282 646 fratres

280 666 519 752 quaesivimus,
546 673 582 732 ut
608 667 749 750 pessima
775 665 832 732 illa
852 667 939 732 inter
966 665 1085 732 fratres
1112 663 1189 733 dissi
1217 664 1255 742 ὀ,
1308 672 1401 732 tanta
1432 665 1497 732 mei
1529 665 1749 732 sollicitudine
1781 665 1887 732 teneri
1918 665 2028 746 video,
2061 677 2099 734 ut
2131 666 2281 748 supplere

304 773 367 824 uae
395 751 546 818 ecclesias
573 771 706 835 prorsus
738 750 940 828 lacerabant,
973 759 1256 834 componerentur.
1308 760 1452 821 nostram
1480 751 1625 834 inopiam
1649 750 1690 816 de
1725 772 1785 816 suo
1819 751 1926 835 parati
1955 751 2030 822 sint,
2084 751 2162 816 Non
2195 749 2282 816 enim

281 773 434 916 drauum
476 838 579 922 igitur
612 836 758 904 Domine
797 857 966 920 nunquam
1005 837 1085 904 satis
1122 835 1256 920 Quam
1308 835 1382 902 ficri
1409 843 1517 920 potest
1548 837 1628 920 quin
1660 835 1719 902 tali
1751 837 1872 904 amoris
1904 837 2091 906 testimonio
2128 833 2279 902 delecter.

281 923 484 1001 habebimus,
507 923 564 1005 qui
581 943 640 988 sua
651 923 854 1006 benignitate
864 943 957 1006 spem
969 942 1097 1006 quoque
1110 931 1257 986 nostram
1308 922 1434 988 Varum
1456 929 1516 990 tua
1536 931 1569 990 ct
1590 921 1723 988 illorum
1735 921 1950 990 beneficentia
1961 922 2093 990 decrevi
2109 921 2282 1000 abstinere,

281 1009 330 1076 ita
351 1019 492 1091 superat.
537 1006 591 1074 De
612 1007 721 1074 reditu
731 1011 760 1088 ²)
782 1017 861 1093 puto
882 1029 950 1076 non
972 1008 1146 1091 presedere
1170 1005 1257 1090 quod
1308 1008 1371 1074 nisi
1394 1028 1476 1090 quae
1496 1009 1601 1074 maior
1618 1009 1793 1076 necessitas
1810 1007 2014 1092 compulerit.
2047 1007 2191 1074 Dabitur
2201 1007 2282 1074 mihi

282 1095 460 1178 scripserat
492 1093 653 1160 Tolearis:
687 1094 815 1160 nullum
847 1095 936 1160 euim
970 1094 1105 1160 verbum
1137 1115 1179 1158 ex
1219 1113 1257 1158 eo
1308 1113 1328 1158 a
1368 1091 1546 1160 Weudelinu
1584 1093 1805 1178 typographo,
1850 1096 1905 1164 oui
1942 1093 2091 1160 libellum
2131 1101 2282 1160 nostrum

280 1193 429 1262 tempore
449 1181 567 1262 accepi.
611 1179 681 1244 Nec
703 1178 815 1246 dubito
836 1181 915 1262 quin
936 1180 1056 1246 fratres
1072 1199 1143 1244 rem
1163 1177 1258 1244 illam
1309 1180 1456 1244 cummisi
1476 1177 1740 1263 imprimendum,
1764 1189 1922 1263 quantum
1940 1179 1982 1245 ad
2004 1179 2282 1245 extraordinarios

282 1274 439 1348 tanqrram
473 1285 709 1348 supervacuam
745 1265 933 1341 omiserint,
966 1285 1068 1348 quum
1104 1263 1259 1330 viderunt
1309 1272 1459 1348 sumptus
1488 1265 1635 1331 sufficiet.
1687 1265 1728 1330 In
1755 1265 1848 1333 libris
1876 1267 1958 1332 meis
1984 1267 2041 1350 qni
2070 1264 2178 1331 adhuc
2206 1273 2281 1330 sunt

283 1349 417 1422 &uude
444 1351 618 1435 contigisse
641 1350 832 1416 remedium.
880 1350 1023 1418 Proinde
1051 1351 1127 1433 quia
1155 1357 1257 1416 tutam
1309 1349 1476 1428 Genavae,
1499 1352 1563 1416 erit
1584 1350 1673 1416 unde
1693 1351 1816 1434 hospiti
1843 1371 1917 1417 meo
1945 1351 2085 1418 satisfiat
2113 1371 2220 1433 usque
2242 1349 2281 1414 ad

282 1437 444 1509 actionem
465 1436 517 1504 vel
539 1437 723 1514 refrixisse,
749 1436 803 1502 vel
825 1436 1005 1504 concidisse
1027 1457 1083 1504 sus
1107 1436 1188 1514 icor,
1218 1455 1258 1502 ea
1308 1435 1460 1520 hyemem
1472 1437 1670 1520 proximam:
1688 1437 1724 1501 in
1735 1445 1904 1519 posterum
1915 1437 2077 1502 Dominus
2088 1433 2279 1520 providebit

283 1543 363 1595 aura
388 1521 524 1588 minime
546 1523 616 1588 iam
641 1543 695 1586 ιιιο
724 1522 899 1588 sollicitum
933 1521 1039 1588 habet
1122 1522 1257 1588 aucium
1308 1520 1419 1601 Quum
1447 1523 1638 1587 innumeros
1664 1521 1839 1605 aliquando
1866 1523 1986 1588 amicos
2014 1523 2050 1586 in
2077 1521 2191 1588 Gallia
2223 1521 2279 1586 ha·

286 1627 385 1691 porro
406 1607 501 1674 illum
528 1628 625 1690 quem
655 1607 739 1672 mihi
760 1607 940 1674 attulerant
960 1608 1075 1674 literne
1100 1607 1257 1686 Touana,
1308 1605 1451 1685 buerim,
1485 1628 1582 1672 nemo
1612 1608 1674 1674 luit
1706 1609 1762 1690 qui
1794 1628 1899 1674 assem
1931 1608 2015 1674 mihi
2046 1607 2219 1673 obtulerit:
2249 1616 2279 1672 st

283 1713 351 1758 non
372 1692 444 1760 sine
466 1715 564 1760 eausa
586 1699 756 1776 tantopere
778 1693 1046 1778 expavescebam.
1090 1693 1166 1758 Non
1187 1713 1256 1758 om·
1307 1700 1418 1758 tamon
1439 1693 1467 1759 si
1488 1694 1649 1780 fecissent,
1673 1703 1826 1776 poterant
1846 1695 1910 1758 frui
1932 1695 2077 1778 grutuita
2098 1693 2277 1760 beneficen-

282 1797 342 1843 nes
354 1798 470 1844 causas
481 1778 540 1842 tibi
550 1779 714 1844 recensui:
736 1787 769 1843 et
785 1799 906 1864 paucas
917 1779 991 1844 illas
1002 1799 1082 1862 quas
1093 1777 1256 1856 notabam,
1308 1779 1373 1842 tiae
1401 1778 1572 1844 iactantia:
1600 1779 1705 1844 nihilo
1733 1779 1821 1844 enim
1843 1779 1908 1844 illis
1934 1779 2135 1845 constitisset
2163 1779 2278 1844 offerre

283 1865 379 1948 attigi
397 1871 529 1929 tautum
546 1864 700 1943 breviter,
723 1886 789 1930 non
808 1865 954 1948 exposui.
989 1863 1089 1930 (lerte
1107 1863 1193 1946 quod
1216 1862 1256 1926 de
1307 1862 1394 1946 quod
1414 1885 1481 1929 non
1504 1873 1730 1949 acceptessem.
1763 1863 1942 1932 Exciderat
1956 1864 2039 1929 mihi
2054 1864 2278 1942 Laedoeicuab

281 1957 315 2015 te
338 1949 482 2015 dicebam
500 1950 658 2014 momenti
680 1949 859 2032 plurimum
881 1969 993 2016 secum
1015 1949 1125 2014 trahit.
1170 1949 1257 2014 Num
1307 1949 1364 2014 ilie
1392 1971 1478 2016 unus
1504 1951 1567 2014 fuit
1595 1952 1651 2034 qni
1678 1951 1810 2016 obtulit:
1839 1950 1896 2016 sed
1923 1951 1993 2035 ipso
2026 1971 2156 2034 quoque
2188 1971 2278 2016 suam

285 2043 343 2100 aut
365 2037 477 2102 ambos
498 2034 595 2100 simul
616 2036 755 2115 restitui,
778 2043 835 2100 aut
856 2057 908 2101 mc
930 2037 1139 2119 perveniam
1161 2036 1256 2100 resti·
1308 2033 1516 2118 largitionem
1543 2037 1642 2100 nimis
1668 2057 1788 2120 magno
1814 2035 2021 2102 venditabat:
2044 2035 2209 2119 siquidem
2230 2056 2278 2100 me

280 2126 390 2186 tutum
423 2119 527 2188 videri
564 2129 698 2205 oportet.
752 2121 806 2186 Ita
842 2141 999 2204 personae
1032 2119 1257 2204 indulgebitur
1309 2128 1437 2186 tautum
1470 2141 1539 2186 uon
1571 2121 1613 2186 ad
1653 2121 1888 2188 recantandum
1926 2121 2129 2188 hortabatur.
2185 2121 2279 2188 Gar-ts

280 2207 460 2286 restitutio,
488 2227 556 2270 non
583 2227 698 2272 causae
728 2205 866 2272 dabitur.
912 2205 980 2272 Sed
1006 2207 1064 2271 illa
1084 2207 1256 2288 praecipue
1308 2205 1397 2272 clara
1418 2228 1498 2272 voco
1519 2208 1619 2272 fuisse
1640 2229 1693 2272 me
1717 2208 1871 2274 ecclesiae
1899 2208 2106 2292 transfugam
2135 2227 2279 2292 pronun·

281 2294 434 2378 cogitatio
456 2313 509 2356 me
531 2299 734 2372 consternat,
762 2289 842 2356 dum
872 2293 912 2358 ob
937 2292 1045 2358 oculos
1067 2291 1149 2356 mihi
1170 2311 1256 2374 pono
1308 2292 1423 2357 uiabat.
1467 2293 1636 2374 Respondi
1658 2293 1743 2375 quod
1765 2291 1861 2358 debui
1883 2293 2003 2359 talibus
2020 2293 2143 2358 literis:
2167 2313 2280 2358 vereor

281 2380 318 2443 iu
341 2385 497 2461 quautam
519 2378 710 2462 voraginem
731 2377 939 2462 ingrederer:
969 2399 1085 2460 nempe
1111 2398 1175 2460 qua
1202 2395 1256 2440 me
1307 2387 1420 2442 tamen
1430 2399 1473 2442 ne
1484 2377 1598 2442 literae
1609 2378 1844 2446 interciderint.
1878 2379 1950 2444 Tua
1965 2379 2068 2464 igitur
2084 2399 2122 2444 ac
2141 2379 2279 2446 fratrum

281 2462 448 2530 absorberi
484 2469 588 2527 totum
617 2463 812 2542 sentiebam,
845 2483 949 2547 quum
977 2474 1089 2528 tamen
1122 2461 1256 2528 dimidio
1308 2463 1536 2530 benevolentia
1563 2463 1599 2528 in
1627 2485 1780 2548 praeseus
1809 2471 1981 2531 contentus
2009 2485 2081 2530 eru:
2109 2465 2281 2532 facultates

280 2549 390 2616 minor
411 2547 517 2614 adhuc
539 2550 629 2613 foret.
1307 2549 1466 2631 experiar,
1490 2549 1517 2614 si
1539 2549 1668 2634 quando
1689 2549 1753 2614 erit
1774 2569 1914 2616 necesse.
1959 2551 2008 2616 Ac
2030 2550 2177 2616 vicissim
2205 2571 2278 2634 rogo

369 2633 499 2712 Habeo,
537 2635 654 2714 fateor,
688 2633 743 2700 hic
779 2655 853 2700 mea
893 2631 1119 2717 cortamina,⁸)
1152 2641 1185 2698 et
1218 2654 1257 2698 ea
1308 2642 1346 2698 ut
1373 2655 1433 2717 pro
1461 2635 1527 2700 ista
1549 2635 1585 2702 in
1613 2656 1665 2700 mo
1688 2645 1797 2702 vestra
1817 2633 2032 2716 humanitate,
2055 2636 2159 2705 animi
2181 2635 2279 2721 grati-

302 2717 413 2785 uidem
442 2719 559 2786 ardua:
588 2719 645 2784 sed
670 2721 786 2804 quibus
808 2739 971 2800 exercear,
996 2741 1061 2786 nou
1084 2718 1254 2786 adobruar.
1308 2719 1423 2786 tudine
1433 2721 1578 2786 contenti
1589 2721 1671 2788 sitis.
1694 2721 1794 2786 Dolet
1803 2721 2281 2872 mihiperiissecoronatumffl

281 2739 482 2893 Quanquam
510 2805 594 2870 mihi
622 2827 689 2870 non
716 2825 835 2890 purum
861 2807 982 2890 negotii
1012 2807 1158 2870 futurum
1186 2813 1257 2869 erat
1307 2805 1364 2872 sed
1384 2813 1434 2872 est
1455 2827 1515 2872 οιιι·
1531 2807 1712 2874 socordiam
1734 2807 1790 2873 hic
1805 2827 1913 2872 meam
1930 2827 2089 2886 accusem,
2112 2807 2179 2874 uisi
2198 2830 2242 2892 qu

280 2891 344 2958 hoc
364 2889 542 2967 Paschate,
570 2891 598 2956 si
627 2891 728 2974 pestis
753 2889 846 2980 illei)
876 2889 916 2956 de
943 2912 1009 2976 qua
1029 2889 1176 2975 quereris
1197 2890 1255 2955 ad·
1307 2891 1430 2974 pudure
1458 2891 1596 2958 retineri
1617 2912 1714 2974 possa
1735 2891 1927 2970 arbitrabar,
1949 2913 1992 2958 ne
2009 2893 2056 2960 sio
2079 2891 2279 2960 abuteretur.

278 2978 404 3044 fuisset.
454 2979 525 3043 Aut
550 2977 640 3042 enim
666 2976 708 3042 ad
740 2979 900 3043 rationem
934 2975 1133 3044 reddendam
1166 2997 1255 3044 oom-
1392 2977 1507 3044 Placet
1518 2978 1662 3044 maxime
1679 2985 1829 3047 vestrum
1846 2977 1887 3044 de
1902 2975 2038 3046 Claudio
2049 2977 2078 3061 1)
2096 2977 2280 3057 consilium,

278 3064 452 3216 missum,
491 3067 549 3128 aut
584 3063 626 3128 ad
658 3083 792 3130 coenam
824 3063 961 3132 Domini
994 3063 1155 3130 admissus
1187 3085 1255 3128 uon
1306 3070 1344 3128 ut
1364 3069 1540 3146 antequam
1561 3064 1667 3148 magis
1688 3061 1877 3146 adoleverit,
1898 3075 1959 3130 aut
1980 3065 2077 3133 etium
2095 3063 2282 3132 induruerit

318 3144 405 3220 ‘set
448 3147 543 3218 Unus
565 3170 607 3216 ex
635 3149 706 3216 eius
733 3147 916 3234 discipulis,
946 3149 1003 3218 ille
1023 3172 1120 3234 quem
1149 3147 1256 3216 voluit
1306 3147 1481 3227 barbaries,
1503 3170 1587 3233 quae
1608 3157 1745 3216 manent
1765 3149 1926 3218 scintillae
1945 3147 2171 3218 adhucbonae
2188 3151 2280 3218 insti-

279 3237 316 3302 in
344 3235 519 3302 Claudium
551 3234 750 3312 Numanum
776 3236 962 3314 stimulare,
991 3245 1152 3303 venturus
1174 3243 1252 3313 erat,
1306 3235 1442 3301 tutionis
1463 3235 1500 3300 in
1521 3235 1579 3300 illa
1599 3236 1749 3319 pueritia,
1771 3237 1843 3302 eius
1859 3257 1960 3319 opera
1977 3235 2174 3302 excitentur.
2215 3233 2281 3302 Sed

278 3322 346 3390 nisi
366 3322 645 3406 praemonuissem
666 3330 703 3387 ut
724 3321 806 3400 mihi
828 3329 925 3388 antea
946 3343 981 3388 sa
1010 3329 1177 3406 purgaret,
1199 3321 1254 3387 vel
1306 3321 1384 3404 quid
1415 3321 1515 3388 fidcm
1543 3341 1650 3400 meam
1682 3321 1828 3406 appellas
1855 3321 1891 3388 in
1922 3321 2108 3388 adiuvando
2140 3323 2282 3388 fratrum

279 3415 368 3475 carte
390 3409 649 3492 resipiscentiam
670 3409 884 3492 promitteret.
928 3408 1011 3473 'l'uto
1038 3427 1150 3473 menso
1178 3427 1254 3472 oon-
1304 3405 1736 3476 oonatuadinstauraudam
1759 3406 1988 3492 disciplinam?
2024 3407 2174 3490 Adquos
2191 3407 2279 3474 enim

278 3495 407 3566 monem
433 3513 500 3562 uon
528 3494 692 3574 audierat,
720 3493 886 3578 publicum
914 3493 1005 3558 aleae
1032 3501 1068 3558 οι
1087 3493 1255 3560 ebrietatis
1306 3493 1497 3572 scriberem,
1527 3501 1587 3560 aut
1613 3514 1677 3576 quo
1704 3492 1811 3579 stylo?
1864 3491 1977 3576 Quare
2004 3501 2063 3570 aut
2088 3493 2180 3560 viam
2198 3491 2280 3558 mihi

276 3585 384 3652 veluti
413 3583 519 3648 forum
550 3580 730 3647 exercebat
786 3581 838 3646 De
873 3578 1125 3646 scortationibus
1154 3580 1254 3644 etiam
1306 3580 1411 3661 aperi,
1441 3587 1498 3646 aut
1525 3601 1567 3646 ne
1595 3587 1764 3662 exspectes
1791 3577 1870 3644 dum
1899 3601 1952 3644 me
1973 3587 2097 3646 temere
2121 3579 2280 3664 ingeram.

279 3691 393 3738 rumor
414 3667 621 3735 susurrabat:
651 3675 685 3730 et
711 3673 824 3730 tamen
852 3667 1056 3750 prorupisset
1081 3665 1123 3729 ad
1145 3685 1253 3730 sacro·
1305 3665 1419 3748 Nuper
1444 3665 1595 3747 Philippo
1616 3666 1652 3730 in
1680 3665 1832 3748 faciem⁸)
1860 3687 1927 3732 nou
1956 3663 2175 3744 dissimulavi,
2204 3663 2284 3746 quin

279 3765 431 3824 sanctum
452 3753 535 3818 illud
556 3751 766 3837 mysterium,
794 3753 858 3816 nisi
883 3751 972 3818 viam
993 3751 1252 3836 praeclusissem.
1306 3751 1388 3816 mihi
1410 3748 1585 3818 admodum
1604 3749 1661 3816 ilia
1678 3750 1959 3819 caeremoniarum
1976 3749 2069 3834 copia
2085 3749 2282 3834 displiceret

278 3841 411 3910 Iocatus
433 3847 484 3906 est
505 3837 591 3923 apud
613 3859 688 3903 eum
707 3838 761 3921 qui
783 3835 1002 3904 denunciabat
1028 3835 1115 3920 quod
1142 3837 1253 3903 voluo-
1305 3836 1422 3904 Videri
1442 3837 1530 3905 euim
1552 3836 1634 3902 mihi
1656 3837 1794 3905 sormam
1816 3855 1914 3920 quam
1932 3844 2056 3914 tenent,
2077 3857 2146 3902 uon
2168 3833 2284 3920 procul

280 3949 352 3994 ram
367 3927 415 3992 illi
431 3925 578 4004 indicari,
602 3945 637 3991 se
653 3923 840 4007 relinquere
857 3923 1252 4006 confessionempapistis.
1305 3943 1376 3990 esse
1398 3945 1418 3987 a
1438 3921 1607 3989 iudaismo.
1653 3919 1766 4003 Quum
1787 3922 1968 3990 rationibus
1984 3922 2154 4000 instarem,
2177 3920 2281 3988 noluit

278 4013 448 4097 Respondi
470 4033 540 4079 esse
557 4025 799 4095 quoquegenus
816 4010 1026 4076 confessionis
1044 4009 1252 4074 christianae.
1305 4029 1432 4076 mecum
1460 4007 1501 4074 de
1529 4029 1566 4074 οο
1595 4005 1807 4088 contendere,
1836 4009 1915 4092 quin
1944 4007 2045 4074 nimis
2072 4006 2279 4074 abundarent

280 4097 320 4166 Si
340 4099 474 4164 redierit
494 4098 660 4183 magister,
683 4097 747 4161 erit
767 4097 833 4162 iam
863 4095 946 4161 mihi
974 4095 1154 4178 professum
1176 4115 1252 4159 cum
1305 4097 1340 4160 in
1368 4093 1484 4158 ritibus
1511 4093 1576 4162 illis
1606 4102 1663 4160 ant
1689 4093 1825 4176 ineptis,
1854 4103 1912 4160 aut
1940 4101 2029 4159 certe
2056 4095 2276 4177 supervacnis

281 4205 320 4250 οο
340 4185 470 4249 bellum.
504 4185 573 4250 Nec
594 4205 653 4268 per
672 4203 725 4247 me
743 4185 843 4262 stetit,
866 4181 1039 4266 quominus
1056 4179 1252 4264 iampridem
1306 4178 1373 4248 Sed
1400 4179 1528 4246 dicebat
1555 4179 1587 4246 id
1617 4177 1761 4246 dandum
1799 4179 1981 4246 necessario
2012 4179 2113 4246 fuisse
2147 4177 2279 4246 canoni·

280 4289 355 4338 cum
377 4289 415 4333 eo
432 4269 654 4354 congrederer.
699 4269 752 4333 Ita
773 4270 842 4334 cius
862 4267 1065 4352 impietatem
1086 4265 1195 4350 palam
1219 4273 1254 4330 et
1304 4273 1430 4331 starum
1448 4265 1505 4348 qui
1522 4265 1591 4330 illio
1607 4274 1684 4331 sunt
1701 4263 1921 4331 obstinationi.
1957 4263 2134 4330 (laetarum
2151 4265 2279 4329 nullum

282 4361 396 4440 aperte
432 4355 530 4420 etiam
563 4375 623 4440 pro
652 4355 805 4421 concione
833 4351 1045 4440 sugillabam,
1079 4363 1117 4417 ut
1148 4351 1252 4416 nihilo
1305 4372 1376 4417 esse
1404 4353 1440 4415 iu
1462 4349 1609 4416 Saxuuia
1634 4351 1742 4416 locum
1769 4352 1824 4434 qui
1849 4371 1915 4416 uon
1941 4351 2048 4434 magis
2078 4361 2278 4416 exoneratus

278 4442 391 4508 minus
413 4449 471 4503 aut
491 4441 562 4523 ipsi,
584 4451 641 4507 aut
662 4441 736 4507 aliis
756 4440 874 4506 dubins
896 4447 981 4506 esset
1001 4457 1125 4517 sermo,
1153 4457 1251 4520 quam
1304 4445 1390 4504 esset
1411 4436 1658 4522 Wittenberga:
1681 4445 1715 4500 et
1736 4457 1807 4502 eam
1825 4438 1930 4522 ipsam
1948 4435 2107 4520 paulatim
2125 4457 2167 4501 ex
2185 4445 2280 4502 tanta

279 4528 310 4595 ω’
348 4525 403 4592 vel
441 4525 677 4604 nominassem,
722 4525 778 4592 vel
822 4525 924 4610 digito
966 4523 1250 4590 demonstrassem.
1303 4523 1468 4606 farragine
1489 4521 1596 4587 multa
1618 4523 1844 4591 abscissuram.
1889 4521 2047 4588 Clausula
2068 4531 2180 4588 autem
2199 4527 2279 4598 erat,

279 4614 387 4691 Nunc,
406 4610 484 4694 quia
497 4611 742 4678 Fraucfordiem
753 4613 900 4695 petierat,
913 4610 1073 4677 Bucerum
1083 4609 1251 4676 obsecravi
1305 4609 1443 4674 Lethea
1463 4628 1529 4672 nou
1551 4609 1656 4693 magis
1678 4609 1808 4691 probari
1832 4629 1913 4691 quas
1935 4615 2065 4674 coactus
2086 4607 2281 4674 retinuisset

281 4707 322 4766 nt
348 4699 388 4764 ab
419 4717 457 4762 eo
484 4716 552 4760 non
580 4719 671 4763 seem
700 4717 737 4764 ac
758 4699 865 4763 iurato
887 4696 981 4764 hoste
1003 4703 1142 4762 caveret.
1185 4693 1251 4761 Ubi
1304 4694 1539 4774 caeremonias,
1574 4713 1672 4778 quam
1702 4703 1848 4760 nostram
1875 4695 1910 4759 in
1939 4693 2005 4759 illis
2032 4695 2279 4778 parsimoniam.

281 4785 427 4868 primum
450 4803 485 4847 se
506 4781 553 4845 ita
574 4783 705 4847 tractari
727 4784 873 4860 senserit,
897 4781 1010 4867 quales
1032 4779 1148 4846 turbae
1169 4781 1252 4846 mihi
1304 4853 1378 4860 --...
1460 4853 1464 4857 ,
1496 4853 1501 4858 ,

280 4865 542 4954 praeparantur?
593 4867 682 4950 Ergo
709 4869 779 4936 sive
807 4869 861 4934 hie
886 4889 1016 4944 maneo,
1044 4869 1115 4934 sive
1135 4869 1251 4950 migro,

282 5005 485 5018 „md
1408 4951 1438 5011 5»
1458 4949 1507 5004 Du
1530 4949 1605 5004 fallet
1624 4949 1661 5004 N.
1680 4947 1738 5004 153.

1408 5017 1438 5084 6)
1461 5017 1501 5086 Of.
1522 5017 1575 5072 Ne.
1594 5017 1643 5072 164
1662 5034 1755 5074 sarraca
1771 5019 1860 5086 finem.

385 5091 416 5156 a)
434 5107 493 5146 mee
514 5088 656 5144 emmau.
1409 5087 1436 5154 7)
1456 5087 1587 5142 Fortasse
1610 5087 1643 5142 de
1663 5087 1700 5140 Ul.
1726 5088 1892 5158 causarer,
1916 5089 2094 5156 Dclpbs'uute,
2118 5091 2148 5142 iu
2169 5089 2282 5142 smera

385 5160 415 5222 3)
435 5158 638 5226 Kamvschttlie,
658 5153 760 5208 1·324.
1306 5157 1392 5211 iocum
1410 5155 1603 5224 substituendo,
1623 5152 1724 5210 Be'tum
1740 5175 1767 5224 p.
1788 5157 1828 5210 11.

380 5227 413 5308 a)
431 5227 584 5295 Deperda'tu
602 5223 710 5278 Furells'
725 5225 846 5292 epistola,
863 5227 928 5280 hoec
945 5227 1111 5284 obscuriore.
1410 5223 1440 5290 8)
1458 5227 1513 5280 soil.
1535 5224 1759 5288 &ascolonitas
