4782 6010
226 292 334 362 xxx
645 241 646 246 Ν
1077 287 1347 358 samsones.

227 483 300 548 tiois
322 480 535 558 documentis,
562 487 601 544 ut
619 477 770 558 Senatus,
794 477 988 545 Oonsistorii
1009 485 1043 542 ct
1064 476 1239 543 Ministcrii
1266 476 1471 543 Genevensis
1492 478 1749 558 commentariis,
1776 477 1927 558 derivati,
1955 497 2036 564 quac
2056 477 2094 542 in
2114 497 2219 543 anno-

226 593 406 660 tationibus
426 593 509 657 forto
530 589 765 658 desideraveris
785 590 991 674 aliquatenus
1012 588 1218 674 supplebunt.
1261 588 1373 654 Etiam
1400 587 1463 654 hae
1485 589 1710 656 annotationes
1731 590 1868 674 ubique,
1895 589 2000 673 quoad
2022 608 2217 670 sermonem,

226 727 285 772 suo
307 725 452 789 quaeque
475 703 578 768 textui
600 701 761 786 aptandae
782 708 887 768 erant.

378 925 499 1005 Habes,
522 924 678 992 benevole
698 924 814 1002 lector,
843 943 926 1007 quae
954 923 1013 988 tibi
1041 923 1076 986 in
1106 921 1168 988 hac
1190 923 1298 1006 operis
1326 923 1429 988 nostri
1457 929 1551 1006 parte
1580 923 1748 989 offerimus
1773 931 1806 988 et
1834 921 2070 1006 promittimus,
2099 921 2218 1006 quibus

226 1047 265 1104 ut
286 1039 344 1104 tibi
366 1039 504 1103 satisfiat
523 1037 619 1102 unice
636 1036 671 1100 in
689 1036 774 1101 votis
791 1042 850 1100 est
883 1035 970 1099 Nam
987 1033 1102 1116 quibus
1120 1035 1208 1099 ouris
1226 1041 1260 1099 61
1278 1032 1441 1100 laboribus
1458 1055 1517 1117 per
1533 1033 1700 1118 integrum
1717 1033 1911 1099 decennium
1929 1035 1964 1098 in
1982 1033 2043 1100 hoc
2062 1033 2218 1105 thesauro

225 1147 392 1216 condendo
414 1147 548 1213 distenti
569 1147 741 1226 fuerimus,
769 1143 803 1210 id
825 1146 933 1210 animo
954 1145 1125 1228 concipere
1151 1147 1265 1230 nequit
1291 1145 1355 1210 nisi
1384 1145 1440 1228 qui
1465 1144 1571 1210 simile
1601 1145 1720 1228 aliquid
1749 1144 1893 1236 molitus¹
1910 1152 1967 1210 est.
2012 1143 2087 1212 Non
2109 1145 2219 1210 solum

226 1262 313 1327 enim
334 1281 393 1343 per
421 1259 568 1344 longiora
596 1257 850 1340 uniuscuiusque
879 1256 958 1322 anui
987 1259 1093 1340 spatia
1120 1265 1325 1340 quotcunque
1355 1247 1431 1322 aliis'
1456 1257 1596 1342 negotiis
1624 1257 1791 1340 subripere
1818 1263 2007 1342 poteramus
2028 1255 2111 1336 dies,
2138 1255 2218 1322 huic

226 1373 369 1438 maxime
391 1371 649 1448 reservabamus,
672 1367 729 1436 sed
751 1369 851 1433 etiam
872 1367 958 1452 quod
980 1367 1036 1432 alii
1056 1369 1254 1452 professores
1272 1365 1456 1447 academici,
1479 1377 1552 1450 post
1572 1375 1705 1452 peracta
1725 1367 1895 1452 utriusque
1916 1367 2083 1434 semestris
2104 1388 2217 1451 pensa,

226 1493 358 1568 gratum
380 1483 537 1548 feriarum
559 1490 690 1566 tempus
712 1480 766 1546 vel
782 1479 871 1545 dulci
893 1480 958 1544 otio
980 1479 1036 1544 vel
1057 1477 1222 1544 montibus
1244 1487 1278 1543 ct
1298 1479 1444 1544 maribus
1466 1477 1542 1543 dare
1564 1479 1671 1546 solent
1692 1479 1824 1544 attritas
1850 1479 1937 1545 vires
1958 1474 2127 1558 refecturi,
2155 1479 2218 1544 hoc

226 1615 287 1660 nos
308 1614 495 1678 quanquam
517 1589 572 1672 ἤδη
594 1591 797 1677 γηράσκοντες,
823 1590 879 1656 ubi
895 1592 983 1657 vitae
1006 1611 1133 1656 summa
1153 1589 1261 1656 brevis
1283 1611 1374 1675 spem
1393 1611 1452 1654 nos
1469 1591 1602 1656 vetabat
1620 1589 1772 1656 inchoare
1790 1589 1931 1676 longam,
1953 1589 2082 1674 pulveri
2103 1589 2219 1656 biblio-

227 1707 399 1772 thecatum
421 1704 564 1788 alioquin
586 1713 654 1768 tarn
676 1723 830 1768 amoenae
840 1702 1014 1768 Helvetiae
1035 1700 1228 1768 excutiendo
1246 1700 1442 1768 dicavimus:
1465 1713 1499 1766 et
1521 1701 1599 1766 dum
1621 1709 1658 1766 tu
1675 1703 1766 1781 forte,
1788 1701 1824 1767 in
1841 1701 1896 1767 illo
1914 1709 2077 1766 terrarum
2095 1701 2219 1786 angulo

227 1829 358 1904 praeter
378 1837 490 1882 omnes
513 1816 572 1882 tibi
594 1814 739 1893 ridente,
769 1812 930 1898 liquidum
951 1813 1109 1898 fulgentis
1130 1813 1270 1878 Lemaui
1291 1834 1413 1896 aequor
1439 1834 1606 1890 emensus,
1634 1811 1737 1880 vividi
1764 1813 1911 1898 riparum
1939 1813 2058 1880 viroris
2085 1823 2220 1898 aspectu

227 1929 396 2006 fruebaris,
421 1950 478 1992 nos
500 1950 519 1992 6
541 1928 645 2010 primo
667 1945 763 1990 manc
785 1925 827 1989 ad
856 1945 962 1990 seram
992 1945 1163 2008 vesperam
1184 1932 1332 1989 veterum
1359 1925 1509 2009 spinosae
1536 1923 1726 1990 literaturae
1751 1925 1989 2004 incumbentes,
2018 1923 2059 1988 ab
2081 1924 2220 2008 Alpium

227 2041 396 2106 maiestate
419 2040 568 2124 quamvis
591 2037 725 2122 cupidos
754 2037 864 2102 oculos
886 2037 1127 2116 avertebamus,
1155 2035 1291 2118 perinde
1313 2055 1351 2101 ac
1372 2037 1400 2101 si
1426 2033 1468 2102 ad
1490 2043 1629 2100 naturae
1651 2037 1790 2101 nitorem
1811 2057 1878 2101 non
1900 2037 2008 2102 minus
2029 2036 2163 2102 hebetes
2186 2045 2221 2102 et

229 2152 335 2217 obtusi
357 2151 532 2216 fuissemus
558 2171 653 2232 quam
685 2149 838 2214 homines
865 2148 986 2214 saeculi
1015 2148 1132 2214 decimi
1155 2147 1238 2212 sexti
1265 2148 1365 2213 fuisse
1392 2146 1563 2226 videntur,
1592 2167 1698 2230 neque
1726 2145 1842 2212 horum
1863 2148 2068 2230 importunae
2090 2155 2221 2214 contro-

228 2264 356 2329 versiae
378 2271 412 2326 ct
434 2259 556 2328 dudum
579 2259 725 2344 sepultae
746 2259 815 2325 irae
837 2279 894 2323 eac
916 2267 1011 2324 crant
1031 2279 1115 2342 quae
1136 2279 1196 2324 nos
1217 2259 1309 2342 quasi
1331 2261 1592 2344 compensatione
1609 2260 1695 2324 facta
1711 2259 1941 2334 exhilararent.
1976 2257 2110 2326 Scilicet
2127 2281 2223 2326 seve-

228 2374 315 2440 riore
337 2373 431 2440 vultu
454 2372 540 2438 inter
563 2393 690 2438 sorores
713 2369 785 2437 (llio
807 2371 921 2436 venire
943 2371 1033 2450 solet,
1063 2391 1168 2454 neque
1189 2370 1305 2435 festivo
1326 2369 1465 2435 hilarivc
1487 2369 1577 2437 cultu
1598 2371 1660 2436 ooli
1680 2370 1766 2436 vult:
1795 2391 1909 2437 verum
1931 2371 1960 2437 si
1981 2392 2046 2454 qua
2066 2391 2223 2456 praesen·

228 2485 316 2551 tibus
338 2483 477 2570 denegat
498 2481 617 2569 gaudia
638 2481 826 2560 cultoribus,
849 2481 901 2548 his
924 2483 1120 2548 cumulatius
1141 2481 1219 2546 clim
1236 2501 1332 2545 suum
1353 2480 1511 2548 honorem
1533 2501 1634 2566 aequa
1654 2482 1754 2547 iudex
1774 2483 1947 2566 posteritas
1968 2481 2133 2566 rependet.

1066 2877 1270 2963 OAPU'P
1300 2879 1381 2964 ΙΠ.

743 3063 1135 3162 APPARATUS
1161 3065 1356 3162 MANU
1383 3065 1707 3164 SCRIPTUS.

383 3269 550 3336 Plurimae
572 3268 715 3352 adeoque
736 3270 922 3334 innumeras
949 3268 1098 3334 virorum
1120 3267 1239 3335 sacculi
1260 3267 1377 3334 decimi
1406 3269 1490 3334 sexti
1511 3268 1673 3335 clarorum
1695 3269 1848 3354 epistolas
1869 3269 2086 3354 autographas
2106 3269 2221 3336 hodie-

229 3404 293 3468 que
315 3401 487 3464 supercsse
507 3381 595 3446 inter
616 3401 728 3446 omncs
750 3387 885 3448 constat.
930 3381 1042 3446 Etiam
1071 3400 1182 3446 aarum
1210 3401 1293 3464 quac
1316 3379 1507 3460 (lalvinum,
1536 3380 1608 3446 cius
1635 3380 1755 3446 amicos
1784 3389 1817 3446 61
1844 3381 1984 3468 collegas
2011 3390 2220 3466 caeterosque

229 3495 286 3578 qui
309 3513 383 3559 cum
405 3513 443 3558 co
465 3491 609 3576 aliquam
630 3493 815 3559 habuerunt
836 3491 1113 3570 consuetudinem,
1136 3501 1265 3558 autores
1286 3500 1476 3578 agnoscunt,
1500 3493 1580 3558 satis
1601 3491 1744 3575 amplam
1766 3492 1892 3576 copiam
1914 3493 2039 3560 faciunt
2060 3514 2219 3577 quaeren-

228 3605 315 3670 tibus
336 3603 550 3670 bibliothecae
572 3603 750 3671 helveticao
770 3605 838 3669 ferc
856 3624 968 3672 omnes
985 3615 1019 3668 et
1040 3603 1219 3669 nonnullae
1237 3613 1376 3669 exterae.
1411 3602 1608 3687 Quanquam
1626 3605 1655 3668 si
1672 3625 1713 3668 cx
1730 3603 1811 3686 ipsis
1828 3625 1909 3688 quac
1930 3611 2062 3671 exstant
2078 3607 2219 3690 vestigia

228 3715 374 3782 omnium
402 3714 557 3799 relegeris
585 3737 667 3798 quae
693 3723 731 3780 ut
761 3715 839 3780 olim
866 3737 982 3782 revera
1012 3717 1151 3799 scriptae
1179 3714 1380 3800 allegantur,
1415 3713 1509 3780 facile
1536 3715 1656 3780 efficies
1684 3715 1861 3780 maximam
1888 3723 2014 3799 partem
2041 3716 2218 3784 interiisse.

228 3825 325 3908 Quod
347 3825 388 3891 ad
407 3825 565 3892 Nostrum
587 3827 713 3905 attinet,
736 3825 928 3910 quandoque
949 3827 1063 3892 literas
1084 3827 1171 3901 foras
1192 3825 1369 3892 mittendas
1397 3825 1647 3892 amanuensibus
1670 3825 1819 3906 dictabat,
1847 3828 2034 3910 saepissime
2056 3848 2136 3893 vero
2157 3849 2219 3894 sua

228 3943 329 4002 manu
350 3938 515 4016 exarabat,
536 3937 588 4004 vel
608 3937 798 4021 simpliciter
820 3938 961 4004 stillico
982 3927 1162 4004 tabellariis
1184 3937 1370 4018 tradendas,
1394 3936 1446 4002 vel
1463 3944 1636 4019 antequam
1655 3937 1783 4003 abirent
1803 3937 2038 4018 describendas,
2060 3945 2099 4003 ut
2119 3941 2219 4005 ctiam

229 4047 316 4133 apud
343 4049 451 4131 ipsum
489 4049 576 4114 domi
611 4060 829 4116 servarentur.
880 4050 974 4116 Inter
1009 4070 1223 4116 amanuenses
1257 4048 1420 4115 notissimi
1453 4057 1530 4114 sunt
1562 4049 1608 4114 Io.
1636 4049 1790 4116 Budaeus
1816 4052 1929 4134 magni
1960 4049 2086 4116 Budaei
2119 4052 2218 4132 filius,

228 4159 383 4226 Nicolaus
405 4159 571 4226 Gallasins
594 4159 665 4244 (des
687 4159 834 4238 Gallars,
863 4159 1026 4246 Seigncur
1048 4161 1088 4226 de
1111 4161 1245 4245 Saulcs)
1267 4159 1476 4238 Parisicnsis,
1504 4161 1596 4226 cuius
1624 4181 1743 4227 nomen
1770 4163 1805 4226 in
1833 4161 1989 4244 thesauro
2015 4170 2126 4228 nostro
2149 4183 2219 4228 non

229 4270 330 4337 semel
351 4271 483 4336 obvium
503 4271 645 4352 habebis,
657 4279 701 4338 Ι61
723 4272 797 4338 (lar.
820 4272 1021 4340 Ionvillaeus
1044 4271 1259 4338 (larnutcnsis
1288 4273 1343 4355 qui
1365 4273 1463 4337 ctiam
1485 4272 1695 4356 epistolarum
1716 4274 1873 4358 magistri,
1896 4274 2042 4340 fortassis
2064 4274 2100 4338 in
2120 4295 2219 4340 suum

229 4401 346 4460 usum,
376 4381 463 4446 haud
491 4382 611 4448 exilem
638 4385 838 4470 farraginem
870 4385 905 4450 in
932 4385 1071 4468 speciale
1099 4383 1255 4450 volumen
1285 4383 1455 4466 congessit.
1507 4383 1559 4448 De
1587 4382 1648 4449 lioc
1677 4390 1709 4449 61
1736 4383 1870 4468 reliquis
1896 4385 1970 4451 vide
1992 4385 2054 4450 Iul.
2075 4385 2218 4464 Bonnet,

231 4493 338 4560 Re'oits
359 4493 403 4558 da
423 4494 565 4560 saetae
586 4495 675 4561 616616
698 4499 780 4560 1864
802 4517 832 4580 p.
860 4501 916 4562 101
942 4515 1029 4579 seqq.
1052 4503 1086 4560 et
1107 4495 1252 4580 Haagios
1279 4495 1398 4560 fratres
1415 4496 1451 4560 in
1472 4495 1504 4560 lo
1526 4493 1650 4560 Franco
1661 4501 1849 4578 protestante
1876 4497 1944 4560 suis
1970 4495 2057 4562 locis.
2102 4497 2219 4580 Neque

229 4603 488 4690 praetereundus
509 4605 627 4672 Franc.
649 4607 835 4676 Balduinus
864 4607 904 4675 dc
931 4608 1024 4674 cuius
1052 4608 1129 4674 fatis
1157 4613 1190 4672 et
1217 4605 1281 4672 fide
1296 4587 1449 4672 166616666
1471 4606 1593 4690 poteris
1614 4628 1698 4690 6666
1719 4607 1893 4674 retulimus
1913 4608 1949 4672 in
1970 4607 2219 4694 Prolcgomenis

228 4718 303 4786 Vol.
324 4716 387 4784 IX.
409 4737 439 4799 p.
463 4719 514 4780 43.
1558 4700 1561 4708 ¹
1619 4781 1621 4788 .

383 4825 515 4894 (lalvini
536 4827 709 4926 1116661666
736 4850 841 4914 neque
868 4830 973 4896 nitida
1001 4849 1107 4914 neque
1129 4827 1284 4896 distincta
1304 4839 1371 4910 est,
1400 4830 1465 4894 imo
1492 4830 1634 4912 primum
1657 4829 1841 4913 inspicienti
1867 4830 1999 4897 horrida
2020 4843 2054 4896 61
2075 4829 2222 4899 difficilis

230 4941 316 5007 16616
338 4948 489 5024 apparet:
512 4939 609 5004 simul
630 4948 741 5004 autem
762 4939 931 5024 paululum
948 4941 1104 5027 legendae
1123 4942 1312 5021 assueveris,
1335 4943 1487 5027 nuspiam
1508 4942 1591 5007 serio
1612 4949 1670 5006 aut
1689 4941 1810 5008 diutius
1830 4950 1863 5007 ts
1885 4942 2052 5026 detinebit,
2074 4946 2223 5012 maxime

230 5051 272 5117 ob
294 5057 417 5116 tersam
438 5061 470 5116 61
490 5049 685 5134 pellucidam
707 5051 866 5120 sermonis
887 5053 981 5118 latini
998 5053 1260 5120 concinnitatem.
1296 5051 1424 5120 Gallica
1440 5073 1529 5132 6666,
1547 5073 1685 5136 quornm
1703 5059 1814 5120 tamen
1831 5056 1956 5120 rariora
1972 5063 2104 5120 exstant
2125 5065 2224 5124 auto-

231 5161 366 5248 grapha,
389 5161 477 5228 haud
498 5161 686 5254 ita,cursim
708 5163 806 5248 leges.
840 5163 946 5230 Multo
967 5165 1074 5250 magis
1095 5164 1157 5232 tibi
1177 5165 1314 5232 lacesset
1334 5164 1502 5252 negotium
1512 5163 1636 5238 Farelli
1656 5164 1753 5237 stilus
1774 5173 1808 5230 et
1825 5155 1983 5246 ¹caltinus,
2005 5167 2097 5233 cirins
2119 5169 2227 5236 ctiam
