4782 6010
280 357 324 422 85
1042 355 1305 424 merome
1330 355 1509 422 tobis—21
2237 355 2265 418 ii

277 546 383 613 verbo
410 544 562 612 veritatis
587 543 735 629 plaoent,
771 542 872 611 nullis
899 543 999 610 minis
1024 551 1137 628 egunt
1186 542 1255 626 Qui
1306 541 1493 628 frigidiores
1514 543 1627 610 simus
1659 543 1767 624 Beati,
1788 543 1904 627 inquit,
1926 543 2020 608 eritis
2039 563 2142 628 quum
2163 542 2268 626 prohn

278 631 369 700 enim
390 630 491 698 verbo
511 631 576 696 Dei
597 649 665 696 non
686 627 841 708 eredunt,
870 631 927 714 qui
948 637 1088 713 possunt
1108 630 1255 696 orueiatu
1306 629 1343 694 in
1364 648 1424 696 vos
1445 628 1584 696 ieoerint
1604 629 1765 709 homines,
1787 637 1823 694 et
1840 629 1993 694 inseoteti
2014 650 2074 696 vos
2094 629 2268 708 fuerintet

277 716 427 784 moveri?
471 716 588 782 Nonne
610 723 739 798 oportet
757 733 818 782 nos
836 714 1008 782 Christum
1030 714 1148 782 duoem
1169 716 1254 800 opti·
1307 714 1453 781 dixerint
1482 735 1579 780 omne
1616 714 1742 780 mulum
1780 714 1939 781 adversm
1975 733 2036 781 vos
2075 715 2266 793 mentientes

275 823 370 870 mum
390 803 529 882 imitari,
555 802 610 884 qui
632 821 734 884 quum
762 821 878 867 omnes
904 807 1033 885 gentes,
1061 821 1175 867 omnes
1196 800 1254 866 In·
1305 807 1440 885 propter
1459 821 1523 867 me.
1567 798 1659 882 Quid
1679 801 1782 886 igitur
1801 798 2055 879 assimulamus,
2076 819 2115 865 ao
2135 821 2207 866 non
2226 821 2268 884 po·

276 889 375 956 doses
392 885 529 973 perdere
545 888 698 970 potuerit,
720 885 822 954 verbo
838 894 949 953 temen
967 885 1099 953 allioore
1114 885 1253 952 maluit?
1305 887 1373 952 tius
1394 907 1511 954 verum
1533 884 1692 953 dioimus?
1724 888 1781 953 An
1802 906 1942 970 aequum
1960 885 2149 952 hominibus
2170 887 2266 970 potius

276 977 387 1060 Atque
408 974 536 1040 utinem
558 973 621 1039 hoo
642 979 755 1038 nostro
776 972 899 1039 infelioi
920 971 1051 1039 saeoulo
1073 973 1174 1040 verbo
1195 993 1254 1058 po-
1305 971 1436 1124 glaosro
1462 991 1561 1056 quem
1578 971 1672 1038 Deo?
1721 973 1779 1038 An
1804 971 1942 1038 timendi
1969 973 2027 1056 qui
2058 993 2179 1056 eorpus
2208 992 2268 1056 per·
2361 1039 2362 1056 ¹

276 1062 344 1126 tius
363 1079 462 1143 quam
480 1056 589 1144 gladio
606 1079 721 1144 paoem
738 1060 773 1124 in
792 1058 927 1125 eoelesie
944 1059 1132 1125 seroiemns
1163 1057 1254 1126 Seue
1328 1079 1384 1125 ere
1404 1067 1551 1142 possunt,
1574 1058 1720 1124 animum
1741 1057 1898 1124 minime?
1932 1055 1963 1125 Ο
1985 1059 2155 1144 ingratum
2176 1057 2268 1124 honi·

275 1153 336 1212 eut
355 1143 499 1220 Satanas
524 1166 591 1215 non
621 1145 781 1224 vinoitur,
811 1149 869 1210 eut
894 1143 994 1210 verbo
1015 1145 1091 1211 Dei
1140 1143 1254 1226 Quum
1305 1165 1386 1210 num
1404 1165 1520 1229 genus,
1541 1142 1627 1228 quod
1645 1163 1687 1208 ne
1705 1143 1761 1210 rel
1777 1144 1948 1210 minimum
1963 1144 2179 1210 afflietionem
2195 1143 2269 1210 illiue

225 1227 230 1237 ⁸
274 1233 369 1298 fortis
397 1239 543 1296 armatus
571 1229 714 1296 eustodit
739 1231 862 1296 atrium
891 1251 989 1296 suum
1017 1239 1076 1297 eto.
1120 1229 1254 1296 Fortior
1305 1231 1440 1296 nomine
1458 1229 1529 1313 pati
1549 1229 1630 1296 velit
1649 1229 1705 1313 qui
1722 1249 1782 1314 pro
1800 1230 1950 1294 omnium
1970 1231 2111 1314 peeontis
2130 1237 2268 1296 mortuus

275 1316 430 1384 Ohristus
447 1325 508 1394 est,
527 1337 593 1382 non
610 1316 758 1382 humana
772 1317 865 1395 ratio,
883 1337 951 1382 non
962 1316 1135 1382 hominum
1152 1317 1254 1383 ufflie·
1306 1327 1366 1396 est,
1388 1316 1451 1400 qui
1465 1321 1572 1381 morte
1591 1321 1726 1381 aeterne
1746 1323 1781 1380 et
1797 1313 1941 1382 Satanae
1961 1315 2103 1382 vinotrhs
2125 1337 2186 1382 suo
2209 1336 2268 1382 san·

273 1404 389 1469 tiones.
423 1401 520 1484 Quod
518 1402 597 1553 r(zui
618 1422 686 1468 non
707 1402 942 1482 assentiuntur,
964 1423 1031 1468 non
1051 1409 1120 1468 tem
1139 1401 1254 1469 Ohris-
1306 1402 1406 1486 grune
1429 1421 1489 1467 nos
1509 1399 1673 1468 liberarit.
1716 1400 1919 1483 Haeretioos,
1940 1400 2137 1482 aeduotores,
2159 1403 2209 1467 im

273 1495 457 1574 tamquam
477 1509 517 1571 pe
560 1487 713 1554 'tissimos
729 1487 927 1554 Pharisaeos
944 1495 1134 1572 sequuntur.
1169 1487 1255 1570 Quis
1306 1497 1407 1567 teres,
1436 1485 1612 1552 meledioos
1638 1485 1784 1552 mundus
1811 1494 1846 1553 et
1871 1487 2011 1571 improbi
2038 1508 2094 1554 eos
2115 1507 2182 1573 app

275 1575 390 1654 nesoit,
413 1572 586 1639 Christum
608 1574 747 1640 lihemm
764 1573 960 1640 benevolum
976 1580 1166 1658 promptum
1183 1575 1254 1640 uui·
1306 1573 1414 1639 solent
1435 1573 1492 1656 qui
1512 1592 1595 1656 pure
1617 1581 1652 1637 et
1680 1571 1805 1639 sineere
1833 1571 1953 1640 animis
1973 1573 2122 1640 fidelium
2142 1594 2268 1657 evange

274 1679 368 1726 mum
390 1658 579 1743 requirere?
615 1659 713 1726 Beati
733 1659 836 1744 igitur
852 1659 980 1744 peoifiei
1000 1660 1058 1744 qui
1078 1659 1181 1726 verbo
1197 1681 1254 1726 ve-
1305 1659 1388 1725 lium
1414 1658 1585 1724 insinuare
1612 1657 1831 1737 eontondunt,
1864 1667 1961 1743 atque
1989 1660 2184 1744 obsequium
2212 1659 2267 1726 Deo

276 1747 385 1812 nitetis
406 1765 520 1830 paoem
541 1745 630 1810 inter
651 1744 881 1812 dissentientes
902 1745 1086 1812 eonoiliant
1306 1765 1342 1812 se
1362 1751 1530 1829 praestem
1557 1751 1683 1827 putent
1733 1744 1863 1811 Verum
1890 1745 2001 1812 feliees
2029 1753 2109 1812 sunt
2134 1753 2174 1812 et
2198 1744 2268 1811 bot

361 1831 471 1917 Magis
498 1851 536 1896 eo
563 1831 671 1915 magis
697 1831 784 1897 beati
811 1831 868 1915 qui
888 1831 1174 1915 persequutionem
1195 1851 1254 1914 pa·
1305 1830 1362 1914 qui
1383 1831 1464 1896 haee
1491 1851 1595 1914 aequo
1623 1831 1733 1896 animo
1753 1830 1880 1910 ierunt,
1910 1832 1968 1914 qui
1993 1831 2030 1896 in
2052 1831 2268 1898 afflictionibus
2362 1841 2363 1888 t

272 1918 406 1983 tiuntur
435 1923 570 2000 propter
595 1917 765 1982 iustitiam.
816 1917 958 1983 Romani
992 1937 1089 1984 suum
1115 1915 1255 1982 laudant
1305 1917 1447 2002 gratiam
1468 1915 1593 1982 hebent
1612 1916 1767 1996 Domino,
1789 1917 1847 2000 qui
1867 1917 1946 1983 forti
1967 1917 2078 1983 enimo
2098 1926 2268 2003 magnoque

274 2003 451 2088 Regulum,
474 2003 530 2087 qui
550 2009 588 2068 ut
604 2002 703 2068 fidem
726 2010 873 2070 serumst
890 2011 1075 2069 extremum
1097 2021 1135 2068 eo
1156 2004 1254 2088 longe
1305 2002 1509 2068 oulemitetes
1534 2003 1657 2067 ferunt
1707 2001 1875 2084 Gaudete,
1903 2003 2026 2088 inquit,
2057 2004 2136 2086 quie
2156 2023 2267 2069 meroes

275 2089 423 2156 omnium
444 2089 667 2154 miserrimum
688 2088 765 2153 tulit
784 2088 990 2172 supplioium.
1034 2087 1255 2154 Athenienses
1305 2096 1417 2155 vestre
1437 2089 1567 2171 eopiosa
1588 2095 1639 2154 est
1660 2088 1696 2151 in
1717 2087 1827 2154 eoelis.

276 2173 449 2242 Seorstem
471 2174 551 2239 eatis
572 2174 687 2239 mirari
708 2193 776 2240 non
793 2181 941 2258 possunt,
964 2175 1022 2259 qui
1039 2181 1134 2240 tenta
1151 2175 1255 2240 enimi
1391 2173 1501 2258 Agite,
1524 2173 1588 2239 viri
1609 2173 1798 2240 ohristieni:
1823 2172 1865 2240 ed
1887 2174 1974 2240 hene
1994 2181 2124 2240 tantm
2144 2175 2266 2242 felioita·

275 2261 461 2328 eonstsntie
481 2261 566 2325 mori
587 2279 655 2324 non
677 2259 886 2340 dubitaverit,
909 2259 997 2345 apud
1019 2259 1142 2325 iudiess
1159 2279 1254 2326 noeu-
1305 2265 1372 2324 tem
1395 2259 1533 2326 summis
1555 2259 1720 2325 enitemur
1735 2260 1870 2327 viribus.
1914 2261 2018 2340 Deus,
2040 2262 2097 2345 qui
2117 2261 2156 2326 in
2179 2261 2267 2328 omui·

275 2355 366 2414 satus
387 2343 474 2430 quod
496 2345 635 2430 gentiles
657 2345 735 2411 deos
753 2353 985 2412 contemneret
1030 2345 1158 2411 Verum
1201 2345 1254 2411 uis
1305 2344 1366 2410 hus
1386 2344 1488 2410 fidem
1510 2365 1602 2428 spem
1623 2345 1794 2412 ueritatem
1811 2346 1913 2412 verbo
1933 2367 1993 2413 suo
2014 2347 2131 2431 gignit,
2155 2367 2213 2414 suo
2230 2347 2266 2412 h·

274 2433 360 2498 tales
392 2432 480 2498 viros
507 2431 616 2498 feliees
648 2432 889 2497 existimaverit
915 2433 971 2515 qui
1002 2431 1162 2497 iustitiam
1223 2432 1253 2495 ei
1305 2451 1384 2496 vore
1412 2431 1507 2497 uobis
1534 2430 1670 2514 aspiret,
1699 2439 1891 2516 mentesque
1918 2440 2049 2498 nostrus
2075 2434 2215 2517 aperiet,
2236 2439 2268 2496 ut
2363 2499 2364 2504 ,

274 2518 286 2583 i
335 2516 487 2596 orabunt,
526 2537 620 2584 suam
651 2537 720 2582 non
751 2516 816 2583 Dei
853 2517 1053 2600 quaerebant
1091 2516 1252 2601 gloriam?
1305 2517 1477 2602 evangelio
1494 2515 1676 2595 eredamnr,
1693 2517 2070 2603 verequeintellignmue
2087 2539 2195 2584 unum
2211 2539 2267 2586 eme

274 2539 352 2670 pff„
374 2603 495 2668 desunt
515 2603 571 2687 qui
593 2601 635 2668 ob
656 2602 830 2669 maledicte
850 2604 887 2668 iu
908 2603 1010 2670 bonos
1038 2604 1144 2681 viros,
1174 2624 1252 2668 oon·
1304 2602 1415 2668 Deum
1436 2603 1491 2669 eui
1512 2602 1573 2668 soli
1594 2623 1636 2668 ex
1658 2603 1769 2669 animo
1790 2604 2002 2670 serviendum
2023 2605 2082 2683 sit,
2109 2605 2204 2671 euius
2220 2625 2266 2671 no·

276 2689 430 2755 tumelies
461 2689 498 2753 in
534 2688 713 2772 prinoipes,
754 2689 1041 2773 persequutionem
1073 2692 1252 2774 patiantur,
1304 2689 1394 2754 mine
1415 2688 1527 2754 omnia
1546 2689 1626 2771 pati,
1644 2688 1756 2754 omnia
1771 2689 1858 2755 ferre
1875 2696 2032 2774 oporteat
2064 2690 2207 2774 Impleat
2220 2711 2268 2757 nos

275 2795 358 2860 quos
379 2774 471 2840 nullo
497 2773 568 2841 loeo
595 2775 706 2840 beatos
727 2774 891 2841 Dominus
919 2775 1111 2842 nominavit.
1155 2775 1253 2841 Beati
1305 2774 1395 2840 omni
1414 2772 1533 2860 gaudio
1555 2781 1589 2840 et
1609 2794 1688 2857 paee
1709 2775 1745 2840 in
1767 2774 1939 2856 eredendo,
1965 2783 2005 2842 ut
2026 2797 2084 2861 spe
2105 2797 2267 2861 exsupere-

276 2867 356 2928 sunt
376 2859 448 2945 qui,
477 2858 556 2926 dum
584 2860 744 2925 iustitium
771 2861 837 2926 Dei
865 2869 1044 2944 quaerunt,
1075 2881 1252 2945 persequu·
1304 2881 1379 2927 mus
1400 2881 1460 2944 per
1479 2861 1637 2926 virtutem
1658 2861 1794 2944 spiritus
1815 2863 1931 2942 saneti,
1953 2882 1991 2929 ao
2012 2861 2147 2928 demum
2169 2883 2268 2947 perpe

272 2948 398 3014 tionem
419 2947 598 3031 patiuntur.
632 2947 737 3012 Porro
758 2947 919 3013 iustitiam
936 2947 1001 3012 Dei
1017 2954 1180 3032 quaerunt
1196 2946 1254 3031 qni
1304 2953 1399 3011 tuum
1419 2948 1457 3012 in
1477 2945 1576 3014 ooelis
1597 2965 1735 3032 apum
1755 2947 1972 3032 triumphum.
2017 2949 2135 3014 Amen.
2144 2950 2175 3031 ⁴)

274 3033 375 3102 verbo
386 3034 451 3099 Dei
472 3031 662 3112 adhaerent,
684 3033 739 3117 qui
757 3051 864 3118 nugas
881 3033 1054 3099 hominum
1075 3039 1109 3098 et
1126 3033 1254 3098 somnia

275 3126 499 3199 eontemnunt,
528 3120 584 3203 qui
604 3137 647 3184 ne
668 3117 773 3184 letum
793 3139 940 3204 unguem
962 3119 1004 3186 ab
1026 3139 1109 3185 evan
1134 3118 1197 3184 elio
1217 3119 1254 3182 in

276 3206 346 3273 suis
367 3205 575 3271 eonoionibus
596 3204 763 3286 recedunt,
786 3205 843 3289 qui
859 3204 942 3271 illud
959 3205 1056 3271 Pauli
1102 3205 1254 3289 '’gentor
1408 3233 1440 3300 4)
1459 3234 1522 3289 lom
1639 3241 1724 3291 mam
1735 3237 2023 3308 &mptum
2039 3239 2153 3307 eoofipit
2178 3241 2204 3293 „-
2217 3237 2268 3308 μ,

275 3299 472 3376 sequuntur:
496 3291 636 3357 Etiamsi
657 3311 718 3356 nos
740 3298 799 3356 aut
817 3291 955 3376 angelus
976 3313 995 3356 e
1014 3291 1104 3357 ooelo
1124 3288 1254 3374 praedi·
1305 3318 1366 3358 eon
1386 3303 1501 3360 Oetaeo
1523 3251 1736 3372 micam,
1758 3321 1825 3360 eone
1845 3306 1951 3376 persae
1972 3306 2089 3377 moolayo·
2109 3281 2192 3378 noia,
2211 3312 2270 3362 eru

276 3379 402 3444 eeverit
428 3377 521 3444 vobis
554 3377 763 3462 evangelium
793 3385 923 3460 praeter
950 3375 985 3442 id
1012 3376 1101 3461 quod
1128 3373 1256 3459 praedi·
1306 3388 1363 3427 m
1380 3374 1501 3440 monum,
1523 3375 1678 3430 deenen
1692 3374 1836 3437 meeum.
1851 3375 1946 3442 sm
1961 3391 2025 3430 vm
2041 3377 2192 3446 mihim·
2207 3375 2269 3430 Μ’

276 3465 424 3531 earimus
450 3462 554 3543 vohis,
589 3463 767 3530 anathema
788 3464 846 3528 sit:
869 3461 1144 3546 quemadmodum
1166 3461 1255 3526 enim
1306 3442 1399 3566 {m
1421 3443 1962 3584 'ssmmmfflssfffflssffi
1975 3459 2269 3584 ⁸th

277 3549 431 3650 diffluis
460 3556 494 3615 ei
515 3567 604 3614 ¹1¹¹¹¹⁰
626 3549 713 3649 &09²
743 3549 772 3614 Si
792 3549 865 3632 quie
893 3547 1133 3649 Pfaffdifflvefit
1158 3546 1254 3614 V⁰bi⁸
1306 3581 1407 3634 teatina
1427 3579 1498 3634 tiled
1526 3581 1744 3648 confideremus,
1774 3597 1805 3636 eo
1827 3582 1915 3650 mapsa
1935 3583 2269 3652 praetermeantem

277 3634 486 3720 evangellum
513 3643 644 3718 praeter
678 3633 713 3699 td
741 3634 827 3717 quod
854 3643 1043 3717 anteprehe,
1076 3633 1255 3699 anathema
1306 3648 1459 3703 edotoiom‘
1473 3651 1581 3720 imonis·
1594 3650 1704 3718 focum,
1723 3665 1834 3731 nanque
1851 3650 1927 3704 omni
1941 3650 2034 3705 modio
2051 3653 2170 3706 monime
2185 3667 2214 3706 eo
2228 3663 2270 3704 oe·

277 3721 330 3787 sit.
374 3720 503 3786 Felices
532 3721 621 3786 enim
651 3728 685 3786 et
710 3721 823 3786 beatos
856 3739 927 3786 esse
960 3727 1089 3806 oportet
1117 3719 1174 3802 qui
1200 3717 1254 3784 his
1306 3720 1378 3772 mm
1394 3717 1515 3841 aym,
1532 3719 1606 3790 Μ
1622 3719 1844 3789 Mitttssmssm
1852 3719 1932 3774 ’⁸⁰1²ss
1948 3721 2134 3775 emmim
2150 3721 2206 3774 όν*
2219 3719 2269 3784 fao

277 3805 465 3872 nominibus
502 3807 790 3890 persequutionem
828 3807 1013 3890 patiuntur.
1067 3805 1120 3870 Ne
1151 3804 1255 3888 igitur
1306 3789 1540 3911 ‘ffffimmff
1552 3787 2270 3927 fflffffmimffmffizffl

277 3891 386 3957 famae
405 3900 440 3957 et
460 3891 585 3993 nomini
601 3893 649 3993 ite
666 3891 884 3994 oonsulemue
907 3894 999 3994 utin
1019 3887 1196 3990 oultuiiei3
1218 3890 1255 3954 in
1306 3923 1485 3992 mmmm
1506 3939 1679 3995 mm,
1702 3934 1758 3994 Μ
1778 3930 1875 3994 pom
1898 3927 1943 3981 „a
1965 3941 2087 3981 mm
2103 3927 2173 3981 W
2189 3937 2270 3980 m

277 3977 452 4044 voluntate
470 3977 535 4044 Der
555 3978 758 4063 exphoeude,
787 3999 823 4043 m
845 3979 995 4046 veritatis
1018 3974 1262 4063 praedieatione
1305 3993 1352 4048 eut
1367 3993 1471 4048 tamti
1485 3995 1620 4062 ttwtopoe
1636 3993 1778 4048 edente
