4852 6022
255 312 317 372 43⁷
1100 312 1180 374 1539
1202 309 1405 378 DEORMB.
1577 377 1578 380 ,
1767 309 1769 318 ’
2176 265 2249 387 ι438

256 495 401 560 tentione
486 495 625 575 ‘terant
641 495 846 578 ineptissima
863 494 996 562 ambitio
1013 515 1048 562 se
1066 496 1223 579 proderet
1276 495 1411 563 Domini
1445 505 1656 566 sacrementa
1706 500 1843 570 Interim
1873 525 1941 568 non
1969 504 2093 570 infitior
2145 509 2250 573 ravis·

256 580 371 646 Iussus
398 599 419 644 a
488 583 594 663 piteow
621 580 824 665 respondere,
853 589 955 647 totam
984 602 1084 665 prope
1111 582 1225 648 horam
1277 583 1360 648 simo
1381 583 1495 648 morbo
1512 584 1658 650 laborare
1669 586 1847 666 eeclesiam,
1866 589 1901 652 in
1913 610 1979 672 qua
1989 590 2080 673 impii
2098 527 2258 658 fidelibus

257 665 445 732 disserendo
462 667 656 749 consumpsi
691 666 754 731 llle
771 667 918 746 fremere,
937 670 1013 752 quia
1030 672 1224 751 extorquere
1277 669 1325 734 sio
1350 669 1617 752 permisceantur.
1666 671 1793 736 Verum
1822 672 1899 738 inde
1927 695 1993 739 non
2017 676 2164 759 sequitur
2185 679 2248 760 piis

255 751 463 835 praedicandi
491 753 583 817 verbi
611 752 776 818 licentiam
803 774 870 817 non
898 759 1031 836 poterat.
1082 755 1225 819 Demum
1277 773 1344 818 non
1374 774 1446 819 esse
1477 776 1595 839 puram
1628 755 1764 822 Domini
1795 779 1941 838 eoenaro,
1976 781 2071 844 quam
2106 781 2148 826 ex
2176 763 2247 828 eius

256 844 368 903 tamen
407 839 622 920 acquiescere:
662 836 757 902 modo
796 837 880 921 quod
919 839 959 904 de
998 841 1226 905 communione
1276 838 1479 906 ordinatione
1501 841 1621 907 eelunt.
1666 843 1713 906 At
1734 843 1900 910 ministros
1921 865 1987 909 non
2015 846 2137 912 babent
2165 847 2247 934 legi-

256 923 396 988 fratrum
408 921 604 1001 dixeramus,
622 922 760 1006 epistola
776 931 931 990 testatum
948 923 1097 990 facerem.
1127 923 1225 1006 Quod
1277 925 1383 1005 timos,
1406 945 1465 1008 per
1485 947 1622 1009 quorum
1649 948 1771 1012 manus·
1795 929 1855 994 sibi
1883 929 2105 996 distribuatur.
2158 930 2248 1014 Quin

257 1008 306 1074 bis
325 1029 363 1075 ac
383 1017 434 1074 ter
455 1029 553 1092 quum
572 1028 781 1088 recusassem,
804 1008 845 1074 ad
864 1017 1047 1074 extromum
1065 1012 1223 1078 concessi:
1277 1011 1375 1074 etiarn
1393 1012 1571 1093 periculum
1589 1019 1648 1092 est,
1669 1035 1710 1077 ne
1721 1015 1936 1096 profiteantur
1946 1014 1998 1082 his
2008 1016 2070 1081 sibi
2082 1017 2247 1084 ministres

257 1093 314 1160 sed
335 1115 374 1160 ee
396 1094 588 1176 conditione,
618 1103 656 1160 ut
675 1093 735 1159 tibi
755 1095 922 1178 integrum
944 1094 1038 1174 foret,
1066 1117 1140 1162 eam
1168 1109 1226 1161 aut
1277 1116 1348 1161 esse
1369 1116 1508 1178 quorum
1530 1097 1804 1180 dispensationem
1826 1121 1893 1165 non
1916 1109 2143 1184 aspernantur.
2182 1103 2249 1170 Hie

257 1179 433 1258 monuere,
467 1191 524 1244 ant
555 1179 737 1264 publicare.¹
783 1181 880 1247 Nune
910 1179 986 1246 audi
1015 1201 1098 1264 qnae
1127 1183 1226 1248 suerit
1278 1180 1399 1246 diserte
1427 1185 1622 1265 pronuncio,
1652 1184 1777 1249 nullam
1806 1185 1860 1252 hic
1895 1185 1947 1251 edi
1976 1188 2246 1270 testificationem,

257 1285 393 1330 summa.
444 1265 609 1342 Exordior
637 1285 656 1330 a
689 1264 896 1332 distinetione
929 1266 1156 1332 ministrorum
1188 1286 1226 1332 ao
1278 1288 1343 1349 qna
1368 1287 1481 1332 eorum
1509 1269 1727 1334 ministerium
1755 1271 1962 1352 approbetur:
1996 1272 2179 1356 suadeoque
2207 1295 2248 1340 ne

256 1349 370 1434 plebis.
413 1348 497 1416 Dice
526 1351 676 1416 ministro
704 1371 822 1417 coenae
851 1351 1126 1433 dispensationem
1155 1373 1225 1418 esse
1277 1352 1335 1416 tali
1353 1351 1586 1436 disceptatione
1605 1355 1726 1420 trustra
1744 1377 1779 1420 se
1796 1355 1974 1438 implicent,
1996 1379 2096 1440 quum
2115 1359 2249 1425 minime

257 1438 476 1502 commissam:
512 1435 649 1518 proinde
680 1436 779 1502 fidem
808 1456 845 1502 ao
873 1437 1080 1519 prudentiam
1114 1439 1154 1504 ab
1188 1459 1225 1504 eo
1277 1458 1360 1520 opus
1399 1440 1450 1504 sit.
1511 1439 1596 1504 Nem
1635 1461 1696 1506 neo
1736 1439 1901 1523 Oaiaphae
1938 1442 2158 1509 ministerium
2192 1452 2249 1510 aut

256 1523 384 1604 requiri.
429 1519 525 1588 Unde
549 1520 590 1586 ab
611 1543 723 1587 eorum
752 1522 909 1588 ministris
938 1522 1092 1588 scelerate
1119 1524 1225 1606 profa-
1277 1522 1431 1590 Christus
1453 1535 1511 1590 aut
1532 1525 1681 1607 Apostoli
1702 1526 1932 1608 approbabant,
1961 1549 2062 1611 quum
2085 1551 2246 1596 eaeremo-

257 1610 330 1672 nari
369 1627 436 1672 non
475 1605 651 1673 dissimulo.
706 1608 852 1674 Privatis
886 1608 1039 1674 ecelesiae
1070 1610 1226 1676 membris
1277 1609 1349 1674 nias
1371 1629 1447 1674 enm
1475 1631 1513 1674 eo
1542 1620 1575 1675 et
1597 1613 1840 1694 corruptissimo
1861 1613 1979 1696 populo
2003 1615 2247 1698 participarent

257 1700 383 1758 tantam
411 1693 613 1775 provinciam
643 1714 711 1758 non
742 1692 929 1760 incumbere
964 1694 1116 1774 ostendo,
1150 1695 1227 1778 quis
1278 1695 1345 1761 Sed
1368 1695 1430 1760 hoe
1452 1695 1573 1760 dabant
1589 1695 1697 1761 ordini
1714 1696 1853 1780 publico,
1872 1699 1973 1781 utqui
1990 1697 2097 1764 locum
2107 1701 2249 1766 ministri

256 1780 432 1844 iubeantur
454 1778 733 1862 singuliprobare
755 1779 917 1862 seipsos,
940 1780 1226 1864 et-sioad'parti·
1277 1780 1312 1845 in
1352 1780 1487 1846 ecelesia
1524 1780 1699 1861 obtineret,
1739 1803 1815 1848 eum
1855 1791 2048 1866 paterentur
2086 1785 2249 1852 ordinario

257 1864 450 1946 oipationem
479 1863 633 1930 dominici
662 1865 756 1948 panis
785 1863 946 1931 accedere.
996 1864 1126 1932 Deinde
1155 1887 1227 1931 rem
1276 1886 1413 1931 munere
1435 1865 1610 1932 sacerdotis
1627 1867 1727 1951 fungi.
1765 1865 1838 1934 Seis
1856 1875 1964 1933 autom
1986 1869 2104 1952 quibus
2125 1871 2249 1937 artibus

256 1957 361 2016 totam
382 1951 417 2014 in
439 1957 527 2016 certa
548 1949 697 2016 membra
716 1949 887 2028 distribuo:
911 1951 1003 2016 euius
1021 1959 1130 2018 ιιιιιιιιιι
1152 1971 1226 2034 par·
1277 1949 1333 2016 iile
1354 1951 1388 2015 in
1410 1951 1568 2018 bonorem
1589 1953 1768 2036 irrupisset
1814 1951 1902 2034 Quid
1924 1953 2042 2036 plura?
2070 1955 2144 2020 Nisi
2164 1957 2250 2022 hano

256 2035 380 2102 titionis
401 2057 468 2100 non
490 2037 570 2102 satis
591 2037 727 2101 memini
748 2036 783 2100 in
806 2036 999 2119 praesentia.
1043 2036 1116 2102 Nisi
1140 2036 1226 2120 qnod
1278 2035 1531 2102 moderationem
1559 2045 1743 2118 teneamus,
1770 2037 1909 2104 infinitis
1938 2038 2166 2106 schismatibus
2193 2041 2249 2106 alii

257 2129 385 2186 exstare
397 2119 504 2186 adbno
514 2121 602 2186 inter
613 2141 667 2186 eos
685 2121 854 2188 ecelesiam
873 2121 1042 2202 contendo,
1060 2130 1226 2206 uteunque
1278 2121 1319 2187 ab
1342 2121 1415 2188 aliis
1437 2121 1608 2188 dissiliant.
1652 2123 1722 2190 Neo
1743 2124 1832 2189 enim
1860 2121 1998 2189 deerunt
2017 2145 2155 2208 usquam
2177 2146 2250 2210 spe-

255 2207 397 2272 leeeram
418 2227 457 2273 ao
479 2205 678 2290 dissipatam.
722 2208 776 2272 Ex
798 2227 835 2272 eo
853 2205 969 2290 colligo
986 2228 1058 2272 esse
1077 2207 1146 2274 illie
1162 2208 1226 2292 piis
1278 2209 1383 2273 eiosee
1405 2207 1616 2274 schismatum
1639 2229 1764 2275 censue.
1799 2207 1896 2290 Quod
1919 2207 1960 2274 de
1981 2209 2076 2276 bonis
2097 2211 2250 2278 ecclesiae

255 2292 436 2378 legitimam
458 2299 736 2358 sacramentorum
765 2292 1011 2376 susceptionem.
1055 2293 1142 2358 'Pom
1170 2294 1225 2358 ob·
1277 2292 1312 2357 in
1334 2314 1450 2358 verum
1472 2315 1569 2359 usum
1590 2293 1775 2378 redigendis
1792 2315 1813 2359 a
1830 2296 1948 2360 vestris
1967 2295 2179 2378 impetratum
2191 2310 2249 2376 est,

254 2379 338 2446 ieota
375 2379 492 2462 quibus
525 2377 683 2461 implicari
714 2384 866 2461 poterant
898 2376 1055 2459 dissolvo,
1109 2399 1226 2444 uorum
1278 2377 1341 2444 diei
1363 2399 1429 2443 non
1446 2385 1556 2463 potest
1571 2387 1694 2462 quanta
1711 2379 1835 2445 laetitia
1852 2399 1905 2444 me
1922 2380 2109 2462 perfuderit
2143 2382 2251 2466 Perge

256 2465 468 2546 praecipuum
496 2472 546 2530 est
573 2463 613 2528 de
641 2464 811 2528 vocatione
844 2483 956 2529 eorum
988 2484 1009 2528 a
1039 2400 1156 2546 quibus
1188 2485 1227 2530 oa
1279 2484 1372 2548 ergo,
1402 2465 1449 2529 mi
1469 2465 1585 2542 frater,
1613 2465 1797 2530 natalibus
1824 2465 1992 2548 principiis
2021 2467 2145 2532 insiste.
2188 2467 2250 2535 Ut-

256 2549 445 2632 suscipient.
490 2548 658 2631 Quantum
679 2549 720 2616 ad
742 2548 922 2626 ecelesiam,
945 2549 1088 2616 obtestor
1115 2555 1156 2629 te,
1179 2551 1226 2614 mi
1278 2569 1405 2632 cunque
1425 2571 1491 2616 non
1512 2549 1691 2634 procedant
1712 2551 1831 2630 omnia,
1853 2558 2031 2616 esttamen
2054 2551 2174 2634 aliquid
2191 2553 2250 2618 ali-

255 2635 370 2715 frater,
398 2633 506 2701 locum
536 2635 650 2700 demus
680 2642 730 2700 tet
751 2635 930 2718 scripturae
954 2633 1076 2719 elogiis,
1107 2635 1226 2717 quibus
1278 2642 1439 2718 quatenus
1466 2635 1650 2718 proiecisse.
1702 2636 1808 2701 Movit
1833 2635 1914 2700 mibi
1942 2636 2045 2702 risum
2077 2636 2182 2703 Coreli
2209 2637 2251 2704 ad

255 2720 357 2804 ipsius
373 2721 490 2785 ‘unitas
511 2720 605 2786 nobie
626 2719 880 2788 commendatur.
925 2719 1053 2786 Deinde
1071 2719 1129 2786 ille
1146 2741 1225 2804 quo·
1279 2720 1452 2787 coneilinm
1479 2721 1650 2803 profectio:
1681 2719 1721 2785 de
1748 2741 1811 2804 quo
1841 2721 1965 2786 seilicet
1985 2720 2136 2806 cogendo,
2164 2745 2250 2788 nun·

255 2827 318 2889 que
344 2807 529 2872 testimonio
558 2807 783 2884 observemus,
813 2826 896 2890 quae
927 2805 1036 2889 aliqua
1065 2807 1101 2870 in
1132 2815 1226 2890 perte
1278 2827 1376 2888 quam
1398 2807 1482 2872 serio
1503 2806 1557 2873 vel
1579 2827 1639 2890 per
1660 2807 1822 2872 somnium
1843 2827 1928 2890 papa
1954 2808 2116 2890 cogitavit
2160 2809 2250 2893 Ergo

256 2891 424 2958 eeclesiam
446 2891 513 2958 illio
530 2897 690 2970 statuunt,
713 2891 801 2956 unde
823 2891 946 2957 multoe
964 2890 1117 2958 ecelesiae
1135 2891 1226 2958 dotes
1278 2891 1375 2956 aliam
1396 2891 1597 2976 propagandi
1614 2893 1709 2976 regni
1721 2891 1847 2958 Obristi
1868 2891 1958 2957 amm
1975 2903 2010 2956 et
2026 2899 2250 2976 exspeotemos

256 2985 334 3042 sunt
354 2975 522 3043 abscissae.
567 2975 700 3060 Siquis
726 2975 809 3040 mihi
838 2997 897 3060 pro
919 2976 1054 3043 ecelesia
1074 2977 1227 3044 obtrudat
1279 2983 1313 3040 et
1332 2975 1535 3043 meditemur.

255 3061 289 3126 id
317 3062 497 3140 ooneilium,
525 3064 559 3128 in
587 3083 649 3145 qno
676 3063 896 3145 improborum
930 3063 1069 3130 factione
1098 3063 1226 3147 piorum
1364 3062 1551 3145 Psalmosl)
1574 3061 1646 3128 ideo
1667 3063 1869 3140 miseramus,
1888 3071 1927 3127 ut
1937 3063 2028 3146 priu
2040 3069 2251 3130 cantarentur

256 3168 434 3214 consensus
461 3149 681 3233 opprimatur:
708 3154 746 3214 ut
774 3148 837 3212 nisi
859 3149 929 3214 eius
949 3149 1143 3214 sententiam
1167 3169 1226 3214 eeu
1279 3148 1366 3230 apud
1392 3169 1468 3228 vos,
1505 3167 1604 3232 quem
1635 3147 1713 3214 illue
1745 3147 1956 3231 pervenirent
1987 3169 2050 3231 qno
2082 3148 2249 3234 intelligis.

254 3231 320 3300 Dei
341 3233 509 3300 oraculum
531 3254 693 3314 revereor,
719 3232 937 3318 ablegandum
959 3253 1013 3297 me
1034 3243 1164 3300 censeat
1185 3233 1227 3300 ad
1279 3231 1467 3300 Statuimns
1488 3234 1577 3298 enim
1598 3235 1691 3299 brevi
1712 3233 1887 3317 publicare.
1932 3231 2019 3315 Quia
2039 3233 2145 3318 magis
2168 3235 2251 3300 erri-

255 3320 449 3386 ethnicoset
463 3319 660 3402 publicanos,
682 3340 800 3403 parum
816 3317 978 3386 movebor.
1012 3319 1059 3384 At
1068 3327 1226 3402 quantum
1280 3316 1376 3384 debat
1392 3318 1534 3384 melodia
1551 3318 1748 3404 germanice,
1770 3326 1900 3385 coaetus
1920 3339 1992 3384 sum
2010 3319 2150 3402 experiri
2173 3318 2251 3403 qnid

256 3403 298 3472 ed
329 3411 608 3471 sacramentorum
640 3404 875 3489 susceptionem
914 3404 1046 3484 attinet,
1083 3403 1148 3470 alia
1178 3412 1228 3470 est
1279 3403 1423 3470 carmine
1444 3404 1596 3470 valerem.
1634 3404 1689 3470 Ite
1699 3404 1826 3470 Psalmi
1847 3403 1920 3484 duo,
1944 3407 1994 3468 46.
2014 3411 2047 3469 et
2065 3407 2126 3483 ιιι,
2144 3405 2251 3487 prima

255 3492 347 3556 ratio.
399 3489 473 3558 Seis
501 3511 565 3574 qna
591 3491 766 3557 acerbitate
794 3487 904 3556 David
935 3487 1046 3556 Saulis
1074 3497 1107 3555 ot
1128 3493 1227 3556 totius
1279 3497 1358 3556 sunt
1378 3510 1452 3555 mea
1463 3490 1627 3556 tirocinia:
1649 3489 1729 3555 alios
1740 3500 1853 3574 postea
1863 3489 1996 3555 attexui.
2034 3488 2251 3558 DeMicbodle

254 3577 364 3661 regiae
386 3576 480 3642 aulae
500 3577 681 3660 nequitiam
703 3575 890 3642 detestetur.
934 3575 1008 3640 Non
1033 3585 1145 3640 tamen
1165 3576 1226 3640 im·
1278 3574 1325 3640 ita
1346 3577 1514 3654 convenit,
1541 3585 1579 3642 ιιι
1607 3587 1685 3642 ante
1712 3576 1835 3660 paseha
1864 3574 2057 3640 dimittatur.
2102 3576 2155 3640 Do
2176 3575 2249 3642 aliis

254 3662 491 3746 pedieboteum
502 3662 701 3728 consortium
718 3668 785 3726 tem
802 3661 983 3746 flagitiosae
1000 3659 1124 3738 turbae,
1147 3681 1227 3744 quo·
1279 3659 1449 3726 consilium
1471 3657 1635 3745 capiemus
1656 3681 1715 3744 pro
1736 3669 1892 3744 tompore.
1936 3660 2027 3725 Nihil
2055 3659 2109 3726 bie
2134 3659 2250 3728 leviter

254 3749 365 3814 minus
402 3746 437 3813 id
475 3748 649 3832 praecipue
683 3747 770 3813 inter
801 3747 1000 3813 Meseehitas
1033 3745 1226 3830 deploraret,
1279 3752 1407 3811 tentare
1435 3746 1555 3823 audeo,
1582 3766 1625 3811 ne
1652 3745 1751 3812 rudes
1778 3755 1812 3812 et
1843 3747 2022 3828 imparatos
2052 3745 2247 3830 ingeramus

255 3833 341 3917 quod
374 3831 415 3898 ad
449 3855 558 3900 sacros
590 3841 700 3900 coetus
739 3833 930 3913 convenire,
968 3831 1010 3897 ad
1041 3832 1228 3916 peragenda
1281 3829 1437 3897 Claudiae
1458 3832 1513 3914 qui
1530 3831 1681 3897 Basileae
1703 3831 1830 3916 agebat,
1853 3831 1981 3897 etiamsi
2002 3851 2068 3896 non
2088 3831 2186 3914 plane
2207 3832 2250 3897 sit

256 3918 402 3985 solennia
423 3919 581 3986 sacrificis
602 3939 669 3984 non
690 3918 810 3984 liceret.
854 3918 905 3984 Ao
926 3939 968 3984 ne
996 3917 1095 4002 longa
1115 3939 1227 3984 exem·
1279 3917 1349 3983 sine
1367 3915 1523 3992 doctrina,
1545 3915 1691 3981 nondum
1713 3923 1824 3982 tamen
1846 3917 1927 3981 mihi
1949 3915 2081 3981 videtur
2097 3917 2176 3982 satis
2197 3917 2249 3981 in-

254 4005 383 4088 plornm
405 4007 489 4071 serie
509 4012 612 4071 totam
638 4005 792 4088 paginam
820 4003 1006 4082 resarciam,
1033 4023 1227 4086 recognosco
1279 4009 1431 4069 structus.
1478 4001 1607 4084 (ioum
1633 4023 1761 4086 quoque
1787 4009 1821 4066 et
1847 4001 2030 4067 solidiorem
2058 3999 2248 4083 doctrinam,

256 4111 352 4174 quam
381 4089 548 4174 deplorata
573 4091 711 4158 saeculis
739 4089 863 4174 aliquot
888 4088 971 4156 vitia
999 4089 1171 4174 regnarint
1191 4090 1227 4154 in
1279 4096 1313 4153 et
1338 4090 1494 4154 maiorem
1521 4087 1673 4173 peritiam
1696 4107 1884 4171 comparare
1906 4087 1966 4152 sibi
1988 4107 2119 4152 neeesse
2140 4087 2248 4154 habet.

255 4175 374 4260 populo
402 4176 543 4244 indoleo:
572 4197 654 4260 quae
681 4183 792 4242 temen
826 4195 893 4242 non
922 4175 1114 4253 effecerunt,
1146 4174 1226 4258 quin
1278 4174 1425 4240 Idxaliis
1448 4194 1605 4239 essenon
1627 4180 1714 4256 puto,
1737 4174 1792 4258 qui
1814 4172 2250 4239 anteennnmiuturussit

255 4267 369 4327 sancta
397 4269 507 4328 essent
536 4267 569 4327 et
594 4283 678 4344 pura
704 4261 864 4328 sacrificia
890 4259 1052 4339 fidelibus,
1080 4281 1163 4344 quae
1184 4282 1227 4327 ex
1278 4258 1422 4324 idoneus.
1473 4259 1562 4326 Male
1589 4258 1703 4338 habet,
1732 4257 1817 4343 quod
1850 4260 1896 4324 sio
1924 4257 2081 4324 Bourienos
2108 4279 2128 4324 a
2155 4264 2248 4342 patre

255 4347 392 4413 Domini
410 4349 563 4415 instituto
585 4357 618 4412 et
639 4346 844 4412 ordinatione
864 4344 1120 4412 celebrabantur.
1152 4345 1226 4412 Ma·
1278 4343 1474 4411 destituitur.
1510 4343 1549 4410 si
1566 4366 1630 4429 qua
1650 4345 1733 4411 ratio
1755 4344 1831 4409 iniri
1853 4365 1874 4410 a
1894 4344 1986 4409 vobis
2006 4344 2134 4426 poterit,
2157 4343 2247 4408 office

255 4432 356 4499 nebat
377 4435 466 4498 enim
487 4433 554 4500 illie
577 4453 713 4500 aceensa
733 4433 867 4498 lucerna
887 4429 1039 4508 Domini,
1068 4451 1151 4514 quae
1172 4431 1226 4498 vel
1278 4451 1404 4513 quaeso,
1427 4439 1466 4495 ut
1482 4431 1552 4496 eins
1567 4429 1683 4496 studiis
1701 4429 1923 4514 prospiciatur.
1957 4428 2247 4512 Dignusestouius

254 4519 290 4584 in
312 4518 566 4602 profundissima
587 4519 725 4604 ealigine
745 4518 812 4583 illis
830 4517 1010 4600 affulgeret.
1052 4517 1228 4583 Zebedaeus
1279 4516 1438 4582 habeatur
1459 4517 1556 4581 ratio:
1578 4525 1709 4600 praeter
1729 4515 1824 4580 initia
1844 4536 1926 4598 quae
1952 4515 2052 4581 babet
2078 4515 2112 4577 in
2132 4511 2245 4593 literis,

255 4605 339 4669 mihi
357 4625 475 4687 papam
493 4605 667 4670 oblectavit
688 4605 750 4670 hoo
772 4604 851 4682 loco,
873 4601 930 4668 sed
948 4604 1079 4668 frustra.
1124 4603 1227 4668 Deest
1277 4603 1420 4667 multum
1447 4596 1529 4666 mibi
1558 4603 1628 4667 eine
1654 4599 1813 4666 modestia
1847 4601 2015 4684 promittit
2065 4597 2116 4662 De
2150 4595 2245 4663 bonis

257 4691 345 4754 enim
366 4690 513 4773 papismo
532 4689 789 4767 fundamentum,
813 4709 878 4772 qno
889 4689 1059 4754 suffultum
1071 4709 1141 4754 esse
1153 4688 1226 4754 volo
1278 4687 1503 4753 ecclesiasticis
1523 4688 1600 4770 quia
1621 4685 1776 4770 putabam
1797 4695 1830 4751 te
1851 4687 2039 4750 meminisse
2053 4680 2148 4766 qualo
2162 4681 2246 4748 foret

255 4796 375 4840 nomen
398 4775 559 4842 eeclesiae.
599 4774 666 4841 Sed
687 4776 721 4840 in
743 4795 781 4840 eo
802 4775 913 4858 lapsus
935 4781 993 4853 eet,
1016 4771 1103 4856 quod
1124 4795 1226 4857 quum
1277 4794 1386 4838 mcum
1408 4772 1587 4848 eonsilium,
1610 4773 1751 4838 scribere
1768 4770 2021 4855 supersederem.
2065 4767 2188 4830 Verum
2206 4775 2244 4832 ut

255 4861 474 4928 ministerium
506 4862 725 4940 nominarem,
764 4859 895 4944 putavit
926 4881 979 4925 me
1011 4858 1051 4924 do
1082 4858 1227 4942 qnalibet
1277 4859 1390 4942 paucis
1411 4857 1518 4924 verbis
1539 4855 1686 4942 expediri
1707 4864 1824 4940 potest,
1853 4879 1894 4924 ex
1922 4871 2119 4938 supervacuo
2148 4849 2243 4918 adiioi

255 4945 495 5030 praedicatione
517 4947 616 5029 loqui:
639 4967 740 5029 quum
762 4965 822 5030 ego
844 4944 1023 5012 doctrinam
1050 4945 1224 5030 exigerem,
1276 4944 1372 5022 malo,
1395 4964 1492 5026 qnam
1515 4943 1571 5008 abs
1593 4951 1626 5008 te
1644 4941 1826 5008 desiderari.
1863 4940 1947 5008 Mibi
1967 4957 2043 5020 ergo
2065 4935 2144 5002 haee
2161 4935 2242 5022 legi-

256 5031 362 5118 qualie
384 5031 514 5098 domum
535 5032 720 5098 fundandae
743 5031 898 5098 ecelesiae
918 5032 961 5095 sit
982 5029 1104 5096 idonea
1148 5030 1224 5096 Non
1276 5031 1359 5095 tima
1375 5028 1505 5094 videtur
1522 5027 1691 5108 ordinatio,
1713 5037 1751 5094 ut
1767 5036 1906 5113 quatuor
1921 5043 2058 5088 onerum
2068 5021 2244 5106 generibus

257 5139 335 5203 orgo
367 5118 461 5184 video
493 5141 551 5185 eur
582 5139 739 5203 negemus
771 5117 912 5200 aliquam
943 5116 1011 5184 illio
1045 5117 1224 5181 etiamnum

258 5209 386 5270 exstare
397 5205 549 5272 eeclesiae
563 5203 696 5271 faciem:
718 5209 756 5270 ut
770 5205 832 5268 rite
843 5202 910 5268 illie
927 5201 1083 5270 celebrari
1099 5203 1226 5286 possint
1378 5215 1409 5286 n)
1427 5216 1472 5272 De
1488 5216 1538 5274 too
1553 5218 1612 5274 loeo
1628 5215 1664 5283 rr.
1682 5215 1804 5286 Prosae.
1826 5211 1854 5266 T.
1878 5208 1926 5264 Vl.
1943 5224 1971 5278 ρ.
1985 5207 2037 5350 dd}
