<?xml version="1.0" encoding="UTF-8"?>
<!DOCTYPE html PUBLIC "-//W3C//DTD XHTML 1.0 Transitional//EN"
    "http://www.w3.org/TR/xhtml1/DTD/xhtml1-transitional.dtd">
<html xmlns="http://www.w3.org/1999/xhtml" xml:lang="en" lang="en">
 <head>
  <title>
</title>
<meta http-equiv="Content-Type" content="text/html;charset=utf-8" />
  <meta name='ocr-system' content='tesseract 3.04.00' />
  <meta name='ocr-capabilities' content='ocr_page ocr_carea ocr_par ocr_line ocrx_word'/>
</head>
<body>
  <div class='ocr_page' id='page_1' title='image "./ioanniscalvinio05reusgoog_0109.png"; bbox 0 0 4804 6012; ppageno 0'>
   <div class='ocr_carea' id='block_1_1' title="bbox 247 359 2251 472">
    <p class='ocr_par' dir='ltr' id='par_1_1' title="bbox 247 359 2251 472">
     <span class='ocr_line' id='line_1_1' title="bbox 247 359 2251 472; baseline -0.002 -39"><span class='ocrx_word' id='word_1_1' title='bbox 247 373 307 434; x_wconf 81' lang='lat'><strong>175</strong></span> <span class='ocrx_word' id='word_1_2' title='bbox 1131 359 1362 472; x_wconf 62' lang='lat' dir='ltr'><strong>censuim.</strong></span> <span class='ocrx_word' id='word_1_3' title='bbox 1586 427 1588 430; x_wconf 84' lang='grc'><strong>,</strong></span> <span class='ocrx_word' id='word_1_4' title='bbox 2187 366 2251 429; x_wconf 77' lang='lat' dir='ltr'><strong>ret</strong></span> 
     </span>
    </p>
   </div>
   <div class='ocr_carea' id='block_1_2' title="bbox 162 548 2261 3122">
    <p class='ocr_par' dir='ltr' id='par_1_2' title="bbox 244 548 2256 1324">
     <span class='ocr_line' id='line_1_2' title="bbox 331 548 2251 637; baseline -0.001 -17"><span class='ocrx_word' id='word_1_5' title='bbox 331 553 429 637; x_wconf 78' lang='lat' dir='ltr'><strong>Quod</strong></span> <span class='ocrx_word' id='word_1_6' title='bbox 451 553 622 621; x_wconf 76' lang='lat' dir='ltr'>Christum</span> <span class='ocrx_word' id='word_1_7' title='bbox 641 552 835 618; x_wconf 88' lang='lat' dir='ltr'><strong>crucifixum</strong></span> <span class='ocrx_word' id='word_1_8' title='bbox 862 549 1029 616; x_wconf 86' lang='lat' dir='ltr'><strong>contendit</strong></span> <span class='ocrx_word' id='word_1_9' title='bbox 1050 571 1122 616; x_wconf 85' lang='lat' dir='ltr'><strong>esse</strong></span> <span class='ocrx_word' id='word_1_10' title='bbox 1143 549 1219 614; x_wconf 90' lang='lat' dir='ltr'><strong>uni·</strong></span> <span class='ocrx_word' id='word_1_11' title='bbox 1356 548 1583 616; x_wconf 76' lang='lat' dir='ltr'><strong>Idololatriam</strong></span> <span class='ocrx_word' id='word_1_12' title='bbox 1614 571 1686 617; x_wconf 89' lang='lat' dir='ltr'><strong>esse</strong></span> <span class='ocrx_word' id='word_1_13' title='bbox 1720 549 1901 632; x_wconf 88' lang='lat' dir='ltr'><strong>contendit,</strong></span> <span class='ocrx_word' id='word_1_14' title='bbox 1934 551 2046 618; x_wconf 89' lang='lat' dir='ltr'><strong>Deum</strong></span> <span class='ocrx_word' id='word_1_15' title='bbox 2078 553 2115 617; x_wconf 92' lang='lat' dir='ltr'><strong>in</strong></span> <span class='ocrx_word' id='word_1_16' title='bbox 2146 573 2251 619; x_wconf 84' lang='lat' dir='ltr'><strong>carne</strong></span> 
     </span>
     <span class='ocr_line' id='line_1_3' title="bbox 245 633 2255 741; baseline -0.001 -34"><span class='ocrx_word' id='word_1_17' title='bbox 245 642 394 741; x_wconf 86' lang='lat' dir='ltr'><strong>genitum</strong></span> <span class='ocrx_word' id='word_1_18' title='bbox 417 640 520 706; x_wconf 89' lang='lat' dir='ltr'><strong>filium</strong></span> <span class='ocrx_word' id='word_1_19' title='bbox 531 638 605 717; x_wconf 94' lang='lat' dir='ltr'><strong>Dei,</strong></span> <span class='ocrx_word' id='word_1_20' title='bbox 628 658 687 702; x_wconf 86' lang='lat' dir='ltr'><strong>nos</strong></span> <span class='ocrx_word' id='word_1_21' title='bbox 708 658 835 719; x_wconf 93' lang='lat' dir='ltr'><strong>quoque</strong></span> <span class='ocrx_word' id='word_1_22' title='bbox 851 636 937 702; x_wconf 88' lang='lat' dir='ltr'><strong>idom</strong></span> <span class='ocrx_word' id='word_1_23' title='bbox 956 635 1122 708; x_wconf 83' lang='lat' dir='ltr'><strong>docemus,</strong></span> <span class='ocrx_word' id='word_1_24' title='bbox 1151 633 1219 700; x_wconf 81' lang='lat' dir='ltr'><strong>Sed</strong></span> <span class='ocrx_word' id='word_1_25' title='bbox 1271 637 1516 718; x_wconf 79' lang='lat' dir='ltr'><strong>manifestatum</strong></span> <span class='ocrx_word' id='word_1_26' title='bbox 1533 637 1685 702; x_wconf 88' lang='lat' dir='ltr'><strong>adorare:</strong></span> <span class='ocrx_word' id='word_1_27' title='bbox 1709 657 1770 702; x_wconf 89' lang='lat' dir='ltr'><strong>nos</strong></span> <span class='ocrx_word' id='word_1_28' title='bbox 1788 657 1866 702; x_wconf 87' lang='lat' dir='ltr'><strong>rere</strong></span> <span class='ocrx_word' id='word_1_29' title='bbox 1884 659 2057 723; x_wconf 79' lang='lat' dir='ltr'><strong>negamus:</strong></span> <span class='ocrx_word' id='word_1_30' title='bbox 2081 637 2255 705; x_wconf 80' lang='grc'><strong>1111111111-</strong></span> 
     </span>
     <span class='ocr_line' id='line_1_4' title="bbox 244 722 2077 809; baseline -0.002 -16"><span class='ocrx_word' id='word_1_31' title='bbox 244 735 373 793; x_wconf 86' lang='lat' dir='ltr'><strong>rnterea</strong></span> <span class='ocrx_word' id='word_1_32' title='bbox 398 749 465 792; x_wconf 91' lang='lat' dir='ltr'><strong>non</strong></span> <span class='ocrx_word' id='word_1_33' title='bbox 494 725 618 790; x_wconf 91' lang='lat' dir='ltr'><strong>tollitur</strong></span> <span class='ocrx_word' id='word_1_34' title='bbox 643 722 824 802; x_wconf 61' lang='lat' dir='ltr'><strong>distinctior,</strong></span> <span class='ocrx_word' id='word_1_35' title='bbox 851 743 950 806; x_wconf 81' lang='lat' dir='ltr'><strong>quam</strong></span> <span class='ocrx_word' id='word_1_36' title='bbox 978 723 1134 789; x_wconf 81' lang='lat' dir='ltr'><strong>Christus</strong></span> <span class='ocrx_word' id='word_1_37' title='bbox 1163 742 1219 786; x_wconf 89' lang='lat' dir='ltr'><strong>ore</strong></span> <span class='ocrx_word' id='word_1_38' title='bbox 1273 724 1402 806; x_wconf 86' lang='lat' dir='ltr'><strong>perbiae</strong></span> <span class='ocrx_word' id='word_1_39' title='bbox 1424 731 1486 802; x_wconf 89' lang='lat' dir='ltr'><strong>est,</strong></span> <span class='ocrx_word' id='word_1_40' title='bbox 1508 744 1567 788; x_wconf 89' lang='lat' dir='ltr'><strong>nes</strong></span> <span class='ocrx_word' id='word_1_41' title='bbox 1588 724 1657 788; x_wconf 84' lang='lat' dir='ltr'><strong>suis</strong></span> <span class='ocrx_word' id='word_1_42' title='bbox 1678 723 1806 806; x_wconf 87' lang='lat' dir='ltr'><strong>placitis</strong></span> <span class='ocrx_word' id='word_1_43' title='bbox 1828 723 2077 809; x_wconf 67' lang='lat' dir='ltr'><strong>adstringeret,</strong></span> 
     </span>
     <span class='ocr_line' id='line_1_5' title="bbox 246 807 2254 895; baseline -0.001 -16"><span class='ocrx_word' id='word_1_44' title='bbox 246 834 307 880; x_wconf 90' lang='lat' dir='ltr'><strong>suo</strong></span> <span class='ocrx_word' id='word_1_45' title='bbox 328 813 450 878; x_wconf 88' lang='lat' dir='ltr'><strong>diserto</strong></span> <span class='ocrx_word' id='word_1_46' title='bbox 477 810 633 886; x_wconf 90' lang='lat' dir='ltr'><strong>asseruit,</strong></span> <span class='ocrx_word' id='word_1_47' title='bbox 663 827 781 891; x_wconf 86' lang='lat' dir='ltr'><strong>corpus</strong></span> <span class='ocrx_word' id='word_1_48' title='bbox 810 829 909 874; x_wconf 87' lang='lat' dir='ltr'><strong>suum</strong></span> <span class='ocrx_word' id='word_1_49' title='bbox 938 807 1108 894; x_wconf 75' lang='lat' dir='ltr'><strong>appellans</strong></span> <span class='ocrx_word' id='word_1_50' title='bbox 1135 814 1219 870; x_wconf 90' lang='lat' dir='ltr'><strong>tem·</strong></span> <span class='ocrx_word' id='word_1_51' title='bbox 1302 859 1307 870; x_wconf 88' lang='lat'>.</span> <span class='ocrx_word' id='word_1_52' title='bbox 1358 807 1455 889; x_wconf 78' lang='lat' dir='ltr'><strong>Quod</strong></span> <span class='ocrx_word' id='word_1_53' title='bbox 1477 807 1595 888; x_wconf 91' lang='lat' dir='ltr'><strong>obiicit,</strong></span> <span class='ocrx_word' id='word_1_54' title='bbox 1618 809 1648 874; x_wconf 91' lang='lat' dir='ltr'><strong>si</strong></span> <span class='ocrx_word' id='word_1_55' title='bbox 1669 831 1710 874; x_wconf 88' lang='lat' dir='ltr'><strong>ex</strong></span> <span class='ocrx_word' id='word_1_56' title='bbox 1732 809 1841 875; x_wconf 84' lang='lat' dir='ltr'><strong>Maria</strong></span> <span class='ocrx_word' id='word_1_57' title='bbox 1861 811 2054 895; x_wconf 88' lang='lat' dir='ltr'><strong>progenitus</strong></span> <span class='ocrx_word' id='word_1_58' title='bbox 2075 809 2254 878; x_wconf 73' lang='grc'><strong>111011111-</strong></span> 
     </span>
     <span class='ocr_line' id='line_1_6' title="bbox 245 893 2253 984; baseline -0 -20"><span class='ocrx_word' id='word_1_59' title='bbox 245 899 338 984; x_wconf 89' lang='lat' dir='ltr'><strong>plum</strong></span> <span class='ocrx_word' id='word_1_60' title='bbox 362 899 491 981; x_wconf 89' lang='lat' dir='ltr'><strong>(Ioann.</strong></span> <span class='ocrx_word' id='word_1_61' title='bbox 511 900 541 976; x_wconf 83' lang='lat'><strong>2,</strong></span> <span class='ocrx_word' id='word_1_62' title='bbox 563 893 624 970; x_wconf 78' lang='grc'><strong>191.</strong></span> <span class='ocrx_word' id='word_1_63' title='bbox 657 893 829 974; x_wconf 80' lang='lat' dir='ltr'><strong>Quomodo</strong></span> <span class='ocrx_word' id='word_1_64' title='bbox 847 894 936 958; x_wconf 92' lang='lat' dir='ltr'><strong>enim</strong></span> <span class='ocrx_word' id='word_1_65' title='bbox 957 893 1118 976; x_wconf 88' lang='lat' dir='ltr'><strong>templum</strong></span> <span class='ocrx_word' id='word_1_66' title='bbox 1135 899 1221 958; x_wconf 87' lang='lat' dir='ltr'><strong>esset</strong></span> <span class='ocrx_word' id='word_1_67' title='bbox 1272 902 1342 972; x_wconf 92' lang='lat' dir='ltr'><strong>tus,</strong></span> <span class='ocrx_word' id='word_1_68' title='bbox 1378 894 1534 978; x_wconf 80' lang='lat' dir='ltr'>gentilem</span> <span class='ocrx_word' id='word_1_69' title='bbox 1562 895 1668 978; x_wconf 83' lang='lat' dir='ltr'><strong>magis</strong></span> <span class='ocrx_word' id='word_1_70' title='bbox 1700 916 1799 977; x_wconf 87' lang='lat' dir='ltr'><strong>quam</strong></span> <span class='ocrx_word' id='word_1_71' title='bbox 1825 895 1988 961; x_wconf 88' lang='lat' dir='ltr'><strong>Iudaeum</strong></span> <span class='ocrx_word' id='word_1_72' title='bbox 2013 897 2083 962; x_wconf 84' lang='lat' dir='ltr'><strong>lore</strong></span> <span class='ocrx_word' id='word_1_73' title='bbox 2115 919 2253 982; x_wconf 85' lang='lat' dir='ltr'><strong>genere,</strong></span> 
     </span>
     <span class='ocr_line' id='line_1_7' title="bbox 245 977 2256 1070; baseline -0 -20"><span class='ocrx_word' id='word_1_74' title='bbox 245 985 339 1050; x_wconf 90' lang='lat' dir='ltr'><strong>Deus</strong></span> <span class='ocrx_word' id='word_1_75' title='bbox 360 986 439 1067; x_wconf 89' lang='lat' dir='ltr'><strong>ipse,</strong></span> <span class='ocrx_word' id='word_1_76' title='bbox 461 982 513 1049; x_wconf 90' lang='lat' dir='ltr'><strong>vel</strong></span> <span class='ocrx_word' id='word_1_77' title='bbox 535 981 607 1046; x_wconf 89' lang='lat' dir='ltr'><strong>eius</strong></span> <span class='ocrx_word' id='word_1_78' title='bbox 627 979 789 1046; x_wconf 81' lang='lat' dir='ltr'><strong>essentia?</strong></span> <span class='ocrx_word' id='word_1_79' title='bbox 840 981 983 1045; x_wconf 76' lang='lat' dir='ltr'><strong>Deitatis</strong></span> <span class='ocrx_word' id='word_1_80' title='bbox 1010 1001 1089 1064; x_wconf 87' lang='lat' dir='ltr'><strong>ergo</strong></span> <span class='ocrx_word' id='word_1_81' title='bbox 1116 977 1220 1044; x_wconf 91' lang='lat' dir='ltr'><strong>domi·</strong></span> <span class='ocrx_word' id='word_1_82' title='bbox 1272 979 1349 1062; x_wconf 83' lang='lat' dir='ltr'><strong>quia</strong></span> <span class='ocrx_word' id='word_1_83' title='bbox 1370 981 1559 1064; x_wconf 87' lang='lat' dir='ltr'><strong>progeniem</strong></span> <span class='ocrx_word' id='word_1_84' title='bbox 1577 979 1676 1047; x_wconf 90' lang='lat' dir='ltr'><strong>ducat</strong></span> <span class='ocrx_word' id='word_1_85' title='bbox 1692 1001 1751 1070; x_wconf 74' lang='lat' dir='ltr'><strong>per</strong></span> <span class='ocrx_word' id='word_1_86' title='bbox 1767 982 1924 1047; x_wconf 83' lang='lat' dir='ltr'><strong>foeminas</strong></span> <span class='ocrx_word' id='word_1_87' title='bbox 1942 983 2141 1067; x_wconf 85' lang='lat' dir='ltr'><strong>agentibus,</strong></span> <span class='ocrx_word' id='word_1_88' title='bbox 2161 984 2256 1050; x_wconf 87' lang='lat' dir='ltr'><strong>eius·</strong></span> 
     </span>
     <span class='ocr_line' id='line_1_8' title="bbox 246 1061 2255 1151; baseline -0 -16"><span class='ocrx_word' id='word_1_89' title='bbox 246 1069 358 1136; x_wconf 86' lang='lat' dir='ltr'><strong>cilium</strong></span> <span class='ocrx_word' id='word_1_90' title='bbox 388 1089 458 1135; x_wconf 88' lang='lat' dir='ltr'><strong>esse</strong></span> <span class='ocrx_word' id='word_1_91' title='bbox 490 1066 680 1151; x_wconf 86' lang='lat' dir='ltr'><strong>colligimus.</strong></span> <span class='ocrx_word' id='word_1_92' title='bbox 737 1063 811 1147; x_wconf 76' lang='lat' dir='ltr'><strong>Quo</strong></span> <span class='ocrx_word' id='word_1_93' title='bbox 848 1066 948 1130; x_wconf 88' lang='lat' dir='ltr'><strong>etiam</strong></span> <span class='ocrx_word' id='word_1_94' title='bbox 980 1074 1105 1148; x_wconf 87' lang='lat' dir='ltr'><strong>spectat</strong></span> <span class='ocrx_word' id='word_1_95' title='bbox 1138 1061 1221 1129; x_wconf 92' lang='lat' dir='ltr'><strong>illud</strong></span> <span class='ocrx_word' id='word_1_96' title='bbox 1272 1065 1348 1138; x_wconf 87' lang='lat' dir='ltr'><strong>dem</strong></span> <span class='ocrx_word' id='word_1_97' title='bbox 1369 1073 1420 1131; x_wconf 91' lang='lat' dir='ltr'><strong>est</strong></span> <span class='ocrx_word' id='word_1_98' title='bbox 1440 1065 1615 1132; x_wconf 86' lang='lat' dir='ltr'><strong>futilitatis.</strong></span> <span class='ocrx_word' id='word_1_99' title='bbox 1668 1065 1772 1148; x_wconf 75' lang='lat' dir='ltr'><strong>Quasi</strong></span> <span class='ocrx_word' id='word_1_100' title='bbox 1799 1089 1879 1132; x_wconf 89' lang='lat' dir='ltr'><strong>vero</strong></span> <span class='ocrx_word' id='word_1_101' title='bbox 1902 1067 1997 1132; x_wconf 87' lang='lat' dir='ltr'><strong>Ruth</strong></span> <span class='ocrx_word' id='word_1_102' title='bbox 2025 1069 2164 1151; x_wconf 86' lang='lat' dir='ltr'><strong>proavia</strong></span> <span class='ocrx_word' id='word_1_103' title='bbox 2186 1071 2255 1134; x_wconf 88' lang='lat' dir='ltr'><strong>im·</strong></span> 
     </span>
     <span class='ocr_line' id='line_1_9' title="bbox 245 1150 2208 1236; baseline -0.002 -14"><span class='ocrx_word' id='word_1_104' title='bbox 245 1155 353 1233; x_wconf 85' lang='lat' dir='ltr'><strong>Pauli,</strong></span> <span class='ocrx_word' id='word_1_105' title='bbox 375 1153 524 1222; x_wconf 89' lang='lat' dir='ltr'><strong>habitare</strong></span> <span class='ocrx_word' id='word_1_106' title='bbox 551 1153 588 1217; x_wconf 92' lang='lat' dir='ltr'><strong>in</strong></span> <span class='ocrx_word' id='word_1_107' title='bbox 615 1173 654 1217; x_wconf 91' lang='lat' dir='ltr'><strong>eo</strong></span> <span class='ocrx_word' id='word_1_108' title='bbox 682 1150 918 1234; x_wconf 82' lang='lat' dir='ltr'><strong>plenitudinem</strong></span> <span class='ocrx_word' id='word_1_109' title='bbox 951 1151 1081 1217; x_wconf 82' lang='lat' dir='ltr'><strong>deitatis</strong></span> <span class='ocrx_word' id='word_1_110' title='bbox 1109 1171 1220 1234; x_wconf 83' lang='lat' dir='ltr'><strong>eorpo-</strong></span> <span class='ocrx_word' id='word_1_111' title='bbox 1271 1150 1393 1236; x_wconf 88' lang='lat' dir='ltr'><strong>pediat,</strong></span> <span class='ocrx_word' id='word_1_112' title='bbox 1413 1152 1587 1234; x_wconf 89' lang='lat' dir='ltr'><strong>quominus</strong></span> <span class='ocrx_word' id='word_1_113' title='bbox 1609 1160 1782 1218; x_wconf 85' lang='lat' dir='ltr'><strong>censeatur</strong></span> <span class='ocrx_word' id='word_1_114' title='bbox 1803 1152 1913 1219; x_wconf 87' lang='lat' dir='ltr'><strong>David</strong></span> <span class='ocrx_word' id='word_1_115' title='bbox 1929 1153 2085 1220; x_wconf 82' lang='lat' dir='ltr'><strong>Abrahae</strong></span> <span class='ocrx_word' id='word_1_116' title='bbox 2106 1154 2208 1221; x_wconf 86' lang='lat' dir='ltr'><strong>filius.</strong></span> 
     </span>
     <span class='ocr_line' id='line_1_10' title="bbox 246 1236 2255 1324; baseline 0 -18"><span class='ocrx_word' id='word_1_117' title='bbox 246 1241 362 1307; x_wconf 88' lang='lat' dir='ltr'><strong>raliter</strong></span> <span class='ocrx_word' id='word_1_118' title='bbox 383 1239 468 1324; x_wconf 84' lang='lat' dir='ltr'><strong>(Ool.</strong></span> <span class='ocrx_word' id='word_1_119' title='bbox 488 1243 517 1317; x_wconf 84' lang='lat'><strong>2,</strong></span> <span class='ocrx_word' id='word_1_120' title='bbox 537 1237 580 1324; x_wconf 84' lang='lat'><strong>9).</strong></span> <span class='ocrx_word' id='word_1_121' title='bbox 1358 1236 1457 1318; x_wconf 80' lang='lat' dir='ltr'><strong>Quod</strong></span> <span class='ocrx_word' id='word_1_122' title='bbox 1468 1238 1567 1302; x_wconf 89' lang='lat' dir='ltr'><strong>etiam</strong></span> <span class='ocrx_word' id='word_1_123' title='bbox 1578 1259 1637 1321; x_wconf 91' lang='lat' dir='ltr'><strong>pro</strong></span> <span class='ocrx_word' id='word_1_124' title='bbox 1649 1237 1790 1305; x_wconf 83' lang='lat' dir='ltr'><strong>dbsurdo</strong></span> <span class='ocrx_word' id='word_1_125' title='bbox 1807 1238 1900 1305; x_wconf 88' lang='lat' dir='ltr'><strong>nobis</strong></span> <span class='ocrx_word' id='word_1_126' title='bbox 1917 1239 2072 1318; x_wconf 86' lang='lat' dir='ltr'><strong>obtrudit,</strong></span> <span class='ocrx_word' id='word_1_127' title='bbox 2091 1242 2120 1305; x_wconf 88' lang='lat' dir='ltr'><strong>si</strong></span> <span class='ocrx_word' id='word_1_128' title='bbox 2138 1261 2255 1306; x_wconf 87' lang='lat' dir='ltr'><strong>sermo</strong></span> 
     </span>
    </p>

    <p class='ocr_par' dir='ltr' id='par_1_3' title="bbox 244 1321 2259 2095">
     <span class='ocr_line' id='line_1_11' title="bbox 333 1321 2255 1414; baseline 0.001 -23"><span class='ocrx_word' id='word_1_129' title='bbox 333 1325 431 1407; x_wconf 78' lang='lat' dir='ltr'><strong>Quod</strong></span> <span class='ocrx_word' id='word_1_130' title='bbox 453 1325 624 1390; x_wconf 83' lang='lat' dir='ltr'><strong>Ohristum</strong></span> <span class='ocrx_word' id='word_1_131' title='bbox 646 1321 749 1414; x_wconf 77' lang='lat' dir='ltr'><strong>dividi</strong></span> <span class='ocrx_word' id='word_1_132' title='bbox 770 1322 991 1388; x_wconf 77' lang='lat' dir='ltr'><strong>calumniatur</strong></span> <span class='ocrx_word' id='word_1_133' title='bbox 1011 1323 1047 1386; x_wconf 90' lang='lat' dir='ltr'><strong>in</strong></span> <span class='ocrx_word' id='word_1_134' title='bbox 1058 1321 1169 1386; x_wconf 91' lang='lat' dir='ltr'><strong>Deum</strong></span> <span class='ocrx_word' id='word_1_135' title='bbox 1187 1329 1222 1386; x_wconf 89' lang='grc'><strong>11</strong></span> <span class='ocrx_word' id='word_1_136' title='bbox 1272 1323 1336 1388; x_wconf 91' lang='lat' dir='ltr'><strong>Dei</strong></span> <span class='ocrx_word' id='word_1_137' title='bbox 1365 1343 1498 1388; x_wconf 87' lang='lat' dir='ltr'><strong>carnem</strong></span> <span class='ocrx_word' id='word_1_138' title='bbox 1527 1322 1648 1404; x_wconf 91' lang='lat' dir='ltr'><strong>induit,</strong></span> <span class='ocrx_word' id='word_1_139' title='bbox 1682 1325 1782 1390; x_wconf 86' lang='lat' dir='ltr'><strong>fuisse</strong></span> <span class='ocrx_word' id='word_1_140' title='bbox 1809 1325 1913 1410; x_wconf 86' lang='lat' dir='ltr'><strong>igitur</strong></span> <span class='ocrx_word' id='word_1_141' title='bbox 1946 1333 2088 1410; x_wconf 86' lang='lat' dir='ltr'><strong>angusto</strong></span> <span class='ocrx_word' id='word_1_142' title='bbox 2121 1327 2255 1392; x_wconf 83' lang='lat' dir='ltr'><strong>terreni</strong></span> 
     </span>
     <span class='ocr_line' id='line_1_12' title="bbox 246 1407 2256 1494; baseline 0.001 -16"><span class='ocrx_word' id='word_1_143' title='bbox 246 1413 425 1490; x_wconf 90' lang='lat' dir='ltr'><strong>hominem,</strong></span> <span class='ocrx_word' id='word_1_144' title='bbox 447 1411 475 1477; x_wconf 92' lang='lat' dir='ltr'><strong>ei</strong></span> <span class='ocrx_word' id='word_1_145' title='bbox 493 1412 601 1476; x_wconf 92' lang='lat' dir='ltr'><strong>Deum</strong></span> <span class='ocrx_word' id='word_1_146' title='bbox 625 1418 658 1474; x_wconf 90' lang='lat' dir='ltr'><strong>et</strong></span> <span class='ocrx_word' id='word_1_147' title='bbox 679 1409 844 1472; x_wconf 91' lang='lat' dir='ltr'><strong>hominem</strong></span> <span class='ocrx_word' id='word_1_148' title='bbox 866 1429 937 1474; x_wconf 89' lang='lat' dir='ltr'><strong>esse</strong></span> <span class='ocrx_word' id='word_1_149' title='bbox 960 1408 1106 1486; x_wconf 85' lang='lat' dir='ltr'><strong>dicimus,</strong></span> <span class='ocrx_word' id='word_1_150' title='bbox 1129 1407 1222 1472; x_wconf 90' lang='lat' dir='ltr'><strong>nullo</strong></span> <span class='ocrx_word' id='word_1_151' title='bbox 1272 1409 1417 1488; x_wconf 77' lang='grc'><strong>11111111</strong></span> <span class='ocrx_word' id='word_1_152' title='bbox 1444 1409 1610 1494; x_wconf 86' lang='lat' dir='ltr'><strong>ergastulo</strong></span> <span class='ocrx_word' id='word_1_153' title='bbox 1635 1409 1814 1490; x_wconf 90' lang='lat' dir='ltr'><strong>inelueum,</strong></span> <span class='ocrx_word' id='word_1_154' title='bbox 1848 1431 1940 1476; x_wconf 87' lang='lat' dir='ltr'><strong>mera</strong></span> <span class='ocrx_word' id='word_1_155' title='bbox 1973 1419 2024 1477; x_wconf 89' lang='lat' dir='ltr'><strong>est</strong></span> <span class='ocrx_word' id='word_1_156' title='bbox 2051 1413 2256 1494; x_wconf 83' lang='lat' dir='ltr'><strong>procacitas:</strong></span> 
     </span>
     <span class='ocr_line' id='line_1_13' title="bbox 246 1493 2257 1584; baseline -0 -19"><span class='ocrx_word' id='word_1_157' title='bbox 246 1500 378 1584; x_wconf 88' lang='lat' dir='ltr'><strong>negotio</strong></span> <span class='ocrx_word' id='word_1_158' title='bbox 400 1496 582 1562; x_wconf 88' lang='lat' dir='ltr'><strong>discutitur.</strong></span> <span class='ocrx_word' id='word_1_159' title='bbox 627 1495 741 1576; x_wconf 87' lang='lat' dir='ltr'><strong>Neque</strong></span> <span class='ocrx_word' id='word_1_160' title='bbox 762 1495 850 1559; x_wconf 90' lang='lat' dir='ltr'><strong>enim</strong></span> <span class='ocrx_word' id='word_1_161' title='bbox 872 1493 1038 1560; x_wconf 85' lang='lat' dir='ltr'><strong>distinctio</strong></span> <span class='ocrx_word' id='word_1_162' title='bbox 1065 1493 1221 1559; x_wconf 86' lang='lat' dir='ltr'><strong>laoeratio</strong></span> <span class='ocrx_word' id='word_1_163' title='bbox 1272 1496 1350 1578; x_wconf 89' lang='lat' dir='ltr'><strong>quia</strong></span> <span class='ocrx_word' id='word_1_164' title='bbox 1368 1495 1431 1560; x_wconf 92' lang='lat' dir='ltr'><strong>etsi</strong></span> <span class='ocrx_word' id='word_1_165' title='bbox 1451 1495 1487 1558; x_wconf 94' lang='lat' dir='ltr'><strong>in</strong></span> <span class='ocrx_word' id='word_1_166' title='bbox 1509 1517 1610 1560; x_wconf 85' lang='lat' dir='ltr'><strong>unam</strong></span> <span class='ocrx_word' id='word_1_167' title='bbox 1632 1503 1806 1579; x_wconf 84' lang='lat' dir='ltr'><strong>personam</strong></span> <span class='ocrx_word' id='word_1_168' title='bbox 1827 1497 1949 1564; x_wconf 88' lang='lat' dir='ltr'><strong>coaluit</strong></span> <span class='ocrx_word' id='word_1_169' title='bbox 1971 1499 2132 1564; x_wconf 84' lang='lat' dir='ltr'><strong>immensa</strong></span> <span class='ocrx_word' id='word_1_170' title='bbox 2155 1499 2257 1565; x_wconf 89' lang='lat' dir='ltr'><strong>verbi</strong></span> 
     </span>
     <span class='ocr_line' id='line_1_14' title="bbox 247 1578 2257 1663; baseline -0.001 -13"><span class='ocrx_word' id='word_1_171' title='bbox 247 1594 305 1650; x_wconf 83' lang='lat' dir='ltr'><strong>eet</strong></span> <span class='ocrx_word' id='word_1_172' title='bbox 356 1582 516 1648; x_wconf 86' lang='lat' dir='ltr'><strong>Eiusdem</strong></span> <span class='ocrx_word' id='word_1_173' title='bbox 547 1581 646 1646; x_wconf 82' lang='lat' dir='ltr'><strong>etiam</strong></span> <span class='ocrx_word' id='word_1_174' title='bbox 675 1579 897 1662; x_wconf 86' lang='lat' dir='ltr'><strong>impudentiae</strong></span> <span class='ocrx_word' id='word_1_175' title='bbox 926 1590 989 1658; x_wconf 90' lang='lat' dir='ltr'><strong>est,</strong></span> <span class='ocrx_word' id='word_1_176' title='bbox 1024 1578 1111 1663; x_wconf 89' lang='lat' dir='ltr'><strong>quod</strong></span> <span class='ocrx_word' id='word_1_177' title='bbox 1142 1579 1222 1646; x_wconf 89' lang='lat' dir='ltr'><strong>dicit</strong></span> <span class='ocrx_word' id='word_1_178' title='bbox 1273 1581 1416 1646; x_wconf 87' lang='lat' dir='ltr'><strong>essentia</strong></span> <span class='ocrx_word' id='word_1_179' title='bbox 1436 1602 1512 1646; x_wconf 91' lang='lat' dir='ltr'><strong>cum</strong></span> <span class='ocrx_word' id='word_1_180' title='bbox 1533 1591 1654 1647; x_wconf 85' lang='lat' dir='ltr'><strong>nature</strong></span> <span class='ocrx_word' id='word_1_181' title='bbox 1675 1581 1832 1661; x_wconf 89' lang='lat' dir='ltr'><strong>hominis,</strong></span> <span class='ocrx_word' id='word_1_182' title='bbox 1860 1583 1986 1647; x_wconf 90' lang='lat' dir='ltr'><strong>nullam</strong></span> <span class='ocrx_word' id='word_1_183' title='bbox 2008 1592 2121 1648; x_wconf 88' lang='lat' dir='ltr'><strong>tamen</strong></span> <span class='ocrx_word' id='word_1_184' title='bbox 2142 1584 2257 1649; x_wconf 90' lang='lat' dir='ltr'><strong>inolu-</strong></span> 
     </span>
     <span class='ocr_line' id='line_1_15' title="bbox 246 1659 2259 1752; baseline -0.001 -15"><span class='ocrx_word' id='word_1_185' title='bbox 246 1670 419 1737; x_wconf 85' lang='lat' dir='ltr'><strong>Ghristum</strong></span> <span class='ocrx_word' id='word_1_186' title='bbox 440 1669 502 1734; x_wconf 92' lang='lat' dir='ltr'><strong>hoo</strong></span> <span class='ocrx_word' id='word_1_187' title='bbox 524 1665 620 1733; x_wconf 87' lang='lat' dir='ltr'><strong>modo</strong></span> <span class='ocrx_word' id='word_1_188' title='bbox 641 1667 776 1732; x_wconf 87' lang='lat' dir='ltr'><strong>conflari</strong></span> <span class='ocrx_word' id='word_1_189' title='bbox 798 1688 839 1732; x_wconf 91' lang='lat' dir='ltr'><strong>ex</strong></span> <span class='ocrx_word' id='word_1_190' title='bbox 861 1659 945 1750; x_wconf 76' lang='lat' dir='ltr'><strong>pura</strong></span> <span class='ocrx_word' id='word_1_191' title='bbox 965 1675 999 1731; x_wconf 91' lang='lat' dir='ltr'><strong>et</strong></span> <span class='ocrx_word' id='word_1_192' title='bbox 1016 1667 1145 1749; x_wconf 88' lang='lat' dir='ltr'><strong>impura</strong></span> <span class='ocrx_word' id='word_1_193' title='bbox 1161 1685 1220 1729; x_wconf 87' lang='lat' dir='ltr'><strong>na·</strong></span> <span class='ocrx_word' id='word_1_194' title='bbox 1272 1667 1399 1732; x_wconf 89' lang='lat' dir='ltr'><strong>sionem</strong></span> <span class='ocrx_word' id='word_1_195' title='bbox 1420 1667 1593 1752; x_wconf 88' lang='lat' dir='ltr'><strong>fingimus:</strong></span> <span class='ocrx_word' id='word_1_196' title='bbox 1616 1668 1693 1751; x_wconf 88' lang='lat' dir='ltr'><strong>quia</strong></span> <span class='ocrx_word' id='word_1_197' title='bbox 1714 1668 1908 1734; x_wconf 89' lang='lat' dir='ltr'><strong>mirabiliter</strong></span> <span class='ocrx_word' id='word_1_198' title='bbox 1929 1689 1948 1733; x_wconf 92' lang='lat' dir='ltr'><strong>e</strong></span> <span class='ocrx_word' id='word_1_199' title='bbox 1970 1669 2058 1734; x_wconf 88' lang='lat' dir='ltr'><strong>coelo</strong></span> <span class='ocrx_word' id='word_1_200' title='bbox 2079 1669 2259 1736; x_wconf 85' lang='lat' dir='ltr'><strong>descendit</strong></span> 
     </span>
     <span class='ocr_line' id='line_1_16' title="bbox 247 1749 2257 1838; baseline -0.001 -16"><span class='ocrx_word' id='word_1_201' title='bbox 247 1765 331 1834; x_wconf 87' lang='lat' dir='ltr'><strong>tura,</strong></span> <span class='ocrx_word' id='word_1_202' title='bbox 355 1775 396 1820; x_wconf 91' lang='lat' dir='ltr'><strong>ex</strong></span> <span class='ocrx_word' id='word_1_203' title='bbox 416 1754 588 1820; x_wconf 86' lang='lat' dir='ltr'><strong>benedicta</strong></span> <span class='ocrx_word' id='word_1_204' title='bbox 609 1760 643 1816; x_wconf 92' lang='grc'><strong>11</strong></span> <span class='ocrx_word' id='word_1_205' title='bbox 663 1751 849 1817; x_wconf 87' lang='lat' dir='ltr'><strong>maledictu:</strong></span> <span class='ocrx_word' id='word_1_206' title='bbox 883 1753 959 1834; x_wconf 91' lang='lat' dir='ltr'><strong>quia</strong></span> <span class='ocrx_word' id='word_1_207' title='bbox 980 1751 1107 1818; x_wconf 91' lang='lat' dir='ltr'><strong>Paulus</strong></span> <span class='ocrx_word' id='word_1_208' title='bbox 1128 1749 1221 1816; x_wconf 87' lang='lat' dir='ltr'><strong>dam·</strong></span> <span class='ocrx_word' id='word_1_209' title='bbox 1272 1752 1360 1817; x_wconf 88' lang='lat' dir='ltr'><strong>filius</strong></span> <span class='ocrx_word' id='word_1_210' title='bbox 1381 1751 1455 1830; x_wconf 88' lang='lat' dir='ltr'><strong>Dei,</strong></span> <span class='ocrx_word' id='word_1_211' title='bbox 1478 1761 1517 1817; x_wconf 89' lang='lat' dir='ltr'><strong>ut</strong></span> <span class='ocrx_word' id='word_1_212' title='bbox 1537 1753 1663 1819; x_wconf 90' lang='lat' dir='ltr'><strong>coelum</strong></span> <span class='ocrx_word' id='word_1_213' title='bbox 1685 1763 1796 1820; x_wconf 81' lang='grc'><strong>11111111</strong></span> <span class='ocrx_word' id='word_1_214' title='bbox 1818 1775 1885 1819; x_wconf 91' lang='lat' dir='ltr'><strong>non</strong></span> <span class='ocrx_word' id='word_1_215' title='bbox 1906 1755 2120 1838; x_wconf 88' lang='lat' dir='ltr'><strong>relinqueret:</strong></span> <span class='ocrx_word' id='word_1_216' title='bbox 2145 1757 2257 1820; x_wconf 86' lang='lat' dir='ltr'><strong>mira-</strong></span> 
     </span>
     <span class='ocr_line' id='line_1_17' title="bbox 247 1831 2259 1925; baseline -0.001 -17"><span class='ocrx_word' id='word_1_217' title='bbox 247 1851 362 1908; x_wconf 89' lang='lat' dir='ltr'><strong>natum</strong></span> <span class='ocrx_word' id='word_1_218' title='bbox 384 1861 456 1908; x_wconf 86' lang='lat' dir='ltr'><strong>esee</strong></span> <span class='ocrx_word' id='word_1_219' title='bbox 483 1840 640 1904; x_wconf 85' lang='lat' dir='ltr'><strong>incarne</strong></span> <span class='ocrx_word' id='word_1_220' title='bbox 668 1847 838 1920; x_wconf 88' lang='lat' dir='ltr'><strong>peceatum</strong></span> <span class='ocrx_word' id='word_1_221' title='bbox 865 1839 1086 1920; x_wconf 89' lang='lat' dir='ltr'><strong>pronuncians</strong></span> <span class='ocrx_word' id='word_1_222' title='bbox 1109 1831 1218 1920; x_wconf 86' lang='lat' dir='ltr'><strong>(Rom.</strong></span> <span class='ocrx_word' id='word_1_223' title='bbox 1272 1837 1383 1904; x_wconf 92' lang='lat' dir='ltr'><strong>biliter</strong></span> <span class='ocrx_word' id='word_1_224' title='bbox 1403 1837 1438 1903; x_wconf 92' lang='lat' dir='ltr'><strong>in</strong></span> <span class='ocrx_word' id='word_1_225' title='bbox 1460 1847 1555 1903; x_wconf 89' lang='lat' dir='ltr'><strong>utero</strong></span> <span class='ocrx_word' id='word_1_226' title='bbox 1578 1841 1714 1924; x_wconf 85' lang='lat' dir='ltr'><strong>virginis</strong></span> <span class='ocrx_word' id='word_1_227' title='bbox 1732 1837 1862 1925; x_wconf 72' lang='lat' dir='ltr'><strong>gestari,</strong></span> <span class='ocrx_word' id='word_1_228' title='bbox 1885 1841 1922 1922; x_wconf 85' lang='lat' dir='ltr'><strong>in</strong></span> <span class='ocrx_word' id='word_1_229' title='bbox 1939 1841 2037 1906; x_wconf 90' lang='lat' dir='ltr'><strong>terrie</strong></span> <span class='ocrx_word' id='word_1_230' title='bbox 2054 1843 2195 1921; x_wconf 84' lang='lat' dir='ltr'><strong>versari,</strong></span> <span class='ocrx_word' id='word_1_231' title='bbox 2221 1851 2259 1907; x_wconf 91' lang='lat' dir='ltr'><strong>et</strong></span> 
     </span>
     <span class='ocr_line' id='line_1_18' title="bbox 246 1922 2258 2011; baseline -0 -17"><span class='ocrx_word' id='word_1_232' title='bbox 246 1933 276 2008; x_wconf 89' lang='lat'><strong>8,</strong></span> <span class='ocrx_word' id='word_1_233' title='bbox 296 1929 341 2011; x_wconf 89' lang='lat'><strong>3),</strong></span> <span class='ocrx_word' id='word_1_234' title='bbox 364 1926 544 2009; x_wconf 87' lang='lat' dir='ltr'><strong>prudenter</strong></span> <span class='ocrx_word' id='word_1_235' title='bbox 564 1944 625 1990; x_wconf 90' lang='lat' dir='ltr'><strong>nos</strong></span> <span class='ocrx_word' id='word_1_236' title='bbox 648 1922 689 1988; x_wconf 85' lang='lat' dir='ltr'><strong>ad</strong></span> <span class='ocrx_word' id='word_1_237' title='bbox 707 1923 953 1989; x_wconf 89' lang='lat' dir='ltr'><strong>similitudinem</strong></span> <span class='ocrx_word' id='word_1_238' title='bbox 972 1923 1080 1990; x_wconf 88' lang='lat' dir='ltr'><strong>carnis</strong></span> <span class='ocrx_word' id='word_1_239' title='bbox 1096 1923 1221 2006; x_wconf 87' lang='lat' dir='ltr'><strong>peccati</strong></span> <span class='ocrx_word' id='word_1_240' title='bbox 1273 1924 1308 1988; x_wconf 93' lang='lat' dir='ltr'><strong>in</strong></span> <span class='ocrx_word' id='word_1_241' title='bbox 1326 1945 1421 1990; x_wconf 89' lang='lat' dir='ltr'><strong>eruce</strong></span> <span class='ocrx_word' id='word_1_242' title='bbox 1443 1923 1586 2007; x_wconf 89' lang='lat' dir='ltr'><strong>pendere</strong></span> <span class='ocrx_word' id='word_1_243' title='bbox 1608 1926 1723 2004; x_wconf 87' lang='lat' dir='ltr'><strong>voluit,</strong></span> <span class='ocrx_word' id='word_1_244' title='bbox 1745 1935 1784 1991; x_wconf 88' lang='lat' dir='ltr'><strong>ut</strong></span> <span class='ocrx_word' id='word_1_245' title='bbox 1806 1947 1935 2010; x_wconf 85' lang='lat' dir='ltr'><strong>semper</strong></span> <span class='ocrx_word' id='word_1_246' title='bbox 1952 1927 2112 1992; x_wconf 87' lang='lat' dir='ltr'><strong>mundum</strong></span> <span class='ocrx_word' id='word_1_247' title='bbox 2130 1928 2258 2011; x_wconf 92' lang='lat' dir='ltr'><strong>imple·</strong></span> 
     </span>
     <span class='ocr_line' id='line_1_19' title="bbox 244 2006 2259 2095; baseline -0 -16"><span class='ocrx_word' id='word_1_248' title='bbox 244 2023 385 2080; x_wconf 84' lang='lat' dir='ltr'><strong>revocat</strong></span> <span class='ocrx_word' id='word_1_249' title='bbox 1008 2049 1012 2060; x_wconf 82' lang='lat'><strong>·</strong></span> <span class='ocrx_word' id='word_1_250' title='bbox 1272 2019 1332 2087; x_wconf 91' lang='lat' dir='ltr'><strong>ret,</strong></span> <span class='ocrx_word' id='word_1_251' title='bbox 1356 2011 1440 2074; x_wconf 86' lang='lat' dir='ltr'><strong>sicut</strong></span> <span class='ocrx_word' id='word_1_252' title='bbox 1457 2006 1498 2074; x_wconf 87' lang='lat' dir='ltr'><strong>ab</strong></span> <span class='ocrx_word' id='word_1_253' title='bbox 1515 2011 1625 2076; x_wconf 91' lang='lat' dir='ltr'><strong>initio:</strong></span> <span class='ocrx_word' id='word_1_254' title='bbox 1644 2013 1800 2095; x_wconf 82' lang='lat' dir='ltr'><strong>profanae</strong></span> <span class='ocrx_word' id='word_1_255' title='bbox 1818 2013 1920 2077; x_wconf 87' lang='lat' dir='ltr'><strong>etiam</strong></span> <span class='ocrx_word' id='word_1_256' title='bbox 1936 2013 2084 2078; x_wconf 90' lang='lat' dir='ltr'><strong>inscitiae</strong></span> <span class='ocrx_word' id='word_1_257' title='bbox 2102 2023 2162 2094; x_wconf 86' lang='lat' dir='ltr'><strong>est,</strong></span> <span class='ocrx_word' id='word_1_258' title='bbox 2187 2015 2259 2079; x_wconf 90' lang='lat' dir='ltr'><strong>fin-</strong></span> 
     </span>
    </p>

    <p class='ocr_par' dir='ltr' id='par_1_4' title="bbox 162 2093 2261 2778">
     <span class='ocr_line' id='line_1_20' title="bbox 330 2093 2261 2181; baseline 0.001 -17"><span class='ocrx_word' id='word_1_259' title='bbox 330 2095 754 2170; x_wconf 87' lang='lat' dir='ltr'><strong>Pueriliterratioeinatur,</strong></span> <span class='ocrx_word' id='word_1_260' title='bbox 777 2095 886 2178; x_wconf 90' lang='lat' dir='ltr'><strong>siper</strong></span> <span class='ocrx_word' id='word_1_261' title='bbox 908 2115 1061 2161; x_wconf 86' lang='lat' dir='ltr'><strong>arcanam</strong></span> <span class='ocrx_word' id='word_1_262' title='bbox 1086 2093 1220 2176; x_wconf 87' lang='lat' dir='ltr'><strong>spiritus</strong></span> <span class='ocrx_word' id='word_1_263' title='bbox 1272 2115 1351 2180; x_wconf 87' lang='lat' dir='ltr'><strong>gere</strong></span> <span class='ocrx_word' id='word_1_264' title='bbox 1368 2095 1507 2161; x_wconf 86' lang='lat' dir='ltr'><strong>verbum</strong></span> <span class='ocrx_word' id='word_1_265' title='bbox 1523 2097 1560 2160; x_wconf 91' lang='lat' dir='ltr'><strong>in</strong></span> <span class='ocrx_word' id='word_1_266' title='bbox 1576 2109 1681 2162; x_wconf 88' lang='lat' dir='ltr'><strong>morte</strong></span> <span class='ocrx_word' id='word_1_267' title='bbox 1699 2098 1770 2180; x_wconf 89' lang='lat' dir='ltr'><strong>ipsa</strong></span> <span class='ocrx_word' id='word_1_268' title='bbox 1790 2118 1809 2162; x_wconf 87' lang='lat' dir='ltr'><strong>a</strong></span> <span class='ocrx_word' id='word_1_269' title='bbox 1831 2119 1929 2164; x_wconf 87' lang='lat' dir='ltr'><strong>carne</strong></span> <span class='ocrx_word' id='word_1_270' title='bbox 1946 2106 2146 2181; x_wconf 84' lang='lat' dir='ltr'><strong>separatum.</strong></span> <span class='ocrx_word' id='word_1_271' title='bbox 2182 2098 2261 2166; x_wconf 81' lang='lat' dir='ltr'><strong>Sed</strong></span> 
     </span>
     <span class='ocr_line' id='line_1_21' title="bbox 162 2179 2260 2269; baseline -0 -17"><span class='ocrx_word' id='word_1_272' title='bbox 162 2209 174 2268; x_wconf 61' lang='grc' dir='ltr'>ᾗ</span> <span class='ocrx_word' id='word_1_273' title='bbox 246 2185 468 2269; x_wconf 83' lang='lat' dir='ltr'><strong>operationem</strong></span> <span class='ocrx_word' id='word_1_274' title='bbox 487 2181 619 2265; x_wconf 87' lang='lat' dir='ltr'><strong>genitus</strong></span> <span class='ocrx_word' id='word_1_275' title='bbox 637 2181 700 2245; x_wconf 87' lang='lat' dir='ltr'><strong>luit</strong></span> <span class='ocrx_word' id='word_1_276' title='bbox 722 2179 876 2246; x_wconf 82' lang='lat' dir='ltr'><strong>Christus</strong></span> <span class='ocrx_word' id='word_1_277' title='bbox 894 2203 936 2246; x_wconf 86' lang='lat' dir='ltr'><strong>ex</strong></span> <span class='ocrx_word' id='word_1_278' title='bbox 954 2180 1069 2246; x_wconf 88' lang='lat' dir='ltr'><strong>matris</strong></span> <span class='ocrx_word' id='word_1_279' title='bbox 1087 2179 1221 2254; x_wconf 89' lang='lat' dir='ltr'><strong>semine,</strong></span> <span class='ocrx_word' id='word_1_280' title='bbox 1272 2180 1374 2246; x_wconf 82' lang='lat' dir='ltr'><strong>velim</strong></span> <span class='ocrx_word' id='word_1_281' title='bbox 1396 2203 1527 2246; x_wconf 90' lang='lat' dir='ltr'><strong>rursum</strong></span> <span class='ocrx_word' id='word_1_282' title='bbox 1552 2182 1637 2248; x_wconf 90' lang='lat' dir='ltr'><strong>scire</strong></span> <span class='ocrx_word' id='word_1_283' title='bbox 1659 2205 1700 2248; x_wconf 84' lang='lat' dir='ltr'><strong>ex</strong></span> <span class='ocrx_word' id='word_1_284' title='bbox 1722 2184 1905 2259; x_wconf 77' lang='grc'><strong>1111111111,</strong></span> <span class='ocrx_word' id='word_1_285' title='bbox 1935 2205 2033 2267; x_wconf 88' lang='lat' dir='ltr'><strong>quam</strong></span> <span class='ocrx_word' id='word_1_286' title='bbox 2060 2183 2143 2250; x_wconf 94' lang='lat' dir='ltr'><strong>bene</strong></span> <span class='ocrx_word' id='word_1_287' title='bbox 2171 2204 2260 2251; x_wconf 89' lang='lat' dir='ltr'><strong>con-</strong></span> 
     </span>
     <span class='ocr_line' id='line_1_22' title="bbox 245 2264 2261 2353; baseline 0 -17"><span class='ocrx_word' id='word_1_288' title='bbox 245 2293 313 2336; x_wconf 91' lang='lat' dir='ltr'><strong>non</strong></span> <span class='ocrx_word' id='word_1_289' title='bbox 334 2270 434 2335; x_wconf 87' lang='lat' dir='ltr'><strong>luisse</strong></span> <span class='ocrx_word' id='word_1_290' title='bbox 454 2267 556 2350; x_wconf 86' lang='lat' dir='ltr'><strong>igitur</strong></span> <span class='ocrx_word' id='word_1_291' title='bbox 577 2268 745 2348; x_wconf 90' lang='lat' dir='ltr'><strong>impurum</strong></span> <span class='ocrx_word' id='word_1_292' title='bbox 767 2288 878 2331; x_wconf 90' lang='lat' dir='ltr'><strong>semen</strong></span> <span class='ocrx_word' id='word_1_293' title='bbox 898 2266 1055 2345; x_wconf 89' lang='lat' dir='ltr'><strong>mulieris,</strong></span> <span class='ocrx_word' id='word_1_294' title='bbox 1078 2264 1135 2330; x_wconf 91' lang='lat' dir='ltr'><strong>sed</strong></span> <span class='ocrx_word' id='word_1_295' title='bbox 1156 2265 1221 2328; x_wconf 91' lang='lat' dir='ltr'><strong>viri</strong></span> <span class='ocrx_word' id='word_1_296' title='bbox 1273 2267 1397 2346; x_wconf 84' lang='lat' dir='ltr'><strong>veniat,</strong></span> <span class='ocrx_word' id='word_1_297' title='bbox 1425 2269 1602 2333; x_wconf 84' lang='lat' dir='ltr'><strong>essentiam</strong></span> <span class='ocrx_word' id='word_1_298' title='bbox 1624 2269 1703 2348; x_wconf 89' lang='lat' dir='ltr'><strong>Dei,</strong></span> <span class='ocrx_word' id='word_1_299' title='bbox 1732 2291 1829 2353; x_wconf 87' lang='lat' dir='ltr'><strong>quam</strong></span> <span class='ocrx_word' id='word_1_300' title='bbox 1858 2270 1985 2335; x_wconf 89' lang='lat' dir='ltr'><strong>eoelum</strong></span> <span class='ocrx_word' id='word_1_301' title='bbox 2012 2281 2046 2335; x_wconf 91' lang='lat' dir='ltr'><strong>et</strong></span> <span class='ocrx_word' id='word_1_302' title='bbox 2071 2279 2170 2336; x_wconf 76' lang='lat' dir='ltr'><strong>terra</strong></span> <span class='ocrx_word' id='word_1_303' title='bbox 2184 2293 2261 2338; x_wconf 90' lang='lat' dir='ltr'><strong>non</strong></span> 
     </span>
     <span class='ocr_line' id='line_1_23' title="bbox 246 2349 2260 2440; baseline 0 -18"><span class='ocrx_word' id='word_1_304' title='bbox 246 2357 418 2422; x_wconf 85' lang='lat' dir='ltr'><strong>duntaxat.</strong></span> <span class='ocrx_word' id='word_1_305' title='bbox 472 2352 586 2434; x_wconf 89' lang='lat' dir='ltr'><strong>Neque</strong></span> <span class='ocrx_word' id='word_1_306' title='bbox 619 2353 711 2417; x_wconf 85' lang='lat' dir='ltr'><strong>enim·</strong></span> <span class='ocrx_word' id='word_1_307' title='bbox 737 2351 812 2416; x_wconf 91' lang='lat' dir='ltr'><strong>ideo</strong></span> <span class='ocrx_word' id='word_1_308' title='bbox 844 2353 1025 2418; x_wconf 91' lang='lat' dir='ltr'><strong>immunem</strong></span> <span class='ocrx_word' id='word_1_309' title='bbox 1040 2429 1042 2438; x_wconf 25' lang='grc' dir='ltr'>Ι</span> <span class='ocrx_word' id='word_1_310' title='bbox 1057 2350 1099 2416; x_wconf 89' lang='lat' dir='ltr'><strong>ab</strong></span> <span class='ocrx_word' id='word_1_311' title='bbox 1129 2349 1220 2415; x_wconf 91' lang='lat' dir='ltr'><strong>&#39;omni</strong></span> <span class='ocrx_word' id='word_1_312' title='bbox 1272 2353 1369 2434; x_wconf 89' lang='lat' dir='ltr'><strong>capit,</strong></span> <span class='ocrx_word' id='word_1_313' title='bbox 1392 2353 1549 2436; x_wconf 87' lang='lat' dir='ltr'><strong>exiguum</strong></span> <span class='ocrx_word' id='word_1_314' title='bbox 1570 2365 1689 2438; x_wconf 79' lang='lat' dir='ltr'><strong>eorpus</strong></span> <span class='ocrx_word' id='word_1_315' title='bbox 1718 2377 1788 2421; x_wconf 91' lang='lat' dir='ltr'><strong>esse</strong></span> <span class='ocrx_word' id='word_1_316' title='bbox 1815 2355 1953 2433; x_wconf 87' lang='lat' dir='ltr'><strong>factum,</strong></span> <span class='ocrx_word' id='word_1_317' title='bbox 1983 2355 2068 2440; x_wconf 93' lang='lat' dir='ltr'><strong>quod</strong></span> <span class='ocrx_word' id='word_1_318' title='bbox 2092 2358 2126 2421; x_wconf 92' lang='lat' dir='ltr'><strong>in</strong></span> <span class='ocrx_word' id='word_1_319' title='bbox 2156 2367 2260 2424; x_wconf 89' lang='lat' dir='ltr'><strong>utero</strong></span> 
     </span>
     <span class='ocr_line' id='line_1_24' title="bbox 245 2437 2260 2524; baseline 0 -16"><span class='ocrx_word' id='word_1_320' title='bbox 245 2441 477 2508; x_wconf 85' lang='lat' dir='ltr'><strong>labefacimus</strong></span> <span class='ocrx_word' id='word_1_321' title='bbox 501 2437 686 2516; x_wconf 81' lang='lat' dir='ltr'><strong>Christum,</strong></span> <span class='ocrx_word' id='word_1_322' title='bbox 716 2438 792 2520; x_wconf 92' lang='lat' dir='ltr'><strong>quie</strong></span> <span class='ocrx_word' id='word_1_323' title='bbox 821 2448 950 2503; x_wconf 86' lang='lat' dir='ltr'><strong>tantum</strong></span> <span class='ocrx_word' id='word_1_324' title='bbox 979 2459 1020 2502; x_wconf 86' lang='lat' dir='ltr'><strong>ex</strong></span> <span class='ocrx_word' id='word_1_325' title='bbox 1049 2444 1154 2502; x_wconf 85' lang='lat' dir='ltr'><strong>matre</strong></span> <span class='ocrx_word' id='word_1_326' title='bbox 1176 2437 1223 2501; x_wconf 87' lang='lat' dir='ltr'><strong>sit</strong></span> <span class='ocrx_word' id='word_1_327' title='bbox 1272 2438 1412 2522; x_wconf 84' lang='lat' dir='ltr'><strong>virginis</strong></span> <span class='ocrx_word' id='word_1_328' title='bbox 1438 2448 1473 2503; x_wconf 90' lang='grc'><strong>11</strong></span> <span class='ocrx_word' id='word_1_329' title='bbox 1502 2440 1537 2503; x_wconf 92' lang='lat' dir='ltr'><strong>in</strong></span> <span class='ocrx_word' id='word_1_330' title='bbox 1565 2440 1713 2524; x_wconf 87' lang='lat' dir='ltr'><strong>sepulcro</strong></span> <span class='ocrx_word' id='word_1_331' title='bbox 1742 2441 1883 2506; x_wconf 88' lang='lat' dir='ltr'><strong>latuerit.</strong></span> <span class='ocrx_word' id='word_1_332' title='bbox 1932 2441 2064 2506; x_wconf 92' lang='lat' dir='ltr'><strong>Nodum</strong></span> <span class='ocrx_word' id='word_1_333' title='bbox 2086 2443 2194 2522; x_wconf 90' lang='lat' dir='ltr'><strong>huno,</strong></span> <span class='ocrx_word' id='word_1_334' title='bbox 2226 2445 2260 2511; x_wconf 91' lang='lat' dir='ltr'><strong>si</strong></span> 
     </span>
     <span class='ocr_line' id='line_1_25' title="bbox 246 2523 2260 2614; baseline 0.001 -22"><span class='ocrx_word' id='word_1_335' title='bbox 246 2528 387 2614; x_wconf 88' lang='lat' dir='ltr'><strong>genitus,</strong></span> <span class='ocrx_word' id='word_1_336' title='bbox 410 2525 467 2590; x_wconf 90' lang='lat' dir='ltr'><strong>sed</strong></span> <span class='ocrx_word' id='word_1_337' title='bbox 488 2524 565 2607; x_wconf 80' lang='lat' dir='ltr'><strong>quia</strong></span> <span class='ocrx_word' id='word_1_338' title='bbox 587 2525 807 2590; x_wconf 83' lang='lat' dir='ltr'><strong>sanctificatus</strong></span> <span class='ocrx_word' id='word_1_339' title='bbox 826 2534 877 2589; x_wconf 91' lang='lat' dir='ltr'><strong>eet</strong></span> <span class='ocrx_word' id='word_1_340' title='bbox 893 2545 913 2588; x_wconf 87' lang='lat' dir='ltr'><strong>a</strong></span> <span class='ocrx_word' id='word_1_341' title='bbox 932 2523 1059 2607; x_wconf 90' lang='lat' dir='ltr'><strong>spiritu,</strong></span> <span class='ocrx_word' id='word_1_342' title='bbox 1083 2531 1121 2587; x_wconf 90' lang='lat' dir='ltr'><strong>ut</strong></span> <span class='ocrx_word' id='word_1_343' title='bbox 1138 2543 1221 2605; x_wconf 86' lang='lat' dir='ltr'><strong>pura</strong></span> <span class='ocrx_word' id='word_1_344' title='bbox 1272 2533 1395 2606; x_wconf 91' lang='lat' dir='ltr'><strong>potest,</strong></span> <span class='ocrx_word' id='word_1_345' title='bbox 1429 2524 1596 2607; x_wconf 85' lang='lat' dir='ltr'><strong>expediat,</strong></span> <span class='ocrx_word' id='word_1_346' title='bbox 1631 2525 1792 2610; x_wconf 86' lang='lat' dir='ltr'><strong>quomodo</strong></span> <span class='ocrx_word' id='word_1_347' title='bbox 1819 2528 1912 2593; x_wconf 88' lang='lat' dir='ltr'><strong>Deus</strong></span> <span class='ocrx_word' id='word_1_348' title='bbox 1939 2528 2052 2592; x_wconf 91' lang='lat' dir='ltr'><strong>eodem</strong></span> <span class='ocrx_word' id='word_1_349' title='bbox 2080 2540 2260 2596; x_wconf 88' lang='lat' dir='ltr'><strong>momento</strong></span> 
     </span>
     <span class='ocr_line' id='line_1_26' title="bbox 246 2609 2260 2760; baseline -0 -80"><span class='ocrx_word' id='word_1_350' title='bbox 246 2621 334 2680; x_wconf 88' lang='lat' dir='ltr'><strong>esset</strong></span> <span class='ocrx_word' id='word_1_351' title='bbox 355 2611 522 2696; x_wconf 85' lang='lat' dir='ltr'><strong>generatio</strong></span> <span class='ocrx_word' id='word_1_352' title='bbox 545 2617 578 2674; x_wconf 93' lang='lat' dir='ltr'><strong>et</strong></span> <span class='ocrx_word' id='word_1_353' title='bbox 598 2611 743 2693; x_wconf 82' lang='lat' dir='ltr'><strong>integra,</strong></span> <span class='ocrx_word' id='word_1_354' title='bbox 771 2609 877 2692; x_wconf 86' lang='lat' dir='ltr'><strong>qualis</strong></span> <span class='ocrx_word' id='word_1_355' title='bbox 892 2611 1015 2675; x_wconf 73' lang='lat' dir='ltr'><strong>dotare</strong></span> <span class='ocrx_word' id='word_1_356' title='bbox 1043 2618 1115 2674; x_wconf 88' lang='lat' dir='ltr'><strong>erat</strong></span> <span class='ocrx_word' id='word_1_357' title='bbox 1143 2617 1220 2673; x_wconf 89' lang='lat' dir='ltr'><strong>ante</strong></span> <span class='ocrx_word' id='word_1_358' title='bbox 1271 2610 1511 2760; x_wconf 60' lang='grc'><strong>1111111111</strong></span> <span class='ocrx_word' id='word_1_359' title='bbox 1533 2611 1686 2696; x_wconf 86' lang='lat' dir='ltr'><strong>spiritus,</strong></span> <span class='ocrx_word' id='word_1_360' title='bbox 1714 2615 1802 2678; x_wconf 89' lang='lat' dir='ltr'><strong>etin</strong></span> <span class='ocrx_word' id='word_1_361' title='bbox 1824 2621 1914 2678; x_wconf 87' lang='lat' dir='ltr'><strong>terra</strong></span> <span class='ocrx_word' id='word_1_362' title='bbox 1935 2614 2035 2678; x_wconf 84' lang='lat' dir='ltr'><strong>luerit</strong></span> <span class='ocrx_word' id='word_1_363' title='bbox 2057 2614 2157 2680; x_wconf 91' lang='lat' dir='ltr'><strong>homo</strong></span> <span class='ocrx_word' id='word_1_364' title='bbox 2181 2617 2260 2699; x_wconf 78' lang='lat' dir='ltr'><strong>pnl-</strong></span> 
     </span>
     <span class='ocr_line' id='line_1_27' title="bbox 245 2695 2077 2778; baseline -0.003 -14"><span class='ocrx_word' id='word_1_365' title='bbox 245 2700 279 2766; x_wconf 90' lang='lat' dir='ltr'><strong>la</strong></span> <span class='ocrx_word' id='word_1_366' title='bbox 302 2717 385 2765; x_wconf 88' lang='lat' dir='ltr'><strong>eum.</strong></span> <span class='ocrx_word' id='word_1_367' title='bbox 1139 2761 1145 2774; x_wconf 75' lang='grc'><em>,</em></span> <span class='ocrx_word' id='word_1_368' title='bbox 1271 2716 1314 2778; x_wconf 88' lang='grc'><strong>11</strong></span> <span class='ocrx_word' id='word_1_369' title='bbox 1338 2696 1344 2709; x_wconf 88' lang='grc'><strong>’</strong></span> <span class='ocrx_word' id='word_1_370' title='bbox 1364 2695 1398 2761; x_wconf 83' lang='grc'><strong>’1.</strong></span> <span class='ocrx_word' id='word_1_371' title='bbox 1960 2705 1970 2730; x_wconf 89' lang='grc'><em>·</em></span> <span class='ocrx_word' id='word_1_372' title='bbox 2070 2741 2077 2758; x_wconf 93' lang='grc'>.</span> 
     </span>
    </p>

    <p class='ocr_par' dir='ltr' id='par_1_5' title="bbox 246 2721 2261 3122">
     <span class='ocr_line' id='line_1_28' title="bbox 280 2721 2261 2872; baseline 0.002 -23"><span class='ocrx_word' id='word_1_373' title='bbox 280 2721 300 2784; x_wconf 73' lang='lat' dir='ltr'>p</span> <span class='ocrx_word' id='word_1_374' title='bbox 324 2782 430 2865; x_wconf 66' lang='lat' dir='ltr'><strong>Quod</strong></span> <span class='ocrx_word' id='word_1_375' title='bbox 453 2789 566 2864; x_wconf 83' lang='lat' dir='ltr'><strong>postea</strong></span> <span class='ocrx_word' id='word_1_376' title='bbox 588 2780 728 2860; x_wconf 90' lang='lat' dir='ltr'><strong>subiicit,</strong></span> <span class='ocrx_word' id='word_1_377' title='bbox 751 2787 853 2846; x_wconf 87' lang='lat' dir='ltr'><strong>totam</strong></span> <span class='ocrx_word' id='word_1_378' title='bbox 864 2779 957 2844; x_wconf 81' lang='lat' dir='ltr'><strong>Adae</strong></span> <span class='ocrx_word' id='word_1_379' title='bbox 979 2778 1124 2846; x_wconf 90' lang='lat' dir='ltr'><strong>sobolem</strong></span> <span class='ocrx_word' id='word_1_380' title='bbox 1146 2779 1220 2844; x_wconf 87' lang='lat' dir='ltr'><strong>abs·</strong></span> <span class='ocrx_word' id='word_1_381' title='bbox 1323 2839 1327 2848; x_wconf 89' lang='lat'>.</span> <span class='ocrx_word' id='word_1_382' title='bbox 1358 2782 1431 2848; x_wconf 93' lang='lat' dir='ltr'><strong>Hoo</strong></span> <span class='ocrx_word' id='word_1_383' title='bbox 1453 2803 1531 2848; x_wconf 88' lang='lat' dir='ltr'><strong>eane</strong></span> <span class='ocrx_word' id='word_1_384' title='bbox 1553 2782 1656 2872; x_wconf 75' lang='lat' dir='ltr'><strong>yidec,</strong></span> <span class='ocrx_word' id='word_1_385' title='bbox 1680 2783 1764 2848; x_wconf 90' lang='lat' dir='ltr'><strong>nihil</strong></span> <span class='ocrx_word' id='word_1_386' title='bbox 1781 2783 1843 2850; x_wconf 91' lang='lat' dir='ltr'><strong>hoc</strong></span> <span class='ocrx_word' id='word_1_387' title='bbox 1861 2785 1953 2849; x_wconf 88' lang='lat' dir='ltr'><strong>asino</strong></span> <span class='ocrx_word' id='word_1_388' title='bbox 1971 2805 2066 2868; x_wconf 88' lang='lat' dir='ltr'><strong>posse</strong></span> <span class='ocrx_word' id='word_1_389' title='bbox 2087 2787 2172 2870; x_wconf 83' lang='lat' dir='ltr'><strong>fingi</strong></span> <span class='ocrx_word' id='word_1_390' title='bbox 2199 2809 2261 2853; x_wconf 87' lang='lat' dir='ltr'><strong>eu-</strong></span> 
     </span>
     <span class='ocr_line' id='line_1_29' title="bbox 246 2863 1938 2956; baseline -0.002 -19"><span class='ocrx_word' id='word_1_391' title='bbox 246 2891 308 2956; x_wconf 91' lang='lat' dir='ltr'><strong>que</strong></span> <span class='ocrx_word' id='word_1_392' title='bbox 331 2868 521 2951; x_wconf 77' lang='lat' dir='ltr'><strong>exceptione</strong></span> <span class='ocrx_word' id='word_1_393' title='bbox 542 2867 602 2932; x_wconf 91' lang='lat' dir='ltr'><strong>sub</strong></span> <span class='ocrx_word' id='word_1_394' title='bbox 624 2874 754 2950; x_wconf 85' lang='lat' dir='ltr'><strong>peccato</strong></span> <span class='ocrx_word' id='word_1_395' title='bbox 776 2863 935 2944; x_wconf 88' lang='lat' dir='ltr'><strong>concludi,</strong></span> <span class='ocrx_word' id='word_1_396' title='bbox 957 2865 1094 2948; x_wconf 93' lang='lat' dir='ltr'><strong>ideoque</strong></span> <span class='ocrx_word' id='word_1_397' title='bbox 1105 2864 1220 2930; x_wconf 79' lang='grc'><strong>(111111-</strong></span> <span class='ocrx_word' id='word_1_398' title='bbox 1272 2867 1415 2950; x_wconf 90' lang='lat' dir='ltr'><strong>perbius,</strong></span> <span class='ocrx_word' id='word_1_399' title='bbox 1438 2869 1523 2933; x_wconf 91' lang='lat' dir='ltr'><strong>nihil</strong></span> <span class='ocrx_word' id='word_1_400' title='bbox 1542 2869 1744 2952; x_wconf 87' lang='lat' dir='ltr'><strong>petulantius</strong></span> <span class='ocrx_word' id='word_1_401' title='bbox 1765 2869 1827 2936; x_wconf 89' lang='lat' dir='ltr'><strong>hoo</strong></span> <span class='ocrx_word' id='word_1_402' title='bbox 1844 2890 1938 2936; x_wconf 84' lang='grc'><strong>11111.</strong></span> 
     </span>
     <span class='ocr_line' id='line_1_30' title="bbox 246 2952 1770 3036; baseline -0.004 -14"><span class='ocrx_word' id='word_1_403' title='bbox 246 2967 328 3035; x_wconf 91' lang='lat' dir='ltr'><strong>tum,</strong></span> <span class='ocrx_word' id='word_1_404' title='bbox 357 2955 384 3020; x_wconf 92' lang='lat' dir='ltr'><strong>si</strong></span> <span class='ocrx_word' id='word_1_405' title='bbox 407 2976 449 3019; x_wconf 84' lang='lat' dir='ltr'><strong>ex</strong></span> <span class='ocrx_word' id='word_1_406' title='bbox 470 2953 659 3019; x_wconf 92' lang='lat' dir='ltr'><strong>hominibus</strong></span> <span class='ocrx_word' id='word_1_407' title='bbox 682 2952 843 3036; x_wconf 76' lang='lat' dir='ltr'><strong>originem</strong></span> <span class='ocrx_word' id='word_1_408' title='bbox 866 2952 1013 3031; x_wconf 86' lang='lat' dir='ltr'><strong>traxerit,</strong></span> <span class='ocrx_word' id='word_1_409' title='bbox 1036 2972 1102 3016; x_wconf 93' lang='lat' dir='ltr'><strong>non</strong></span> <span class='ocrx_word' id='word_1_410' title='bbox 1124 2972 1219 3036; x_wconf 90' lang='lat' dir='ltr'><strong>posse</strong></span> <span class='ocrx_word' id='word_1_411' title='bbox 1276 2991 1279 2996; x_wconf 92' lang='lat'>·</span> <span class='ocrx_word' id='word_1_412' title='bbox 1355 2997 1361 3012; x_wconf 89' lang='lat'><strong>.</strong></span> <span class='ocrx_word' id='word_1_413' title='bbox 1765 2981 1770 2994; x_wconf 94' lang='lat'><strong>·</strong></span> 
     </span>
     <span class='ocr_line' id='line_1_31' title="bbox 247 3037 1220 3122; baseline -0.007 -13"><span class='ocrx_word' id='word_1_414' title='bbox 247 3041 348 3109; x_wconf 89' lang='lat' dir='ltr'><strong>eximi</strong></span> <span class='ocrx_word' id='word_1_415' title='bbox 370 3061 390 3104; x_wconf 86' lang='lat' dir='ltr'><strong>a</strong></span> <span class='ocrx_word' id='word_1_416' title='bbox 412 3039 579 3106; x_wconf 86' lang='lat' dir='ltr'><strong>communi</strong></span> <span class='ocrx_word' id='word_1_417' title='bbox 600 3038 688 3122; x_wconf 90' lang='lat' dir='ltr'><strong>lege,</strong></span> <span class='ocrx_word' id='word_1_418' title='bbox 715 3037 808 3104; x_wconf 81' lang='lat' dir='ltr'><strong>facile</strong></span> <span class='ocrx_word' id='word_1_419' title='bbox 837 3037 934 3103; x_wconf 85' lang='lat' dir='ltr'><strong>solvit</strong></span> <span class='ocrx_word' id='word_1_420' title='bbox 948 3037 1135 3103; x_wconf 77' lang='lat' dir='ltr'><strong>antithesis</strong></span> <span class='ocrx_word' id='word_1_421' title='bbox 1156 3059 1220 3121; x_wconf 89' lang='lat' dir='ltr'><strong>qua</strong></span> 
     </span>
    </p>
   </div>
   <div class='ocr_carea' id='block_1_3' title="bbox 246 3122 2264 3240">
    <p class='ocr_par' dir='ltr' id='par_1_6' title="bbox 246 3122 2264 3240">
     <span class='ocr_line' id='line_1_32' title="bbox 246 3122 2264 3240; baseline 0.01 -41"><span class='ocrx_word' id='word_1_422' title='bbox 246 3130 352 3195; x_wconf 86' lang='lat' dir='ltr'><strong>utitur</strong></span> <span class='ocrx_word' id='word_1_423' title='bbox 378 3125 503 3192; x_wconf 80' lang='lat' dir='ltr'><strong>Paulus</strong></span> <span class='ocrx_word' id='word_1_424' title='bbox 532 3124 574 3190; x_wconf 77' lang='lat' dir='ltr'><strong>au</strong></span> <span class='ocrx_word' id='word_1_425' title='bbox 600 3125 767 3190; x_wconf 79' lang='lat' dir='ltr'><strong>Romanos</strong></span> <span class='ocrx_word' id='word_1_426' title='bbox 795 3145 863 3207; x_wconf 67' lang='lat'><strong>⁰³1&gt;-</strong></span> <span class='ocrx_word' id='word_1_427' title='bbox 895 3129 929 3203; x_wconf 82' lang='lat'><strong>5,</strong></span> <span class='ocrx_word' id='word_1_428' title='bbox 957 3145 987 3189; x_wconf 85' lang='lat' dir='ltr'><strong>v.</strong></span> <span class='ocrx_word' id='word_1_429' title='bbox 1017 3127 1074 3189; x_wconf 88' lang='lat'><strong>12:</strong></span> <span class='ocrx_word' id='word_1_430' title='bbox 1114 3122 1225 3196; x_wconf 73' lang='lat' dir='ltr'><strong>sicuti</strong></span> <span class='ocrx_word' id='word_1_431' title='bbox 1272 3157 1305 3212; x_wconf 85' lang='lat' dir='ltr'><strong>er</strong></span> <span class='ocrx_word' id='word_1_432' title='bbox 1322 3157 1394 3226; x_wconf 79' lang='lat' dir='ltr'><strong>qus</strong></span> <span class='ocrx_word' id='word_1_433' title='bbox 1408 3157 1519 3213; x_wconf 75' lang='lat' dir='ltr'><strong>aeno</strong></span> <span class='ocrx_word' id='word_1_434' title='bbox 1533 3158 1740 3214; x_wconf 79' lang='grc'><strong>1111111111</strong></span> <span class='ocrx_word' id='word_1_435' title='bbox 1754 3159 1910 3214; x_wconf 83' lang='lat' dir='ltr'><strong>coucuu</strong></span> <span class='ocrx_word' id='word_1_436' title='bbox 1923 3159 2153 3240; x_wconf 72' lang='lat' dir='ltr'><strong>suniemirus</strong></span> <span class='ocrx_word' id='word_1_437' title='bbox 2164 3163 2264 3220; x_wconf 77' lang='lat' dir='ltr'><strong>naar</strong></span> 
     </span>
    </p>
   </div>
   <div class='ocr_carea' id='block_1_4' title="bbox 135 3211 1840 3311">
    <p class='ocr_par' dir='ltr' id='par_1_7' title="bbox 135 3211 1840 3311">
     <span class='ocr_line' id='line_1_33' title="bbox 135 3211 1840 3311; baseline 0.001 -33"><span class='ocrx_word' id='word_1_438' title='bbox 135 3228 141 3244; x_wconf 94' lang='grc'>·</span> <span class='ocrx_word' id='word_1_439' title='bbox 246 3235 308 3300; x_wconf 90' lang='lat' dir='ltr'><strong>per</strong></span> <span class='ocrx_word' id='word_1_440' title='bbox 339 3225 442 3278; x_wconf 88' lang='lat' dir='ltr'><strong>ulrum</strong></span> <span class='ocrx_word' id='word_1_441' title='bbox 475 3211 642 3276; x_wconf 86' lang='lat' dir='ltr'><strong>hominem</strong></span> <span class='ocrx_word' id='word_1_442' title='bbox 673 3218 856 3293; x_wconf 87' lang='lat' dir='ltr'><strong>peecatum,</strong></span> <span class='ocrx_word' id='word_1_443' title='bbox 875 3267 879 3276; x_wconf 88' lang='lat'><em>.</em></span> <span class='ocrx_word' id='word_1_444' title='bbox 895 3218 929 3276; x_wconf 89' lang='lat' dir='ltr'><strong>et</strong></span> <span class='ocrx_word' id='word_1_445' title='bbox 959 3231 1017 3294; x_wconf 93' lang='lat' dir='ltr'><strong>per</strong></span> <span class='ocrx_word' id='word_1_446' title='bbox 1050 3219 1221 3294; x_wconf 90' lang='lat' dir='ltr'><strong>peceatum</strong></span> <span class='ocrx_word' id='word_1_447' title='bbox 1429 3275 1433 3285; x_wconf 92' lang='grc'>,</span> <span class='ocrx_word' id='word_1_448' title='bbox 1675 3229 1840 3311; x_wconf 60' lang='grc'><strong>1031111)</strong></span> 
     </span>
    </p>
   </div>
   <div class='ocr_carea' id='block_1_5' title="bbox 246 3293 2264 5010">
    <p class='ocr_par' dir='ltr' id='par_1_8' title="bbox 246 3293 2264 5010">
     <span class='ocr_line' id='line_1_34' title="bbox 246 3293 1756 3381; baseline -0.004 -15"><span class='ocrx_word' id='word_1_449' title='bbox 246 3321 346 3380; x_wconf 83' lang='lat' dir='ltr'><strong>mors,</strong></span> <span class='ocrx_word' id='word_1_450' title='bbox 368 3299 415 3363; x_wconf 85' lang='lat' dir='ltr'><strong>ita</strong></span> <span class='ocrx_word' id='word_1_451' title='bbox 435 3297 471 3362; x_wconf 92' lang='lat' dir='ltr'><strong>in</strong></span> <span class='ocrx_word' id='word_1_452' title='bbox 493 3297 600 3381; x_wconf 86' lang='lat' dir='ltr'><strong>gratia</strong></span> <span class='ocrx_word' id='word_1_453' title='bbox 620 3297 728 3362; x_wconf 90' lang='lat' dir='ltr'><strong>unius·</strong></span> <span class='ocrx_word' id='word_1_454' title='bbox 742 3296 885 3362; x_wconf 91' lang='lat' dir='ltr'><strong>hominis</strong></span> <span class='ocrx_word' id='word_1_455' title='bbox 896 3293 1021 3362; x_wconf 79' lang='lat' dir='ltr'><strong>Christi</strong></span> <span class='ocrx_word' id='word_1_456' title='bbox 1040 3295 1222 3362; x_wconf 84' lang='lat' dir='ltr'><strong>abundavit</strong></span> <span class='ocrx_word' id='word_1_457' title='bbox 1471 3311 1473 3314; x_wconf 86' lang='grc'><strong><em>·</em></strong></span> <span class='ocrx_word' id='word_1_458' title='bbox 1752 3327 1756 3338; x_wconf 85' lang='grc'><em>·</em></span> 
     </span>
     <span class='ocr_line' id='line_1_35' title="bbox 247 3371 2262 3472; baseline 0.001 -21"><span class='ocrx_word' id='word_1_459' title='bbox 247 3385 362 3472; x_wconf 86' lang='lat' dir='ltr'><strong>grstia.</strong></span> <span class='ocrx_word' id='word_1_460' title='bbox 406 3384 493 3448; x_wconf 92' lang='lat' dir='ltr'><strong>Item</strong></span> <span class='ocrx_word' id='word_1_461' title='bbox 519 3388 545 3446; x_wconf 91' lang='lat'><strong>1.</strong></span> <span class='ocrx_word' id='word_1_462' title='bbox 565 3381 638 3448; x_wconf 86' lang='lat' dir='ltr'><strong>Gor.</strong></span> <span class='ocrx_word' id='word_1_463' title='bbox 665 3387 713 3460; x_wconf 87' lang='lat'><strong>15,</strong></span> <span class='ocrx_word' id='word_1_464' title='bbox 732 3371 782 3447; x_wconf 82' lang='grc'><strong>41.</strong></span> <span class='ocrx_word' id='word_1_465' title='bbox 811 3382 901 3448; x_wconf 84' lang='grc' dir='ltr'><strong>·Ν11</strong></span> <span class='ocrx_word' id='word_1_466' title='bbox 923 3381 1051 3460; x_wconf 83' lang='lat' dir='ltr'><strong>obstitit</strong></span> <span class='ocrx_word' id='word_1_467' title='bbox 1072 3381 1221 3448; x_wconf 88' lang='lat' dir='ltr'><strong>acciden-</strong></span> <span class='ocrx_word' id='word_1_468' title='bbox 1359 3385 1407 3466; x_wconf 85' lang='lat' dir='ltr'><strong>Ut</strong></span> <span class='ocrx_word' id='word_1_469' title='bbox 1434 3386 1534 3450; x_wconf 88' lang='lat' dir='ltr'><strong>finem</strong></span> <span class='ocrx_word' id='word_1_470' title='bbox 1562 3383 1695 3448; x_wconf 84' lang='lat' dir='ltr'><strong>tandem</strong></span> <span class='ocrx_word' id='word_1_471' title='bbox 1725 3383 1869 3452; x_wconf 86' lang='lat' dir='ltr'><strong>habeant</strong></span> <span class='ocrx_word' id='word_1_472' title='bbox 1896 3384 2012 3450; x_wconf 87' lang='lat' dir='ltr'><strong>turbae</strong></span> <span class='ocrx_word' id='word_1_473' title='bbox 2040 3391 2075 3448; x_wconf 91' lang='grc'><strong>11</strong></span> <span class='ocrx_word' id='word_1_474' title='bbox 2102 3383 2262 3469; x_wconf 85' lang='lat' dir='ltr'><strong>dissidia,</strong></span> 
     </span>
     <span class='ocr_line' id='line_1_36' title="bbox 247 3466 2260 3554; baseline 0.001 -16"><span class='ocrx_word' id='word_1_475' title='bbox 247 3471 324 3538; x_wconf 80' lang='lat' dir='ltr'><strong>talis</strong></span> <span class='ocrx_word' id='word_1_476' title='bbox 346 3469 512 3553; x_wconf 90' lang='lat' dir='ltr'><strong>corruptio</strong></span> <span class='ocrx_word' id='word_1_477' title='bbox 533 3466 636 3547; x_wconf 84' lang='lat' dir='ltr'><strong>Adue,</strong></span> <span class='ocrx_word' id='word_1_478' title='bbox 657 3469 832 3552; x_wconf 91' lang='lat' dir='ltr'><strong>quominus</strong></span> <span class='ocrx_word' id='word_1_479' title='bbox 853 3489 956 3552; x_wconf 89' lang='lat' dir='ltr'><strong>purus</strong></span> <span class='ocrx_word' id='word_1_480' title='bbox 978 3477 1013 3533; x_wconf 90' lang='lat' dir='ltr'><strong>et</strong></span> <span class='ocrx_word' id='word_1_481' title='bbox 1033 3466 1162 3553; x_wconf 80' lang='lat' dir='ltr'><strong>integer</strong></span> <span class='ocrx_word' id='word_1_482' title='bbox 1179 3489 1221 3532; x_wconf 87' lang='lat' dir='ltr'><strong>ex</strong></span> <span class='ocrx_word' id='word_1_483' title='bbox 1274 3469 1391 3553; x_wconf 92' lang='lat' dir='ltr'><strong>quibus</strong></span> <span class='ocrx_word' id='word_1_484' title='bbox 1413 3469 1583 3536; x_wconf 82' lang='lat' dir='ltr'><strong>ecelesiam</strong></span> <span class='ocrx_word' id='word_1_485' title='bbox 1601 3471 1736 3536; x_wconf 84' lang='lat' dir='ltr'><strong>scissam</strong></span> <span class='ocrx_word' id='word_1_486' title='bbox 1754 3477 1787 3534; x_wconf 92' lang='lat' dir='ltr'><strong>et</strong></span> <span class='ocrx_word' id='word_1_487' title='bbox 1803 3469 1980 3534; x_wconf 85' lang='lat' dir='ltr'><strong>laceratam</strong></span> <span class='ocrx_word' id='word_1_488' title='bbox 1996 3490 2067 3536; x_wconf 89' lang='lat' dir='ltr'><strong>esee</strong></span> <span class='ocrx_word' id='word_1_489' title='bbox 2086 3471 2260 3554; x_wconf 85' lang='lat' dir='ltr'><strong>videmus,</strong></span> 
     </span>
     <span class='ocr_line' id='line_1_37' title="bbox 247 3551 1936 3640; baseline -0.002 -16"><span class='ocrx_word' id='word_1_490' title='bbox 247 3580 285 3624; x_wconf 91' lang='lat' dir='ltr'><strong>eo</strong></span> <span class='ocrx_word' id='word_1_491' title='bbox 307 3563 497 3622; x_wconf 84' lang='lat' dir='ltr'><strong>nasceretur</strong></span> <span class='ocrx_word' id='word_1_492' title='bbox 514 3553 676 3620; x_wconf 79' lang='lat' dir='ltr'><strong>Christus</strong></span> <span class='ocrx_word' id='word_1_493' title='bbox 730 3551 733 3561; x_wconf 64' lang='grc'>“</span> <span class='ocrx_word' id='word_1_494' title='bbox 1273 3577 1355 3640; x_wconf 88' lang='lat' dir='ltr'><strong>opus</strong></span> <span class='ocrx_word' id='word_1_495' title='bbox 1377 3565 1428 3622; x_wconf 91' lang='lat' dir='ltr'><strong>est</strong></span> <span class='ocrx_word' id='word_1_496' title='bbox 1445 3556 1547 3621; x_wconf 89' lang='lat' dir='ltr'><strong>libero</strong></span> <span class='ocrx_word' id='word_1_497' title='bbox 1570 3563 1603 3620; x_wconf 91' lang='lat' dir='ltr'><strong>et</strong></span> <span class='ocrx_word' id='word_1_498' title='bbox 1625 3555 1770 3638; x_wconf 88' lang='lat' dir='ltr'><strong>generali</strong></span> <span class='ocrx_word' id='word_1_499' title='bbox 1792 3555 1936 3621; x_wconf 87' lang='lat' dir='ltr'><strong>concilio.</strong></span> 
     </span>
     <span class='ocr_line' id='line_1_38' title="bbox 332 3637 2259 3726; baseline 0.003 -19"><span class='ocrx_word' id='word_1_500' title='bbox 332 3641 559 3707; x_wconf 63' lang='lat' dir='ltr'><strong>Iam&#39;firmum</strong></span> <span class='ocrx_word' id='word_1_501' title='bbox 579 3640 680 3705; x_wconf 88' lang='lat' dir='ltr'><strong>etiam</strong></span> <span class='ocrx_word' id='word_1_502' title='bbox 701 3637 783 3704; x_wconf 92' lang='lat' dir='ltr'><strong>illud</strong></span> <span class='ocrx_word' id='word_1_503' title='bbox 805 3647 864 3718; x_wconf 90' lang='lat' dir='ltr'><strong>est,</strong></span> <span class='ocrx_word' id='word_1_504' title='bbox 887 3655 947 3706; x_wconf 90' lang='lat' dir='ltr'><strong>nec</strong></span> <span class='ocrx_word' id='word_1_505' title='bbox 969 3639 1145 3706; x_wconf 84' lang='lat' dir='ltr'><strong>Mennonis</strong></span> <span class='ocrx_word' id='word_1_506' title='bbox 1167 3659 1220 3704; x_wconf 89' lang='lat' dir='ltr'><strong>ca·</strong></span> <span class='ocrx_word' id='word_1_507' title='bbox 1360 3643 1514 3708; x_wconf 87' lang='lat' dir='ltr'><strong>Libertus</strong></span> <span class='ocrx_word' id='word_1_508' title='bbox 1534 3641 1570 3705; x_wconf 92' lang='lat' dir='ltr'><strong>in</strong></span> <span class='ocrx_word' id='word_1_509' title='bbox 1592 3641 1697 3707; x_wconf 85' lang='lat' dir='ltr'><strong>tribue</strong></span> <span class='ocrx_word' id='word_1_510' title='bbox 1713 3641 1873 3724; x_wconf 79' lang='lat' dir='ltr'><strong>capitibus</strong></span> <span class='ocrx_word' id='word_1_511' title='bbox 1894 3641 2091 3720; x_wconf 87' lang='lat' dir='ltr'><strong>continetur,</strong></span> <span class='ocrx_word' id='word_1_512' title='bbox 2113 3643 2150 3708; x_wconf 92' lang='lat' dir='ltr'><strong>in</strong></span> <span class='ocrx_word' id='word_1_513' title='bbox 2169 3643 2259 3726; x_wconf 85' lang='lat' dir='ltr'><strong>loeo,</strong></span> 
     </span>
     <span class='ocr_line' id='line_1_39' title="bbox 246 3721 2111 3811; baseline -0.002 -16"><span class='ocrx_word' id='word_1_514' title='bbox 246 3728 326 3796; x_wconf 83' lang='lat' dir='ltr'><strong>villo</strong></span> <span class='ocrx_word' id='word_1_515' title='bbox 347 3726 501 3806; x_wconf 81' lang='lat' dir='ltr'><strong>eluditur,</strong></span> <span class='ocrx_word' id='word_1_516' title='bbox 523 3727 649 3809; x_wconf 87' lang='lat' dir='ltr'><strong>quoties</strong></span> <span class='ocrx_word' id='word_1_517' title='bbox 670 3723 711 3790; x_wconf 93' lang='lat' dir='ltr'><strong>de</strong></span> <span class='ocrx_word' id='word_1_518' title='bbox 722 3723 848 3792; x_wconf 80' lang='lat' dir='ltr'><strong>Christi</strong></span> <span class='ocrx_word' id='word_1_519' title='bbox 868 3727 1009 3810; x_wconf 87' lang='lat' dir='ltr'><strong>puritate</strong></span> <span class='ocrx_word' id='word_1_520' title='bbox 1030 3721 1221 3790; x_wconf 85' lang='lat' dir='ltr'><strong>noe-admo-</strong></span> <span class='ocrx_word' id='word_1_521' title='bbox 1272 3729 1309 3793; x_wconf 93' lang='lat' dir='ltr'><strong>in</strong></span> <span class='ocrx_word' id='word_1_522' title='bbox 1331 3729 1487 3811; x_wconf 89' lang='lat' dir='ltr'><strong>personis,</strong></span> <span class='ocrx_word' id='word_1_523' title='bbox 1508 3727 1543 3792; x_wconf 93' lang='lat' dir='ltr'><strong>in</strong></span> <span class='ocrx_word' id='word_1_524' title='bbox 1565 3727 1660 3792; x_wconf 91' lang='lat' dir='ltr'><strong>modo</strong></span> <span class='ocrx_word' id='word_1_525' title='bbox 1682 3727 1736 3792; x_wconf 88' lang='lat' dir='ltr'><strong>vel</strong></span> <span class='ocrx_word' id='word_1_526' title='bbox 1757 3727 1885 3792; x_wconf 89' lang='lat' dir='ltr'><strong>ratione</strong></span> <span class='ocrx_word' id='word_1_527' title='bbox 1906 3726 2111 3810; x_wconf 90' lang='lat' dir='ltr'><strong>procedendi.</strong></span> 
     </span>
     <span class='ocr_line' id='line_1_40' title="bbox 247 3811 2260 3897; baseline 0.001 -16"><span class='ocrx_word' id='word_1_528' title='bbox 247 3823 306 3882; x_wconf 87' lang='lat' dir='ltr'><strong>not</strong></span> <span class='ocrx_word' id='word_1_529' title='bbox 327 3813 499 3897; x_wconf 84' lang='lat' dir='ltr'><strong>scriptura,</strong></span> <span class='ocrx_word' id='word_1_530' title='bbox 522 3813 629 3876; x_wconf 82' lang='lat' dir='ltr'><strong>notari</strong></span> <span class='ocrx_word' id='word_1_531' title='bbox 651 3833 765 3877; x_wconf 86' lang='lat' dir='ltr'><strong>veram</strong></span> <span class='ocrx_word' id='word_1_532' title='bbox 786 3811 927 3877; x_wconf 89' lang='lat' dir='ltr'><strong>hominis</strong></span> <span class='ocrx_word' id='word_1_533' title='bbox 949 3819 1116 3876; x_wconf 86' lang='lat' dir='ltr'><strong>naturam:</strong></span> <span class='ocrx_word' id='word_1_534' title='bbox 1146 3811 1222 3893; x_wconf 79' lang='lat' dir='ltr'><strong>quia</strong></span> <span class='ocrx_word' id='word_1_535' title='bbox 1360 3814 1531 3894; x_wconf 83' lang='lat' dir='ltr'><strong>Quantum</strong></span> <span class='ocrx_word' id='word_1_536' title='bbox 1553 3811 1595 3878; x_wconf 90' lang='lat' dir='ltr'><strong>ad</strong></span> <span class='ocrx_word' id='word_1_537' title='bbox 1616 3813 1733 3891; x_wconf 89' lang='lat' dir='ltr'><strong>lecum,</strong></span> <span class='ocrx_word' id='word_1_538' title='bbox 1763 3813 1825 3878; x_wconf 89' lang='lat' dir='ltr'><strong>nisi</strong></span> <span class='ocrx_word' id='word_1_539' title='bbox 1848 3819 1940 3878; x_wconf 90' lang='lat' dir='ltr'><strong>tutus</strong></span> <span class='ocrx_word' id='word_1_540' title='bbox 1962 3821 2074 3895; x_wconf 88' lang='lat' dir='ltr'><strong>pateat</strong></span> <span class='ocrx_word' id='word_1_541' title='bbox 2094 3833 2260 3885; x_wconf 83' lang='lat' dir='ltr'><strong>accessus</strong></span> 
     </span>
     <span class='ocr_line' id='line_1_41' title="bbox 247 3896 2262 4068; baseline 0.002 -17"><span class='ocrx_word' id='word_1_542' title='bbox 247 3897 1098 4068; x_wconf 51' lang='lat' dir='ltr'><strong>tellit&amp;tltllltlrtttttltm⁸,</strong></span> <span class='ocrx_word' id='word_1_543' title='bbox 1116 3896 1222 4047; x_wconf 67' lang='lat' dir='ltr'><strong>itt</strong></span> <span class='ocrx_word' id='word_1_544' title='bbox 1273 3896 2262 4067; x_wconf 54' lang='grc'><strong>1111111111111111111111111011</strong></span> 
     </span>
     <span class='ocr_line' id='line_1_42' title="bbox 246 4067 2263 4154; baseline 0.003 -19"><span class='ocrx_word' id='word_1_545' title='bbox 246 4079 368 4136; x_wconf 85' lang='lat' dir='ltr'><strong>nature</strong></span> <span class='ocrx_word' id='word_1_546' title='bbox 395 4070 507 4135; x_wconf 87' lang='lat' dir='ltr'><strong>divina</strong></span> <span class='ocrx_word' id='word_1_547' title='bbox 534 4069 642 4135; x_wconf 91' lang='lat' dir='ltr'><strong>locum</strong></span> <span class='ocrx_word' id='word_1_548' title='bbox 670 4091 736 4134; x_wconf 90' lang='lat' dir='ltr'><strong>non</strong></span> <span class='ocrx_word' id='word_1_549' title='bbox 769 4068 914 4134; x_wconf 86' lang='lat' dir='ltr'><strong>haberet.</strong></span> <span class='ocrx_word' id='word_1_550' title='bbox 963 4069 1034 4133; x_wconf 90' lang='lat' dir='ltr'><strong>Neo</strong></span> <span class='ocrx_word' id='word_1_551' title='bbox 1063 4090 1139 4133; x_wconf 86' lang='lat' dir='ltr'><strong>vero</strong></span> <span class='ocrx_word' id='word_1_552' title='bbox 1162 4067 1221 4133; x_wconf 90' lang='lat' dir='ltr'><strong>du·</strong></span> <span class='ocrx_word' id='word_1_553' title='bbox 1273 4073 1405 4136; x_wconf 87' lang='lat' dir='ltr'><strong>ianuam</strong></span> <span class='ocrx_word' id='word_1_554' title='bbox 1431 4071 1584 4136; x_wconf 89' lang='lat' dir='ltr'><strong>libertati.</strong></span> <span class='ocrx_word' id='word_1_555' title='bbox 1633 4069 1721 4136; x_wconf 90' lang='lat' dir='ltr'><strong>Urbs</strong></span> <span class='ocrx_word' id='word_1_556' title='bbox 1750 4091 1828 4154; x_wconf 85' lang='lat' dir='ltr'><strong>ergo</strong></span> <span class='ocrx_word' id='word_1_557' title='bbox 1856 4069 2028 4154; x_wconf 86' lang='lat' dir='ltr'><strong>deligenda</strong></span> <span class='ocrx_word' id='word_1_558' title='bbox 2055 4072 2119 4136; x_wconf 89' lang='lat' dir='ltr'><strong>orit</strong></span> <span class='ocrx_word' id='word_1_559' title='bbox 2140 4074 2263 4140; x_wconf 84' lang='lat' dir='ltr'><strong>media</strong></span> 
     </span>
     <span class='ocr_line' id='line_1_43' title="bbox 246 4153 2262 4242; baseline 0.002 -21"><span class='ocrx_word' id='word_1_560' title='bbox 246 4156 326 4242; x_wconf 87' lang='lat' dir='ltr'><strong>plex</strong></span> <span class='ocrx_word' id='word_1_561' title='bbox 347 4157 483 4240; x_wconf 85' lang='lat' dir='ltr'><strong>fingitur</strong></span> <span class='ocrx_word' id='word_1_562' title='bbox 504 4155 597 4224; x_wconf 87' lang='lat' dir='ltr'><strong>Adue</strong></span> <span class='ocrx_word' id='word_1_563' title='bbox 619 4177 740 4233; x_wconf 87' lang='lat' dir='ltr'><strong>semen,</strong></span> <span class='ocrx_word' id='word_1_564' title='bbox 763 4155 913 4237; x_wconf 87' lang='lat' dir='ltr'><strong>quamvis</strong></span> <span class='ocrx_word' id='word_1_565' title='bbox 934 4153 1025 4219; x_wconf 86' lang='lat' dir='ltr'><strong>nulla</strong></span> <span class='ocrx_word' id='word_1_566' title='bbox 1046 4153 1088 4219; x_wconf 90' lang='lat' dir='ltr'><strong>ad</strong></span> <span class='ocrx_word' id='word_1_567' title='bbox 1111 4153 1222 4219; x_wconf 82' lang='lat' dir='ltr'><strong>Chris·</strong></span> <span class='ocrx_word' id='word_1_568' title='bbox 1273 4157 1360 4222; x_wconf 88' lang='lat' dir='ltr'><strong>inter</strong></span> <span class='ocrx_word' id='word_1_569' title='bbox 1380 4177 1493 4222; x_wconf 89' lang='lat' dir='ltr'><strong>omnes</strong></span> <span class='ocrx_word' id='word_1_570' title='bbox 1514 4157 1679 4240; x_wconf 84' lang='lat' dir='ltr'><strong>regiones,</strong></span> <span class='ocrx_word' id='word_1_571' title='bbox 1707 4154 1795 4221; x_wconf 92' lang='lat' dir='ltr'><strong>unde</strong></span> <span class='ocrx_word' id='word_1_572' title='bbox 1818 4157 1950 4221; x_wconf 90' lang='lat' dir='ltr'><strong>venturi</strong></span> <span class='ocrx_word' id='word_1_573' title='bbox 1968 4163 2046 4222; x_wconf 89' lang='lat' dir='ltr'><strong>sunt</strong></span> <span class='ocrx_word' id='word_1_574' title='bbox 2067 4159 2122 4240; x_wconf 92' lang='lat' dir='ltr'><strong>qui</strong></span> <span class='ocrx_word' id='word_1_575' title='bbox 2145 4159 2262 4226; x_wconf 90' lang='lat' dir='ltr'><strong>inter-</strong></span> 
     </span>
     <span class='ocr_line' id='line_1_44' title="bbox 248 4239 2263 4330; baseline 0.003 -23"><span class='ocrx_word' id='word_1_576' title='bbox 248 4257 321 4307; x_wconf 90' lang='lat' dir='ltr'><strong>tum</strong></span> <span class='ocrx_word' id='word_1_577' title='bbox 339 4241 489 4324; x_wconf 84' lang='lat' dir='ltr'><strong>contagio</strong></span> <span class='ocrx_word' id='word_1_578' title='bbox 506 4243 704 4324; x_wconf 86' lang='lat' dir='ltr'><strong>pervenerit:</strong></span> <span class='ocrx_word' id='word_1_579' title='bbox 727 4242 803 4324; x_wconf 87' lang='lat' dir='ltr'><strong>quia</strong></span> <span class='ocrx_word' id='word_1_580' title='bbox 820 4239 963 4304; x_wconf 90' lang='lat' dir='ltr'><strong>hominis</strong></span> <span class='ocrx_word' id='word_1_581' title='bbox 979 4241 1146 4325; x_wconf 87' lang='lat' dir='ltr'><strong>generatio</strong></span> <span class='ocrx_word' id='word_1_582' title='bbox 1163 4261 1222 4323; x_wconf 90' lang='lat' dir='ltr'><strong>per</strong></span> <span class='ocrx_word' id='word_1_583' title='bbox 1273 4264 1345 4309; x_wconf 89' lang='lat' dir='ltr'><strong>esse</strong></span> <span class='ocrx_word' id='word_1_584' title='bbox 1367 4242 1486 4308; x_wconf 90' lang='lat' dir='ltr'><strong>debent</strong></span> <span class='ocrx_word' id='word_1_585' title='bbox 1507 4241 1652 4308; x_wconf 91' lang='lat' dir='ltr'><strong>concilio.</strong></span> <span class='ocrx_word' id='word_1_586' title='bbox 1696 4240 1825 4307; x_wconf 91' lang='lat' dir='ltr'><strong>Deinde</strong></span> <span class='ocrx_word' id='word_1_587' title='bbox 1845 4261 1978 4308; x_wconf 89' lang='lat' dir='ltr'><strong>neeesse</strong></span> <span class='ocrx_word' id='word_1_588' title='bbox 1999 4242 2062 4306; x_wconf 88' lang='lat' dir='ltr'><strong>erit</strong></span> <span class='ocrx_word' id='word_1_589' title='bbox 2082 4245 2263 4330; x_wconf 81' lang='lat' dir='ltr'><strong>principes</strong></span> 
     </span>
     <span class='ocr_line' id='line_1_45' title="bbox 248 4324 2262 4416; baseline 0.001 -22"><span class='ocrx_word' id='word_1_590' title='bbox 248 4349 284 4394; x_wconf 95' lang='grc'><strong>11</strong></span> <span class='ocrx_word' id='word_1_591' title='bbox 312 4325 484 4391; x_wconf 91' lang='lat' dir='ltr'><strong>immunda</strong></span> <span class='ocrx_word' id='word_1_592' title='bbox 510 4335 568 4392; x_wconf 87' lang='lat' dir='ltr'><strong>aut</strong></span> <span class='ocrx_word' id='word_1_593' title='bbox 596 4327 712 4392; x_wconf 84' lang='lat' dir='ltr'><strong>vitiosa</strong></span> <span class='ocrx_word' id='word_1_594' title='bbox 739 4347 807 4391; x_wconf 93' lang='lat' dir='ltr'><strong>non</strong></span> <span class='ocrx_word' id='word_1_595' title='bbox 834 4335 899 4406; x_wconf 84' lang='lat' dir='ltr'><strong>est,</strong></span> <span class='ocrx_word' id='word_1_596' title='bbox 928 4324 986 4392; x_wconf 88' lang='lat' dir='ltr'><strong>sed</strong></span> <span class='ocrx_word' id='word_1_597' title='bbox 1012 4325 1221 4392; x_wconf 84' lang='lat' dir='ltr'><strong>accidentalis</strong></span> <span class='ocrx_word' id='word_1_598' title='bbox 1272 4329 1407 4407; x_wconf 88' lang='lat' dir='ltr'><strong>vicinos,</strong></span> <span class='ocrx_word' id='word_1_599' title='bbox 1429 4349 1489 4411; x_wconf 89' lang='lat' dir='ltr'><strong>per</strong></span> <span class='ocrx_word' id='word_1_600' title='bbox 1506 4349 1643 4412; x_wconf 91' lang='lat' dir='ltr'><strong>quorum</strong></span> <span class='ocrx_word' id='word_1_601' title='bbox 1659 4326 1816 4394; x_wconf 91' lang='lat' dir='ltr'><strong>ditionem</strong></span> <span class='ocrx_word' id='word_1_602' title='bbox 1827 4326 2063 4393; x_wconf 88' lang='lat' dir='ltr'><strong>transeundum</strong></span> <span class='ocrx_word' id='word_1_603' title='bbox 2076 4330 2150 4409; x_wconf 93' lang='lat' dir='ltr'><strong>erit,</strong></span> <span class='ocrx_word' id='word_1_604' title='bbox 2175 4353 2262 4416; x_wconf 91' lang='lat' dir='ltr'><strong>pro-</strong></span> 
     </span>
     <span class='ocr_line' id='line_1_46' title="bbox 246 4407 2263 4502; baseline 0.003 -23"><span class='ocrx_word' id='word_1_605' title='bbox 246 4421 382 4498; x_wconf 89' lang='lat' dir='ltr'><strong>propter</strong></span> <span class='ocrx_word' id='word_1_606' title='bbox 403 4411 541 4495; x_wconf 86' lang='lat' dir='ltr'><strong>lapsum.</strong></span> <span class='ocrx_word' id='word_1_607' title='bbox 584 4412 702 4496; x_wconf 88' lang='lat' dir='ltr'><strong>Itaque</strong></span> <span class='ocrx_word' id='word_1_608' title='bbox 729 4412 814 4477; x_wconf 93' lang='lat' dir='ltr'><strong>nihil</strong></span> <span class='ocrx_word' id='word_1_609' title='bbox 841 4414 976 4492; x_wconf 90' lang='lat' dir='ltr'><strong>mirum,</strong></span> <span class='ocrx_word' id='word_1_610' title='bbox 1005 4413 1034 4479; x_wconf 90' lang='lat' dir='ltr'><strong>ei</strong></span> <span class='ocrx_word' id='word_1_611' title='bbox 1056 4411 1219 4491; x_wconf 80' lang='lat' dir='ltr'><strong>Christus,</strong></span> <span class='ocrx_word' id='word_1_612' title='bbox 1272 4415 1402 4480; x_wconf 86' lang='lat' dir='ltr'><strong>mittere</strong></span> <span class='ocrx_word' id='word_1_613' title='bbox 1430 4422 1464 4480; x_wconf 91' lang='lat' dir='ltr'><strong>et</strong></span> <span class='ocrx_word' id='word_1_614' title='bbox 1490 4415 1600 4478; x_wconf 86' lang='lat' dir='ltr'><strong>iurare</strong></span> <span class='ocrx_word' id='word_1_615' title='bbox 1627 4413 1756 4479; x_wconf 83' lang='lat' dir='ltr'><strong>salvum</strong></span> <span class='ocrx_word' id='word_1_616' title='bbox 1786 4407 1985 4481; x_wconf 81' lang='lat' dir='ltr'><strong>conductum</strong></span> <span class='ocrx_word' id='word_1_617' title='bbox 2011 4415 2164 4481; x_wconf 88' lang='lat' dir='ltr'><strong>omnibus</strong></span> <span class='ocrx_word' id='word_1_618' title='bbox 2197 4420 2263 4502; x_wconf 92' lang='lat' dir='ltr'><strong>qui</strong></span> 
     </span>
     <span class='ocr_line' id='line_1_47' title="bbox 246 4498 1577 4584; baseline -0.001 -20"><span class='ocrx_word' id='word_1_619' title='bbox 246 4519 307 4584; x_wconf 89' lang='lat' dir='ltr'><strong>per</strong></span> <span class='ocrx_word' id='word_1_620' title='bbox 328 4518 426 4582; x_wconf 90' lang='lat' dir='ltr'><strong>quem</strong></span> <span class='ocrx_word' id='word_1_621' title='bbox 447 4498 649 4564; x_wconf 87' lang='lat' dir='ltr'><strong>restituenda</strong></span> <span class='ocrx_word' id='word_1_622' title='bbox 669 4507 741 4564; x_wconf 86' lang='lat' dir='ltr'><strong>erut</strong></span> <span class='ocrx_word' id='word_1_623' title='bbox 761 4499 945 4583; x_wconf 82' lang='lat' dir='ltr'><strong>integritas,</strong></span> <span class='ocrx_word' id='word_1_624' title='bbox 964 4498 1126 4584; x_wconf 80' lang='lat' dir='ltr'><strong>evulgari</strong></span> <span class='ocrx_word' id='word_1_625' title='bbox 1148 4519 1219 4564; x_wconf 92' lang='lat' dir='ltr'><strong>cor·</strong></span> <span class='ocrx_word' id='word_1_626' title='bbox 1272 4499 1350 4567; x_wconf 91' lang='lat' dir='ltr'><strong>illuc</strong></span> <span class='ocrx_word' id='word_1_627' title='bbox 1373 4501 1577 4566; x_wconf 82' lang='lat' dir='ltr'><strong>convenient</strong></span> 
     </span>
     <span class='ocr_line' id='line_1_48' title="bbox 247 4583 2262 4669; baseline 0.003 -18"><span class='ocrx_word' id='word_1_628' title='bbox 247 4585 401 4669; x_wconf 87' lang='lat' dir='ltr'><strong>ruptione</strong></span> <span class='ocrx_word' id='word_1_629' title='bbox 423 4591 595 4668; x_wconf 88' lang='lat' dir='ltr'><strong>exemptus</strong></span> <span class='ocrx_word' id='word_1_630' title='bbox 616 4585 722 4649; x_wconf 85' lang='lat' dir='ltr'><strong>luerit.</strong></span> <span class='ocrx_word' id='word_1_631' title='bbox 1358 4584 1528 4667; x_wconf 79' lang='lat' dir='ltr'><strong>Quantum</strong></span> <span class='ocrx_word' id='word_1_632' title='bbox 1548 4583 1591 4650; x_wconf 92' lang='lat' dir='ltr'><strong>ad</strong></span> <span class='ocrx_word' id='word_1_633' title='bbox 1611 4605 1777 4668; x_wconf 89' lang='lat' dir='ltr'><strong>personas,</strong></span> <span class='ocrx_word' id='word_1_634' title='bbox 1799 4585 2041 4667; x_wconf 84' lang='lat' dir='ltr'><strong>iniquissimum</strong></span> <span class='ocrx_word' id='word_1_635' title='bbox 2059 4595 2148 4652; x_wconf 87' lang='lat' dir='ltr'><strong>esset</strong></span> <span class='ocrx_word' id='word_1_636' title='bbox 2170 4590 2262 4658; x_wconf 88' lang='lat' dir='ltr'><strong>solis</strong></span> 
     </span>
     <span class='ocr_line' id='line_1_49' title="bbox 333 4669 2263 4755; baseline 0.005 -20"><span class='ocrx_word' id='word_1_637' title='bbox 333 4669 476 4735; x_wconf 82' lang='lat' dir='ltr'><strong>Frustra</strong></span> <span class='ocrx_word' id='word_1_638' title='bbox 504 4670 610 4754; x_wconf 80' lang='lat' dir='ltr'><strong>garrit</strong></span> <span class='ocrx_word' id='word_1_639' title='bbox 637 4669 777 4748; x_wconf 79' lang='lat' dir='ltr'><strong>bienno,</strong></span> <span class='ocrx_word' id='word_1_640' title='bbox 812 4671 840 4736; x_wconf 91' lang='lat' dir='ltr'><strong>si</strong></span> <span class='ocrx_word' id='word_1_641' title='bbox 867 4692 908 4736; x_wconf 91' lang='lat' dir='ltr'><strong>ex</strong></span> <span class='ocrx_word' id='word_1_642' title='bbox 937 4671 1064 4736; x_wconf 83' lang='lat' dir='ltr'><strong>Mariae</strong></span> <span class='ocrx_word' id='word_1_643' title='bbox 1096 4669 1220 4736; x_wconf 90' lang='lat' dir='ltr'><strong>semine</strong></span> <span class='ocrx_word' id='word_1_644' title='bbox 1272 4673 1431 4755; x_wconf 90' lang='lat' dir='ltr'><strong>episeopis</strong></span> <span class='ocrx_word' id='word_1_645' title='bbox 1453 4671 1598 4754; x_wconf 89' lang='lat' dir='ltr'><strong>permitti</strong></span> <span class='ocrx_word' id='word_1_646' title='bbox 1628 4671 1806 4736; x_wconf 87' lang='lat' dir='ltr'><strong>sententies</strong></span> <span class='ocrx_word' id='word_1_647' title='bbox 1834 4669 2007 4738; x_wconf 86' lang='lat' dir='ltr'><strong>decisivas:</strong></span> <span class='ocrx_word' id='word_1_648' title='bbox 2041 4692 2145 4754; x_wconf 89' lang='lat' dir='ltr'><strong>quum</strong></span> <span class='ocrx_word' id='word_1_649' title='bbox 2167 4677 2263 4744; x_wconf 80' lang='lat' dir='ltr'><strong>satis</strong></span> 
     </span>
     <span class='ocr_line' id='line_1_50' title="bbox 246 4755 2264 4846; baseline 0.003 -24"><span class='ocrx_word' id='word_1_650' title='bbox 246 4756 440 4842; x_wconf 87' lang='lat' dir='ltr'><strong>progenitus</strong></span> <span class='ocrx_word' id='word_1_651' title='bbox 466 4757 509 4820; x_wconf 88' lang='lat' dir='ltr'><strong>eit</strong></span> <span class='ocrx_word' id='word_1_652' title='bbox 531 4755 697 4834; x_wconf 80' lang='lat' dir='ltr'><strong>Christus,</strong></span> <span class='ocrx_word' id='word_1_653' title='bbox 725 4755 818 4820; x_wconf 92' lang='lat' dir='ltr'><strong>illam</strong></span> <span class='ocrx_word' id='word_1_654' title='bbox 845 4757 914 4821; x_wconf 86' lang='lat' dir='ltr'><strong>fore</strong></span> <span class='ocrx_word' id='word_1_655' title='bbox 941 4765 1068 4839; x_wconf 88' lang='lat' dir='ltr'><strong>patrem</strong></span> <span class='ocrx_word' id='word_1_656' title='bbox 1095 4764 1220 4820; x_wconf 84' lang='grc'><strong>111111-</strong></span> <span class='ocrx_word' id='word_1_657' title='bbox 1272 4777 1436 4841; x_wconf 91' lang='lat' dir='ltr'><strong>superque</strong></span> <span class='ocrx_word' id='word_1_658' title='bbox 1456 4767 1571 4822; x_wconf 89' lang='lat' dir='ltr'><strong>netum</strong></span> <span class='ocrx_word' id='word_1_659' title='bbox 1592 4755 1644 4836; x_wconf 90' lang='lat' dir='ltr'><strong>sit,</strong></span> <span class='ocrx_word' id='word_1_660' title='bbox 1667 4775 1933 4822; x_wconf 82' lang='lat' dir='ltr'><strong>eorum-eausam</strong></span> <span class='ocrx_word' id='word_1_661' title='bbox 1954 4757 2096 4836; x_wconf 85' lang='lat' dir='ltr'><strong>tractari,</strong></span> <span class='ocrx_word' id='word_1_662' title='bbox 2126 4759 2163 4824; x_wconf 92' lang='lat' dir='ltr'><strong>in</strong></span> <span class='ocrx_word' id='word_1_663' title='bbox 2188 4783 2264 4846; x_wconf 88' lang='lat' dir='ltr'><strong>qua</strong></span> 
     </span>
     <span class='ocr_line' id='line_1_51' title="bbox 246 4839 1887 4927; baseline 0 -19"><span class='ocrx_word' id='word_1_664' title='bbox 246 4851 346 4908; x_wconf 75' lang='grc'><strong>1111111</strong></span> <span class='ocrx_word' id='word_1_665' title='bbox 379 4842 472 4925; x_wconf 92' lang='lat' dir='ltr'><strong>quasi</strong></span> <span class='ocrx_word' id='word_1_666' title='bbox 494 4841 536 4906; x_wconf 89' lang='lat' dir='ltr'><strong>ad</strong></span> <span class='ocrx_word' id='word_1_667' title='bbox 553 4841 724 4924; x_wconf 72' lang='lat' dir='ltr'><strong>vulgarem</strong></span> <span class='ocrx_word' id='word_1_668' title='bbox 745 4841 895 4926; x_wconf 88' lang='lat' dir='ltr'><strong>regulam</strong></span> <span class='ocrx_word' id='word_1_669' title='bbox 916 4843 1003 4926; x_wconf 85' lang='lat' dir='ltr'><strong>exigi</strong></span> <span class='ocrx_word' id='word_1_670' title='bbox 1025 4841 1142 4908; x_wconf 90' lang='lat' dir='ltr'><strong>debeat</strong></span> <span class='ocrx_word' id='word_1_671' title='bbox 1163 4861 1219 4926; x_wconf 86' lang='lat' dir='ltr'><strong>ge·</strong></span> <span class='ocrx_word' id='word_1_672' title='bbox 1272 4843 1398 4908; x_wconf 89' lang='lat' dir='ltr'><strong>ideonei</strong></span> <span class='ocrx_word' id='word_1_673' title='bbox 1422 4863 1488 4908; x_wconf 90' lang='lat' dir='ltr'><strong>non</strong></span> <span class='ocrx_word' id='word_1_674' title='bbox 1511 4851 1647 4927; x_wconf 89' lang='lat' dir='ltr'><strong>possunt</strong></span> <span class='ocrx_word' id='word_1_675' title='bbox 1665 4863 1737 4908; x_wconf 88' lang='lat' dir='ltr'><strong>esse</strong></span> <span class='ocrx_word' id='word_1_676' title='bbox 1754 4839 1887 4910; x_wconf 88' lang='lat' dir='ltr'><strong>iudices.</strong></span> 
     </span>
     <span class='ocr_line' id='line_1_52' title="bbox 246 4925 1219 5010; baseline 0 -18"><span class='ocrx_word' id='word_1_677' title='bbox 246 4927 385 5005; x_wconf 86' lang='lat' dir='ltr'><strong>naratio,</strong></span> <span class='ocrx_word' id='word_1_678' title='bbox 407 4927 442 4991; x_wconf 94' lang='lat' dir='ltr'><strong>in</strong></span> <span class='ocrx_word' id='word_1_679' title='bbox 465 4926 632 5010; x_wconf 87' lang='lat' dir='ltr'><strong>quaDeus</strong></span> <span class='ocrx_word' id='word_1_680' title='bbox 653 4925 863 4992; x_wconf 87' lang='lat' dir='ltr'><strong>memorabile</strong></span> <span class='ocrx_word' id='word_1_681' title='bbox 885 4948 1023 4994; x_wconf 87' lang='lat' dir='ltr'><strong>arcanae</strong></span> <span class='ocrx_word' id='word_1_682' title='bbox 1041 4935 1075 4993; x_wconf 94' lang='lat' dir='ltr'><strong>et</strong></span> <span class='ocrx_word' id='word_1_683' title='bbox 1095 4927 1219 4994; x_wconf 88' lang='lat' dir='ltr'><strong>incom-</strong></span> 
     </span>
    </p>
   </div>
   <div class='ocr_carea' id='block_1_6' title="bbox 246 5012 1082 5097">
    <p class='ocr_par' dir='ltr' id='par_1_9' title="bbox 246 5012 1082 5097">
     <span class='ocr_line' id='line_1_53' title="bbox 246 5012 1082 5097; baseline 0 -19"><span class='ocrx_word' id='word_1_684' title='bbox 246 5012 478 5097; x_wconf 87' lang='lat' dir='ltr'><strong>prehensibilis</strong></span> <span class='ocrx_word' id='word_1_685' title='bbox 499 5034 578 5079; x_wconf 87' lang='lat' dir='ltr'><strong>suae</strong></span> <span class='ocrx_word' id='word_1_686' title='bbox 599 5015 764 5096; x_wconf 84' lang='lat' dir='ltr'><strong>potentiae</strong></span> <span class='ocrx_word' id='word_1_687' title='bbox 786 5013 951 5096; x_wconf 90' lang='lat' dir='ltr'><strong>specimen</strong></span> <span class='ocrx_word' id='word_1_688' title='bbox 972 5013 1082 5079; x_wconf 82' lang='lat' dir='ltr'><strong>edidit</strong></span> 
     </span>
    </p>
   </div>
   <div class='ocr_carea' id='block_1_7' title="bbox 247 5079 2263 5291">
    <p class='ocr_par' dir='ltr' id='par_1_10' title="bbox 247 5079 2263 5291">
     <span class='ocr_line' id='line_1_54' title="bbox 335 5079 2263 5209; baseline 0.004 -47"><span class='ocrx_word' id='word_1_689' title='bbox 335 5096 424 5162; x_wconf 90' lang='lat' dir='ltr'><strong>Illud</strong></span> <span class='ocrx_word' id='word_1_690' title='bbox 456 5119 552 5181; x_wconf 90' lang='lat' dir='ltr'><strong>porro</strong></span> <span class='ocrx_word' id='word_1_691' title='bbox 580 5098 711 5164; x_wconf 86' lang='lat' dir='ltr'><strong>axioma</strong></span> <span class='ocrx_word' id='word_1_692' title='bbox 746 5098 833 5182; x_wconf 93' lang='lat' dir='ltr'><strong>quod</strong></span> <span class='ocrx_word' id='word_1_693' title='bbox 865 5107 933 5163; x_wconf 85' lang='lat' dir='ltr'><strong>tam</strong></span> <span class='ocrx_word' id='word_1_694' title='bbox 960 5099 1115 5166; x_wconf 88' lang='lat' dir='ltr'><strong>audacter</strong></span> <span class='ocrx_word' id='word_1_695' title='bbox 1147 5098 1220 5165; x_wconf 92' lang='lat' dir='ltr'><strong>eub-</strong></span> <span class='ocrx_word' id='word_1_696' title='bbox 1272 5084 1371 5207; x_wconf 56' lang='lat' dir='ltr'><strong>ml)</strong></span> <span class='ocrx_word' id='word_1_697' title='bbox 1392 5081 1667 5206; x_wconf 54' lang='lat' dir='ltr'><strong>Eie’ggf&#39;ffoel’m</strong></span> <span class='ocrx_word' id='word_1_698' title='bbox 1676 5081 1795 5204; x_wconf 53' lang='grc' dir='ltr'><strong>117οἯ</strong></span> <span class='ocrx_word' id='word_1_699' title='bbox 1816 5079 1891 5150; x_wconf 72' lang='lat'><strong>¹⁵⁷5’</strong></span> <span class='ocrx_word' id='word_1_700' title='bbox 1908 5079 2117 5206; x_wconf 53' lang='lat' dir='ltr'><strong>ffifflb</strong></span> <span class='ocrx_word' id='word_1_701' title='bbox 2133 5086 2263 5209; x_wconf 48' lang='lat'><strong>933345&#39;92&#39;</strong></span> 
     </span>
     <span class='ocr_line' id='line_1_55' title="bbox 247 5158 2263 5291; baseline 0.002 -41"><span class='ocrx_word' id='word_1_702' title='bbox 247 5181 324 5250; x_wconf 92' lang='lat' dir='ltr'><strong>inde</strong></span> <span class='ocrx_word' id='word_1_703' title='bbox 357 5183 518 5264; x_wconf 89' lang='lat' dir='ltr'><strong>obtrudit,</strong></span> <span class='ocrx_word' id='word_1_704' title='bbox 546 5183 682 5268; x_wconf 76' lang='grc' dir='ltr'><strong><em>ἄσπορον</em></strong></span> <span class='ocrx_word' id='word_1_705' title='bbox 711 5185 813 5250; x_wconf 83' lang='lat' dir='ltr'><strong>luisse</strong></span> <span class='ocrx_word' id='word_1_706' title='bbox 840 5184 996 5264; x_wconf 85' lang='lat' dir='ltr'><strong>Mariam,</strong></span> <span class='ocrx_word' id='word_1_707' title='bbox 1029 5185 1219 5270; x_wconf 88' lang='lat' dir='ltr'><strong>probatione</strong></span> <span class='ocrx_word' id='word_1_708' title='bbox 1272 5168 1487 5291; x_wconf 64' lang='grc' dir='ltr'><strong>1111111111·ιῖ</strong></span> <span class='ocrx_word' id='word_1_709' title='bbox 1509 5167 1700 5275; x_wconf 41' lang='grc' dir='ltr'><strong>Βῗὸῗυρἔζω,</strong></span> <span class='ocrx_word' id='word_1_710' title='bbox 1726 5158 1894 5287; x_wconf 28' lang='grc' dir='ltr'><strong>(11οωῖ151</strong></span> <span class='ocrx_word' id='word_1_711' title='bbox 1901 5167 2148 5290; x_wconf 51' lang='grc' dir='ltr'><strong>101131ἣαῖὅὲ</strong></span> <span class='ocrx_word' id='word_1_712' title='bbox 2156 5174 2263 5283; x_wconf 52' lang='lat' dir='ltr'><strong>„effi</strong></span> 
     </span>
    </p>
   </div>
   <div class='ocr_carea' id='block_1_8' title="bbox 246 5267 2156 5359">
    <p class='ocr_par' dir='ltr' id='par_1_11' title="bbox 246 5267 2156 5359">
     <span class='ocr_line' id='line_1_56' title="bbox 246 5267 2156 5359; baseline 0.004 -25"><span class='ocrx_word' id='word_1_713' title='bbox 246 5267 383 5354; x_wconf 86' lang='lat' dir='ltr'><strong>indiget,</strong></span> <span class='ocrx_word' id='word_1_714' title='bbox 401 5271 478 5352; x_wconf 89' lang='lat' dir='ltr'><strong>quia</strong></span> <span class='ocrx_word' id='word_1_715' title='bbox 488 5277 522 5336; x_wconf 90' lang='lat' dir='ltr'><strong>et</strong></span> <span class='ocrx_word' id='word_1_716' title='bbox 531 5269 754 5354; x_wconf 83' lang='lat' dir='ltr'><strong>philosophiae</strong></span> <span class='ocrx_word' id='word_1_717' title='bbox 763 5279 799 5337; x_wconf 92' lang='lat' dir='ltr'><strong>et</strong></span> <span class='ocrx_word' id='word_1_718' title='bbox 812 5272 1032 5357; x_wconf 87' lang='lat' dir='ltr'><strong>experientiae</strong></span> <span class='ocrx_word' id='word_1_719' title='bbox 1047 5279 1219 5358; x_wconf 82' lang='lat' dir='ltr'><strong>repugnat</strong></span> <span class='ocrx_word' id='word_1_720' title='bbox 1273 5303 1330 5345; x_wconf 67' lang='grc'><strong>111</strong></span> <span class='ocrx_word' id='word_1_721' title='bbox 1346 5291 1425 5346; x_wconf 68' lang='lat' dir='ltr'><strong>mea</strong></span> <span class='ocrx_word' id='word_1_722' title='bbox 1443 5291 1519 5344; x_wconf 74' lang='grc'><strong>1111</strong></span> <span class='ocrx_word' id='word_1_723' title='bbox 1535 5295 1686 5359; x_wconf 62' lang='grc'><strong>11111111</strong></span> <span class='ocrx_word' id='word_1_724' title='bbox 1702 5289 1775 5344; x_wconf 76' lang='lat' dir='ltr'><strong>tuae</strong></span> <span class='ocrx_word' id='word_1_725' title='bbox 1791 5289 1926 5358; x_wconf 68' lang='grc'><strong>1111111</strong></span> <span class='ocrx_word' id='word_1_726' title='bbox 1942 5289 1990 5344; x_wconf 74' lang='grc'><strong>111</strong></span> <span class='ocrx_word' id='word_1_727' title='bbox 2006 5290 2156 5356; x_wconf 65' lang='lat' dir='ltr'><strong>offatm</strong></span> 
     </span>
    </p>
   </div>
   <div class='ocr_carea' id='block_1_9' title="bbox 0 0 2406 6004">
    <p class='ocr_par' dir='ltr' id='par_1_12' title="bbox 0 0 2406 6004">
     <span class='ocr_line' id='line_1_57' title="bbox 0 0 2406 6004; baseline 0 0"><span class='ocrx_word' id='word_1_728' title='bbox 0 0 2406 6004; x_wconf 95' lang='lat' dir='ltr'><strong> </strong></span> 
     </span>
    </p>
   </div>
  </div>
 </body>
</html>
