4804 6012
202 367 254 430 253
1073 365 1304 434 bonellus.
2126 373 2190 436 254

198 561 297 634 textu,
314 554 481 640 possidere
498 555 567 622 ulla
586 555 767 624 sacerdotia
784 555 820 621 in
837 565 975 639 papatu:
999 557 1074 640 quia
1090 555 1166 621 nul·
1220 554 1359 634 studeat,
1382 553 1487 638 quoad
1509 559 1663 638 suppetet
1683 553 1820 621 faeultas
1843 563 1878 621 et
1903 557 2028 624 occasio
2058 558 2198 640 dabitur,

195 639 262 706 lum
284 663 391 708 assem
413 641 565 726 eolligere
587 641 664 708 inde
685 642 775 720 lieet,
804 641 860 724 qui
882 642 1014 708 nonsit
1036 642 1167 709 saerile-
1219 641 1350 708 luorum
1376 639 1460 705 iilud
1487 662 1550 724 quo
1580 660 1615 704 se
1643 641 1895 721 oontamiuavit,
1922 642 1986 708 elio
2009 645 2196 711 transferre.

192 726 244 810 gio
266 727 467 812 inquinatus.
512 727 639 793 Verum
661 729 688 793 si
710 729 782 811 quis
799 747 858 811 per
879 729 1045 794 iustitiam
1067 737 1100 794 et
1116 748 1168 793 er·
1220 727 1337 810 Itaque
1359 746 1419 810 pro
1442 747 1500 791 sno
1523 723 1651 804 iuditio,
1675 724 1794 808 quibus
1816 735 1849 791 et
1870 727 2001 810 quaudo
2023 728 2198 812 videbitur,

191 833 300 878 rorem
322 813 472 880 eolleetos
493 812 570 879 iude
591 814 717 879 fruetus
739 813 965 896 absumpserit,
987 835 1056 878 nou
1073 812 1169 880 video
1220 819 1332 896 eroget
1354 821 1513 894 quantum
1534 810 1642 878 adhue
1663 812 1799 890 retinet,
1827 834 1868 878 ue
1895 815 1939 880 sit
1959 837 2000 880 ex
2022 815 2127 882 alieno
2149 817 2197 882 lo-

190 919 251 963 onr
279 897 321 964 de
346 899 556 965 restitutione
584 899 681 964 auxie
709 897 844 965 laboret.
894 897 1075 983 Distingno
1108 898 1168 964 eii·
1221 897 1386 981 eupletior.

190 994 305 1050 mente
333 1006 354 1051 a
379 984 530 1068 repositis
556 985 728 1050 thesauris.
783 985 870 1051 Nam
899 985 1028 1068 siquis
1056 1007 1098 1049 ex
1130 1004 1170 1050 ea
1306 981 1508 1050 Adolesoens
1526 981 1582 1064 qni
1599 982 1710 1049 inseiis
1728 983 1919 1066 parentibus
1936 1007 2073 1052 uxorem
2091 987 2196 1068 duxit,

190 1071 332 1151 peeunia
358 1091 393 1136 se
416 1070 587 1148 ditaverit,
620 1068 723 1136 donee
751 1072 903 1136 restituat
933 1069 1020 1153 quod
1047 1071 1169 1135 iniuste
1221 1078 1377 1154 agnoseat
1397 1091 1432 1134 se
1454 1069 1556 1133 iustas
1577 1067 1723 1134 levitatis
1740 1090 1863 1152 poenas
1885 1069 1972 1151 dure,
1995 1072 2023 1138 si
2045 1094 2130 1138 uxor
2147 1085 2197 1140 est

195 1153 327 1234 detinet,
356 1177 422 1222 non
442 1165 492 1221 eet
511 1178 614 1240 purus
635 1157 676 1222 ab
699 1155 916 1222 anathemate.
961 1157 1051 1240 Ergo
1074 1155 1169 1222 sionti
1221 1155 1447 1239 immorigera:
1480 1173 1542 1218 neo
1563 1154 1711 1232 miretur,
1732 1175 1835 1238 quum
1856 1153 1930 1221 Deo
1952 1167 1985 1222 et
2005 1156 2196 1243 parentibus

195 1241 303 1308 Moses
327 1241 505 1325 tranquilia
537 1243 737 1308 eouseieutia
763 1241 871 1306 aulam
901 1242 1101 1320 Pharaonis,
1137 1251 1170 1306 et
1220 1261 1289 1306 uon
1310 1240 1512 1324 praestiterit
1539 1237 1628 1321 quod
1656 1237 1794 1306 debebat
1821 1241 2025 1326 obsequium,
2055 1244 2116 1311 sibi
2144 1267 2196 1312 re-

200 1325 322 1393 delitias
342 1327 490 1412 reliquit,
519 1328 597 1412 quia
625 1349 730 1413 genus
751 1325 835 1392 illud
858 1327 946 1392 vitae
967 1349 1032 1392 non
1053 1335 1169 1411 sponte
1221 1325 1319 1409 pendi
1339 1327 1463 1390 iustam
1484 1322 1668 1390 mereedem
1696 1326 1731 1390 iu
1758 1328 1870 1393 uxoris
1896 1331 2114 1396 eontnmeeia·
2150 1331 2198 1396 Et

200 1417 411 1496 appetiverat:
445 1415 491 1478 sie
519 1413 617 1480 hodie
644 1413 793 1496 quisquis
815 1411 996 1480 maledictis
1016 1412 1082 1478 illis
1103 1412 1169 1497 opi·
1221 1413 1298 1495 quia
1319 1411 1476 1477 dissensio
1502 1411 1538 1474 in
1566 1410 1722 1494 religione
1752 1413 1939 1497 eoninginm
1965 1435 2033 1479 uon
2060 1415 2195 1496 dirimit,

200 1498 302 1564 busse
320 1497 459 1577 ubdieat,
478 1500 596 1582 quibus
615 1521 650 1564 se
670 1498 711 1564 ad
729 1507 858 1582 tempus
876 1499 1043 1577 sustinuit,
1062 1499 1170 1582 quieto
1221 1496 1377 1580 quamdiu
1404 1497 1524 1580 poterit
1549 1496 1671 1579 absque
1700 1499 1843 1580 perienlo
1869 1520 1945 1565 eum
1972 1520 2075 1566 uxore
2102 1502 2196 1569 habi-

203 1584 359 1650 animuin
381 1591 550 1669 posterum
572 1585 721 1670 legitima
742 1585 869 1650 ratione
891 1585 1016 1651 vietum
1038 1585 1099 1651 sibi
1117 1606 1170 1651 aa·
1221 1592 1306 1661 tare,
1336 1582 1479 1647 maritali
1508 1581 1614 1647 offitio
1641 1583 1806 1667 fungatur.
1851 1581 1948 1666 Quod
1970 1587 1999 1651 si
2020 1588 2125 1652 maior
2145 1589 2196 1654 vis

202 1670 323 1752 quirere
343 1679 459 1754 potest.
1222 1677 1256 1734 et
1273 1669 1450 1734 necessitas
1470 1669 1579 1750 ipsum
1603 1681 1699 1752 eogat
1721 1669 1762 1734 ab
1783 1691 1823 1735 ea
1844 1670 2018 1751 diseedere,
2040 1673 2076 1738 iu
2098 1673 2196 1740 oaeli-

282 1755 378 1840 Quod
397 1756 439 1822 ad
459 1757 603 1841 pretium
624 1755 824 1822 venditionis
846 1762 986 1839 speetat,
1013 1753 1171 1820 scelerata
1221 1755 1299 1820 batn
1321 1761 1462 1830 maneat,
1483 1751 1584 1818 douae
1607 1753 1660 1818 vel
1681 1755 1852 1837 resipiscat
1873 1779 1965 1835 uxor,
1987 1758 2043 1824 vel
2064 1758 2195 1826 divortii

205 1840 403 1910 hauddubie
430 1841 630 1928 fuitpaetio.
676 1839 743 1908 Sed
771 1855 917 1924 emptore
946 1849 1076 1905 mortno
1103 1861 1170 1905 uon
1221 1861 1354 1908 oausam
1375 1839 1538 1924 praebeat.
1583 1836 1738 1904 ostendis
1760 1839 1965 1925 Septembris
1990 1847 2081 1911 1560.

208 1925 288 1994 aliud
308 1939 464 2013 superest,
486 1929 551 1995 nisi
573 1928 687 2011 utqui
708 1929 879 2011 pecuniam
897 1926 1019 1992 iniuste
1037 1927 1170 2010 aeeepit,
