4804 6012
232 335 295 398 set
1119 320 1350 392 CONSHaIA.
2174 319 2237 385 236

232 527 356 588 avanae
384 517 425 584 de
453 537 515 584 noa
543 517 700 582 fantasias
726 515 761 580 ni
790 514 958 599 opinions,
991 512 1075 580 mais
1103 533 1208 578 avons
1259 509 1648 596 promptuest,1udam
1673 532 1715 578 ex
1743 511 1910 576 eommuni
1937 518 1972 576 et
1997 515 2129 594 recepto
2157 532 2239 596 gen-

231 605 346 674 tasoht
367 605 407 670 ds
425 625 508 670 nous
525 603 707 668 oonlermer
729 600 800 668 ala
815 621 899 684 pure
916 599 1041 682 parolla
1059 597 1208 678 doDieu,
1261 597 1344 664 tium
1366 617 1456 664 more
1479 597 1541 664 hae
1561 597 1694 664 lieentia
1715 617 1782 662 non
1804 603 1892 664 rante
1913 595 2014 664 fuisse
2035 617 2140 662 usum.
2175 595 2239 664 Sa·

232 712 358 758 mmme
379 711 463 758 nous
484 709 638 772 esperone
660 685 735 752 bien
757 707 822 771 que
844 692 952 752 toutes
968 705 1051 770 gons
1073 684 1211 770 d'esprit
1262 683 1409 766 tispatet¹
1425 704 1467 750 ex
1489 685 1636 750 omnium
1658 690 1843 768 temporum
1858 683 2004 750 historiis
2024 681 2240 767 apudgentes

231 776 364 844 medere
382 777 414 844 le
435 775 665 860 nognoistront
1262 769 1437 836 orientales
1456 768 1567 836 foedas
1588 769 1752 834 mixturas
1769 769 1917 853 neglento
1935 767 2058 852 pudore
2079 769 2182 836 luisse
2203 770 2240 836 in

1261 856 1431 940 ooaiugiis.
1474 855 1566 922 Mala
1586 855 1689 940 igitur
1709 854 1958 935 eonsuetudiue,
1984 863 2022 920 ut
2047 855 2121 922 fieri
2146 855 2240 936 solet,

1261 949 1387 1007 trantus
1408 943 1472 1006 fuit
1493 940 1586 1020 Iuda,
1609 951 1647 1006 ut
1668 940 1808 1006 mudum
1825 939 1919 1006 daret
1939 961 2076 1008 uxorem
2096 941 2167 1008 filie
2188 963 2242 1008 se-

251 1067 302 1123 AN
323 1064 455 1120 mom
479 1062 633 1119 FRATRIS
656 1061 795 1118 Momm
818 1061 961 1117 mm
983 1059 1129 1118 ΝΟΜ
1153 1059 1194 1114 m
1261 1027 1382 1107 nunde,
1410 1049 1493 1111 quaa
1515 1035 1592 1092 ante
1614 1027 1722 1092 fuerat
1740 1047 1826 1094 uxor
1845 1027 2063 1110 primogeniti.
2108 1027 2156 1094 iit
2177 1027 2242 1094 heo

321 1153 323 1156 ·
497 1149 499 1156 ·
627 1147 820 1214 uxogfflr)
1262 1113 1362 1178 etiam
1384 1113 1546 1198 flagitium
1567 1114 1654 1180 inter
1680 1120 1795 1197 gentes
1822 1121 2005 1196 grassatum
2034 1133 2107 1180 esse
2128 1113 2242 1197 expri-

376 1251 380 1256 .
1262 1199 1324 1264 mit
1348 1200 1457 1277 Deus,
1486 1200 1543 1265 ubi
1568 1199 1713 1264 ineestus
1741 1197 1884 1266 ιιιιιιιιιι
1934 1197 2008 1266 Heu
2034 1199 2137 1282 igitur
2165 1209 2242 1266 tan·

320 1287 409 1370 Quid
436 1287 499 1354 hae
526 1286 567 1352 da
595 1306 632 1351 re
660 1285 928 1370 pronuneiaverit
953 1283 1048 1350 Deus
1075 1283 1109 1348 iu
1137 1282 1211 1367 loga
1262 1306 1360 1367 quam
1389 1285 1563 1352 indubium
1589 1285 1730 1363 rauna,
1764 1284 1836 1370 lege
1864 1283 1967 1350 Masis
1995 1283 2135 1352 vetitum
2166 1306 2245 1352 esse

233 1395 295 1442 sua
315 1375 489 1441 obsnu'rum
510 1393 577 1438 neu
598 1378 657 1438 ast
701 1371 784 1438 Mali
805 1371 894 1436 enim
916 1377 992 1436 sunt
1013 1369 1212 1452 interpretes
1262 1371 1358 1436 nonio
1383 1371 1450 1436 ium
1472 1391 1547 1436 num
1569 1370 1670 1436 vidua
1685 1371 1795 1436 fratris
1816 1369 1974 1454 germani.

233 1462 289 1547 qui
315 1465 486 1544 exponunt
512 1478 580 1524 nnn
606 1479 677 1522 esse
704 1456 894 1540 rapiendam
920 1477 938 1521 e
967 1453 1062 1520 thore
1091 1455 1211 1538 prioris
1347 1393 1415 1538 (gui
1437 1457 1552 1522 volunt
1572 1455 1634 1524 han
1656 1457 1728 1541 lege
1749 1456 1872 1522 solutes
1900 1455 1996 1522 hodia
2024 1475 2097 1522 esse
2119 1455 2240 1524 Chris-

232 1546 358 1622 mariti,
386 1544 441 1611 vol
464 1545 493 1609 si
521 1543 693 1628 repudiata
718 1543 818 1608 luerit
846 1542 997 1608 illinitum
1024 1539 1211 1606 esseillius
1262 1543 1382 1618 tiones,
1411 1543 1569 1610 ebiieiunt
1596 1541 1678 1608 illud
1706 1541 1803 1608 Pauli
1835 1541 1927 1627 (Gal.
1946 1547 1974 1620 5,
1996 1540 2046 1628 1),
2081 1540 2241 1608 standum

232 1631 422 1718 oeniugium
443 1630 577 1695 vivente
598 1628 705 1696 adhue
726 1630 853 1694 marito.
887 1627 1001 1710 Neque
1023 1627 1112 1691 enim
1133 1647 1210 1692 non·
1262 1649 1333 1694 esse
1361 1630 1396 1693 in
1424 1629 1577 1694 libertate
1605 1628 1646 1694 ad
1675 1649 1773 1711 quam
1799 1627 1906 1696 venati
1935 1649 2067 1706 sumus,
2094 1635 2241 1712 atquae

232 1719 328 1786 venit
349 1725 503 1799 torquere
524 1715 560 1779 in
582 1713 728 1780 diverses
750 1735 876 1791 seusus,
900 1733 984 1797 quae
1005 1733 1071 1778 uuo
1088 1713 1123 1778 in
1140 1711 1212 1778 loeo
1262 1715 1356 1780 nobis
1383 1713 1558 1780 aOhristo
1585 1721 1679 1798 parte
1705 1722 1769 1780 est:
1803 1712 1861 1780 sed
1888 1713 2170 1780 inminuerunt
2199 1713 2244 1780 ad

232 1804 350 1874 iisdem
371 1802 482 1868 verbis
502 1802 770 1885 pronunoiantur.
821 1801 922 1864 Vetat
943 1797 1035 1864 Deus
1062 1805 1211 1882 retegere
1262 1807 1470 1883 praesentem
1491 1821 1633 1879 oausam,
1656 1799 1743 1883 quod
1764 1799 1861 1884 longe
1879 1799 1944 1865 alio
1962 1799 2027 1865 fine
2048 1807 2083 1865 et
2104 1800 2243 1866 oonsilio

233 1887 472 1974 turpitudinem
492 1887 606 1952 uxoris
628 1887 729 1970 patris
751 1893 784 1951 et
805 1887 924 1970 patrui,
951 1893 984 1950 et
1005 1883 1074 1964 filii,
1097 1891 1131 1949 ot
1152 1905 1210 1949 ne·
1262 1887 1399 1970 protulit
1419 1885 1551 1954 Paulus.
1597 1887 1718 1971 Agitur
1744 1886 1832 1952 euim
1859 1885 1928 1952 illio
1955 1883 1995 1952 de
2016 1887 2243 1966 eaeremoniis,

233 1977 320 2061 potis
337 1975 434 2060 (Lau.
452 1978 498 2052 18,
520 1971 583 2057 16).
632 1971 744 2054 Quum
766 1970 806 2038 de
824 1971 935 2037 fratris
952 1991 1054 2036 uxore
1072 1969 1211 2036 eandem
1262 1993 1401 2056 quarum
1423 1971 1650 2038 observatione
1672 1972 1836 2038 serviliter
1856 1970 2050 2054 premebant
2070 1972 2245 2038 nonsnian·

234 2060 433 2130 senteutiam
455 2056 591 2124 totidem
610 2059 718 2124 vorbis
739 2059 871 2142 profert,
894 2054 1072 2124 absurdum
1094 2063 1145 2122 est
1162 2054 1210 2120 di·
1262 2060 1325 2123 tias
1346 2058 1420 2123 falsi
1442 2057 1603 2137 danturne,
1636 2079 1674 2124 ao
1699 2057 1729 2123 si
1750 2059 1953 2124 neeessariae
1981 2057 2154 2124 asserted
2175 2058 2246 2124 Dei

234 2167 347 2214 versos
368 2166 485 2212 sensus
504 2145 637 2228 fingere.
682 2142 798 2227 Itaque
819 2142 848 2208 si
870 2143 919 2208 fas
941 2161 1010 2208 uon
1032 2149 1082 2207 est
1099 2141 1211 2226 putris,
1263 2144 1398 2208 nultum.
1454 2143 1495 2208 In
1527 2145 1590 2210 han
1628 2153 1738 2210 autem
1770 2144 1960 2228 quaestione
1999 2143 2082 2208 nihil
2121 2141 2244 2228 simile.

234 2233 290 2300 vel
311 2231 386 2310 lilii,
415 2229 525 2314 patrui
552 2229 606 2295 val
632 2230 758 2314 nepotis
784 2249 921 2294 moram
941 2225 1063 2292 habere
1084 2227 1120 2292 in
1141 2248 1210 2294 ma·
1263 2229 1361 2310 Quod
1388 2251 1522 2296 rursum
1549 2229 1732 2314 excipiunt,
1766 2251 1825 2294 nos
1850 2229 1991 2312 politieis
2018 2228 2144 2314 legibus
2171 2250 2246 2294 non

234 2318 404 2394 trimonio,
440 2334 546 2381 unum
573 2321 608 2380 et
634 2314 723 2381 idam
751 2313 791 2380 de
820 2314 931 2380 fratris
958 2333 1062 2380 uxore
1089 2313 1211 2380 sentire
1263 2315 1391 2395 sublini,
1423 2315 1519 2382 laoile
1550 2313 1696 2382 diluitur.
1747 2315 1862 2400 Neque
1887 2315 1974 2380 enim
2002 2315 2073 2394 lex,
2108 2313 2148 2380 da
2176 2335 2247 2400 qua

235 2403 405 2472 eonvenit:
438 2399 478 2466 da
505 2422 571 2484 qua
596 2400 712 2466 similis
733 2421 867 2484 prorsus
887 2399 944 2466 lex
966 2421 1031 2464 uno
1055 2407 1212 2466 nontextu
1263 2423 1351 2467 nune
1373 2401 1490 2486 agitur,
1514 2401 1705 2485 simplieiter
1726 2399 1930 2466 numeranda
1951 2407 2002 2468 est
2022 2400 2111 2466 inter
2131 2399 2246 2484 politi-

235 2501 270 2558 et
291 2497 404 2554 tenore
425 2487 552 2572 perlata
572 2494 630 2552 est.
665 2486 735 2552 Nee
756 2487 872 2571 ignoro
894 2483 982 2551 uude
1004 2483 1136 2550 errandi
1158 2505 1211 2552 oe·
1263 2507 1327 2566 nas,
1350 2489 1427 2571 quia
1444 2495 1576 2570 sumpta
1601 2493 1652 2553 est
1680 2509 1699 2552 a
1725 2487 1890 2551 communi
1919 2486 1990 2552 iure
2013 2486 2178 2572 gentium,
2212 2493 2247 2552 et

235 2575 400 2643 nasienam
428 2571 643 2656 sumpserint,
671 2572 801 2655 quiite
827 2571 983 2638 sentiunt
1027 2569 1115 2636 Nam
1137 2571 1214 2653 quia
1263 2581 1402 2640 naturae
1430 2574 1617 2640 honestata:
1648 2572 1736 2657 quod
1769 2593 1811 2638 ex
1837 2571 2038 2656 praelatione
2064 2571 2246 2656 colligitur.

236 2662 301 2730 alio
322 2661 394 2726 loeo
417 2658 528 2745 (Dent.
548 2661 599 2737 25,
619 2657 652 2744 5)
680 2657 772 2724 iubet
794 2657 899 2724 Deus:
934 2655 974 2723 Si
996 2658 1069 2742 quis
1091 2657 1212 2740 absque
1264 2657 1430 2740 Quoniam
1448 2661 1536 2726 euim
1558 2681 1671 2728 omnes
1700 2658 1824 2724 vieines
1851 2667 1967 2742 gentes
1994 2657 2182 2741 abripuerat
2204 2657 2248 2722 li·

235 2745 349 2814 liberis
371 2745 554 2824 donassent,
575 2744 710 2808 fratrem
727 2743 782 2828 qui
800 2749 965 2826 superstes
983 2743 1054 2822 erit,
1076 2741 1213 2811 viduam
1264 2745 1340 2812 bido
1368 2744 1410 2810 ad
1437 2745 1596 2826 iueestus,
1630 2753 1668 2812 ut
1694 2745 1787 2810 Deus
1815 2743 2005 2826 pudinitiam
2033 2744 2153 2828 populo
2182 2765 2249 2810 suo

236 2833 392 2916 aenipere,
415 2839 452 2896 ut
473 2851 515 2896 ex
536 2849 575 2894 aa
597 2839 708 2895 seman
730 2835 858 2896 mortuo
881 2829 1030 2908 suseitet,
1058 2827 1118 2895 heo
1139 2849 1214 2912 per·
1265 2830 1484 2910 eommendet,
1511 2832 1560 2898 ita
1586 2831 1768 2914 praefatur:
1802 2831 1876 2914 Ege
1904 2851 1978 2896 sum
2004 2829 2127 2896 Inhova
2148 2828 2248 2896 Deus

237 2939 352 3006 peram
373 2924 406 2982 et
426 2916 542 2981 inseite
563 2915 806 2982 restrinxerunt
826 2913 870 2982 ad
914 2935 1064 2982 armenes
1081 2915 1213 2980 fratres:
1264 2925 1388 2984 vester:
1411 2916 1592 2984 seeundum
1613 2915 1885 2982 eonsuetudinem
1904 2923 2011 2982 terras
2035 2916 2190 2999 Aegypti,
2215 2923 2254 2981 et

239 3025 341 3090 quum
368 3003 462 3068 Deus
488 3001 569 3068 alios
595 3001 797 3085 negnationis
823 2936 945 3086 gradus
971 3002 1080 3084 potius
1107 2999 1214 3084 desig·
1266 3002 1448 3070 seeundum
1474 3021 1601 3076 morem
1627 3003 1772 3088 regionis
1800 3001 1960 3068 Ghanaan
1988 3022 2030 3067 ne
2059 3001 2250 3068 ambuletis.

238 3099 305 3158 net
355 3087 443 3154 Nota
470 3096 520 3153 ast
548 3085 676 3170 phrasis
696 3087 830 3172 liuguae
856 3085 1042 3166 habrainae,
1070 3107 1152 3170 quaa
1179 3087 1215 3152 in
1266 3089 1389 3170 Postea
1410 3089 1549 3168 sublinit,
1571 3089 1706 3173 quinam
1731 3096 1765 3154 nt
1786 3095 1866 3171 quot
1892 3085 2015 3172 gradus
2037 3087 2249 3171 cognationis

239 3196 359 3264 genere
381 3173 640 3257 oonsanguineos
665 3194 778 3240 omnes
804 3173 945 3238 fratrum
973 3173 1106 3238 uomina
1127 3194 1214 3238 eom-
1266 3174 1319 3240 vel
1341 3176 1512 3245 affinitatis
1533 3175 1622 3241 viros
1644 3183 1678 3241 at
1698 3175 1853 3240 foeminas
1881 3179 2015 3239 amount
2041 3173 2249 3257 anoniugio.

239 3262 417 3349 plectitur..
464 3257 554 3341 Quin
592 3257 692 3324 etiam
722 3259 837 3324 Latini
866 3258 945 3324 olim
977 3258 1024 3324 sie
1056 3269 1216 3325 voearunt
1267 3257 1399 3345 Siquis
1420 3283 1536 3328 rursus
1557 3262 1707 3344 exeipiat,
1729 3260 1835 3348 legem
1856 3258 2016 3325 Israelitis
2033 3258 2251 3342 penuliariter

240 3345 407 3433 patrueles
446 3351 479 3410 et
518 3343 682 3410 amitinos.
743 3345 818 3410 Lex
857 3364 951 3428 erge,
998 3343 1092 3410 ouius
1126 3365 1215 3410 nuno
1266 3348 1369 3414 latam
1395 3348 1520 3414 nenseri
1548 3369 1613 3414 unu
1642 3347 1759 3414 debere
1787 3347 1823 3410 in
1850 3353 1943 3429 parte
1970 3345 2052 3410 iuris
2082 3346 2249 3430 gentium,

238 3435 279 3502 fit
299 3431 436 3510 mentio,
465 3430 506 3496 de
527 3451 631 3496 uxore
653 3430 764 3496 fratris
785 3431 906 3495 mortui
928 3428 1076 3496 dunanda
1097 3429 1140 3496 ad
1161 3451 1215 3496 eos
1266 3434 1461 3518 praesertim
1482 3454 1586 3516 quum
1605 3432 1693 3516 apud
1711 3433 1791 3498 alios
1810 3431 1945 3514 populos
1963 3439 2248 3498 eontemneretur:

238 3527 371 3586 tantum
399 3523 556 3601 eognatos
585 3515 755 3602 dirigitur,
790 3517 845 3600 qui
871 3515 993 3599 alioqui
1019 3537 1086 3582 neu
1112 3517 1215 3600 impe·
1267 3519 1464 3602 respondeo,
1497 3519 1716 3603 eorruptelam
1742 3538 1825 3602 quae
1853 3523 2002 3602 grassata
2029 3517 2092 3582 fuit
2118 3517 2251 3599 passim

239 3605 378 3672 diuntur
403 3623 423 3668 a
450 3601 510 3668 tali
537 3603 699 3687 noniugie:
731 3601 809 3686 quia
829 3601 901 3666 Deo
924 3603 1128 3686 propositum
1149 3624 1215 3668 non
1267 3607 1303 3671 in
1322 3605 1469 3686 Oriente,
1493 3627 1560 3672 uon
1580 3605 1700 3671 mereri
1718 3625 1838 3670 nomen
1854 3603 1936 3668 iuris
1958 3603 2117 3687 gentium,
2140 3625 2249 3686 quum

238 3689 310 3770 luit,
333 3709 375 3755 ns
395 3686 572 3754 internidat
591 3709 710 3753 nomeu
731 3688 867 3766 mortui,
896 3688 1081 3754 incestuosa
1102 3689 1215 3754 eoniu-
1267 3692 1435 3762 barbaries
1463 3693 1576 3771 fuerit,
1604 3699 1637 3756 et
1664 3689 1822 3758 eastitatis
1851 3687 2131 3770 voffioundiaequfl
2161 3689 2249 3756 obli.

264 3779 295 3842 'a
316 3774 516 3861 permittere,
536 3794 619 3858 quae
641 3773 718 3840 alibi
740 3772 964 3840 damnaverat.
999 3771 1112 3856 Quare
1134 3773 1215 3841 haee
1267 3779 1331 3844 vio.
1375 3779 1480 3844 Porro
1501 3775 1588 3862 quod
1609 3776 1762 3842 naturale
1783 3783 1850 3854 est,
1878 3775 1969 3840 nullo
1997 3794 2163 3840 eensausu
2191 3773 2249 3840 vel

239 3799 286 3928 ib
341 3859 440 3927 simul
471 3860 574 3944 probe
607 3859 823 3938 eonveniunt,
856 3881 1050 3944 germanum
1080 3861 1216 3926 fratrem
1267 3884 1359 3930 more
1377 3863 1478 3930 dolori
1498 3869 1611 3947 potest
1646 3860 1840 3928 rlleuendum
1856 3861 1967 3945 igitur,
1990 3859 2251 3944 prohibitionem

239 3947 406 4034 prohiberi
427 3968 448 4012 a
469 3946 619 4032 oeniugie
648 3943 766 4012 viduae
792 3946 919 4014 fratris:
953 3953 987 4012 et
1007 3953 1120 4012 tamar
1140 3966 1215 4029 pro·
1268 3949 1308 4016 de
1330 3971 1395 4032 qun
1416 3971 1506 4016 nune
1528 3951 1668 4016 vertitur
1690 3948 1852 4032 quaestio,
1880 3968 1948 4012 non
1970 3967 2041 4014 essa
2063 3967 2105 4011 ex
2127 3965 2252 4012 aarum

239 4033 380 4120 pinques
406 4031 479 4096 iure
504 4031 707 4118 nognationis
734 4031 896 4118 obstringi
922 4029 964 4096 ad
989 4051 1102 4098 samen
1128 4053 1216 4096 mor·
1267 4056 1421 4115 numero,
1452 4057 1536 4118 quan
1571 4056 1630 4118 pro
1656 4042 1840 4118 temporum
1871 4040 1904 4097 et
1929 4031 2074 4098 lonorum
2102 4032 2250 4098 eirnum·

241 4119 308 4184 tuis
329 4117 563 4198 suseitandum,
585 4117 644 4184 ubi
663 4117 804 4184 liberum
821 4117 943 4202 alioqui
959 4139 1002 4182 ex
1018 4117 1216 4200 praeseripte
1268 4121 1400 4188 stautiis
1427 4121 1579 4206 abrogari
1605 4129 1744 4203 queant:
1771 4119 1828 4186 sed
1856 4120 1958 4200 fluere
1986 4116 2028 4182 ab
2054 4119 2125 4200 ipso
2153 4117 2250 4182 fonte

240 4203 324 4288 legis
353 4203 542 4286 coniugium
574 4213 632 4270 est
693 4203 767 4268 Han
798 4204 925 4270 ratione
955 4203 1044 4269 Boea
1078 4223 1216 4268 uxorem
1268 4215 1421 4286 naturae,
1448 4215 1482 4272 et
1509 4207 1680 4273 fundatam
1703 4227 1774 4274 esse
1800 4205 1835 4270 in
1861 4203 2009 4288 generali
2033 4203 2146 4288 legum
2175 4223 2251 4269 om-

241 4289 336 4356 duxit
356 4287 461 4368 Ruth,
483 4309 567 4372 quae
588 4298 665 4355 ante
682 4296 787 4372 nupta
803 4290 912 4356 fuerat
931 4288 1002 4355 eius
1019 4289 1216 4373 musangui·
1267 4294 1359 4360 nium
1381 4294 1557 4377 prinnipio:
1583 4291 1668 4376 quod
1696 4299 1892 4376 perpetuum
1913 4298 1963 4356 est
1984 4309 2021 4356 eo
2042 4287 2250 4355 inviolabile.

241 4396 312 4442 neo.
363 4373 410 4439 Et
437 4393 480 4438 ex
505 4373 644 4441 historia
671 4375 751 4442 satis
772 4383 878 4459 patet,
907 4373 1015 4459 legem
1041 4373 1083 4439 ad
1104 4395 1217 4440 omnes
1267 4379 1361 4446 Deus
1383 4379 1514 4462 quidem
1536 4399 1660 4446 moram
1688 4379 1744 4462 qui
1772 4375 1859 4460 apud
1879 4375 2061 4462 Aegyptios
2080 4383 2114 4440 et
2134 4375 2250 4457 profu·

241 4458 500 4544 oonsanguineos
521 4467 692 4544 spectasse.
744 4459 842 4543 Quod
868 4461 990 4544 siquis
1013 4459 1216 4527 adhuenou-
1268 4487 1329 4531 nas
1347 4473 1462 4550 gentes
1480 4465 1673 4544 invaluerat,
1696 4464 1759 4531 sibi
1777 4462 1948 4547 displinere
1966 4467 2113 4528 testatur.
2143 4460 2250 4527 Unde

242 4545 357 4613 tendat
388 4545 506 4610 fratrea
537 4567 711 4630 garmanos
742 4547 777 4612 in
806 4547 868 4614 hoo
900 4567 1038 4620 numero
1070 4567 1216 4630 eompre-
1268 4550 1323 4616 id?
1353 4552 1417 4618 nisi
1439 4551 1526 4635 quod
1552 4551 1755 4629 foeditatam,
1784 4550 1860 4616 linet
1880 4548 2051 4614 hominum
2073 4546 2250 4631 suffragiis

241 4630 358 4710 hendi,
391 4629 505 4696 eadem
533 4631 660 4698 ratione
688 4630 838 4698 dunanda
868 4653 980 4700 sonere
1013 4632 1049 4698 in
1080 4653 1218 4698 uxorem
1268 4636 1453 4722 probatam,
1482 4635 1634 4721 repudiat
1660 4637 1730 4720 ipse
1757 4643 1895 4702 naturae
1923 4654 2039 4700 sensus
2067 4639 2167 4716 atque
2189 4653 2249 4698 aa·

241 4720 359 4786 fuisset
379 4737 500 4800 nurus,
529 4725 563 4782 et
587 4739 670 4784 uxor
698 4717 826 4802 nepotis
848 4725 980 4802 patrue,
1007 4718 1073 4783 imo
1095 4725 1129 4783 et
1149 4719 1217 4801 pri·
1268 4722 1450 4808 parnatur'l
1484 4721 1575 4790 Olim
1595 4743 1695 4807 quum
1718 4720 1877 4788 Olaudius
1898 4719 2084 4803 Imperator
2104 4737 2249 4784 uxorem

241 4805 342 4904 vigne
363 4822 519 4901 noverea:
549 4803 632 4953 {aad
657 4802 745 4870 dlotu
768 4803 958 4886 pudendum
980 4811 1039 4870 est.
1083 4801 1123 4870 si
1145 4805 1218 4888 quis
1269 4809 1332 4876 sibi
1353 4809 1546 4892 sumpsisset
1567 4807 1786 4893 Agrippinam
1812 4813 1945 4890 neptem
1967 4825 2075 4884 suam,
2102 4802 2249 4870 tollendi

242 4891 381 4967 ebriniet,
401 4887 486 4954 filios
508 4889 549 4954 Iu
574 4909 611 4954 ae
632 4889 705 4954 Her
723 4889 864 4956 etOnun
887 4887 1009 4957 etSela
1025 4889 1126 4958 fuisse
1143 4911 1218 4974 ger·
1269 4895 1381 4980 probri
1409 4915 1522 4974 nausa,
1556 4892 1874 4962 senatusnousultum
1900 4891 1972 4957 fieri
2006 4891 2148 4968 curavit,
2178 4911 2249 4974 quo

243 4996 372 5052 manns,
401 4973 547 5040 Thamar
569 4982 678 5040 tamen
700 4975 825 5042 duobus
848 4975 1014 5059 nupsisse,
1044 4975 1161 5043 solutio
1182 4976 1219 5041 in
1269 4981 1411 5046 dabatur
1430 4981 1549 5048 talibus
1570 4979 1730 5064 noniugiis
1748 4977 1890 5044 libertas.
1928 4977 2033 5043 Nemo
2054 4985 2167 5042 tamen
2191 4997 2249 5042 re-

1270 5075 1383 5150 pertus
1409 5075 1473 5134 est.
1503 5067 1560 5151 qui
1588 5065 1775 5149 exemplum
1801 5064 1925 5130 imitari
1951 5063 2067 5141 vellet,
2101 5070 2248 5144 excepto

314 5177 344 5240 ιι
412 5178 506 5234 atem
522 5185 549 5236 ,a
569 5179 769 5248 gmmgg
790 5181 889 5238 pm,
908 5179 1107 5251 ratapant,
1131 5181 1217 5235 Lm
1269 5152 1568 5218 duntaxat'libarto
1588 5173 1663 5218 uno.
1695 5149 1874 5217 Dissimilis
1895 5169 2000 5226 narrsa,
2022 5149 2137 5214 fateor.
2171 5147 2250 5213 Ve-

244 5265 274 5322 ρ.
293 5245 354 5314 668,
427 5263 488 5302 aon.
503 5265 532 5318 p.
551 5246 609 5317 ⁷51,
630 5247 732 5304 Obouet
744 5267 774 5322 p.
790 5249 851 5320 491,
869 5251 955 5306 Amat.
971 5267 1000 5321 p.
1017 5248 1079 5304 224.
1268 5260 1343 5304 rum
1370 5237 1405 5304 id
1436 5239 1549 5317 retuli,
1582 5247 1620 5306 ub
1645 5245 1801 5322 appareat
1827 5235 1915 5320 apud
1940 5241 2057 5320 genios
2083 5232 2248 5318 profe-uas
