4782 6010
1021 381 1391 452 PROLEGOMENA.
2121 383 2213 458 m

190 572 428 657 Zulingensem
449 573 509 638 tibi
530 571 686 638 sistimus.
723 573 776 638 Ibi
797 579 907 638 exstat
935 581 1044 638 eertus
1072 571 1191 656 aliquis
1220 571 1323 638 uodex
1344 573 1384 638 N.
1407 577 1446 638 14
1469 573 1670 658 designatus,
1694 577 1758 644 dno
1779 577 1952 644 volumina
1973 577 2206 661 eompleotens,

191 684 317 766 inquo
340 685 410 750 lere
433 688 495 748 360
517 684 674 769 epistolae
696 685 840 750 maxime
862 683 906 749 ad
926 683 1164 768 Wollgangum
1183 683 1374 752 Musonium
1395 683 1492 752 datae
1510 697 1732 755 asservantur.
1766 689 1839 754 Iam
1861 687 2024 756 Simlerus
2044 689 2206 773 plurimas

194 795 273 862 lrino
292 797 330 861 in
353 817 447 862 suam
476 795 701 862 uolleotionem
730 794 856 862 retulit:
888 817 948 861 nos
975 793 1116 880 singulis
1144 794 1321 880 diligenter
1346 797 1503 881 inspeetis
1530 799 1565 864 in
1594 820 1724 864 summa
1745 801 1814 865 fere
1836 799 2008 867 duodeoim
2029 811 2088 865 aut
2106 801 2206 883 quin-

197 897 302 974 deuim
325 909 523 974 retinuimus
545 908 734 992 intorques
756 917 824 973 tres
845 908 936 973 fuere
959 906 1101 974 (lalvini
1145 907 1214 972 Res
1236 927 1305 972 non
1330 907 1428 974 multi
1451 909 1580 976 sudoris
1601 911 1672 990 fuit,
1701 898 1878 995 quum'vir
1900 911 2151 994 honestissimus
2173 913 2206 976 ei

196 1019 414 1087 bibliotheeae
434 1019 628 1103 praelautus,
651 1017 727 1086 (lar.
750 1017 996 1114 Sohauenberg,
1019 1017 1200 1086 dioeoeseos
1223 1017 1395 1098 monus,
1423 1021 1632 1102 paratissime
1654 1023 1767 1088 omnia
1794 1023 1887 1089 nobis
1915 1022 2204 1104 aouommodasset,

197 1141 231 1198 et
246 1131 328 1198 satis
349 1132 409 1197 otii
430 1141 601 1214 supererat
621 1139 659 1198 ut
680 1143 715 1196 et
736 1130 798 1196 loei
820 1131 1018 1217 amoenitate
1040 1139 1075 1194 et
1095 1129 1249 1214 hospitali
1271 1131 1451 1197 amicorum
1472 1135 1665 1200 oommeroiu
1686 1135 1880 1200 frueremur.

1149 1416 1173 1497 s.
1196 1413 1256 1478 vr.

995 1549 1143 1604 ooulcus
1161 1549 1402 1606 Pssrslssusus.

353 1689 491 1757 Parisiis
519 1689 555 1753 in
585 1687 747 1754 ditissima
777 1688 835 1754 illa
856 1685 1051 1754 bibliotheca
1078 1709 1161 1772 quae
1183 1689 1261 1754 olim
1284 1690 1345 1755 sub
1367 1689 1500 1755 nomine
1521 1691 1630 1774 regiae
1651 1691 1818 1771 induruit,
1847 1690 1998 1775 deinoeps
2020 1712 2079 1774 pro
2100 1691 2205 1758 variis

195 1801 434 1870 mutationibus
456 1801 502 1867 rei
524 1799 674 1884 publioae
696 1821 785 1866 nunu
801 1799 981 1885 imperialis
999 1819 1087 1864 nuno
1105 1800 1281 1867 nationalis
1299 1800 1386 1867 dieta
1403 1811 1463 1880 est,
1485 1799 1597 1885 plures
1614 1812 1747 1868 exeunt
1763 1803 1889 1868 uodioeu
1906 1823 1944 1868 eo
1961 1803 2067 1888 magis
2086 1811 2205 1868 notatu

197 1915 290 2000 digni
312 1911 399 1997 quod
421 1933 504 1995 quae
525 1913 566 1978 iis
588 1911 798 1977 eontinentur
820 1911 984 1997 epistolae,
1008 1893 1069 1977 etsi
1091 1913 1198 1978 rarius
1219 1912 1443 1998 autographae
1465 1922 1552 1992 sunt,
1574 1913 1768 1997 plemmque
1788 1927 1898 1980 tamen
1919 1914 1998 1980 alibi
2019 1935 2087 1979 non
2108 1935 2204 1998 repe-

196 2027 340 2104 riuntur,
361 2024 499 2107 ideoque
521 2021 616 2088 nobis
640 2023 903 2116 suthentioorum
925 2023 1163 2106 exemplarium
1191 2023 1262 2090 loeo
1282 2023 1398 2091 haberi
1417 2024 1546 2091 debent
1590 2023 1687 2092 Unde
1709 2035 1743 2091 et
1764 2047 1828 2109 quo
1848 2025 1920 2091 iure
1939 2025 2111 2091 Lutetiam
2133 2027 2205 2091 sin-

197 2137 268 2223 guli
292 2137 518 2220 pervenerint,
546 2135 597 2200 vel
628 2136 663 2200 in
684 2157 803 2201 manus
826 2157 984 2201 somma
1005 2135 1123 2219 quibus
1153 2147 1320 2219 postrema
1349 2137 1420 2203 vioe
1447 2136 1609 2221 redempti
1638 2145 1732 2216 sunt,
1762 2137 1935 2204 nescimus.
1978 2137 2065 2203 ane
2086 2155 2202 2202 eorum

196 2249 359 2316 notitiam.
1646 2315 1649 2322 ,

350 2363 391 2426 Α.
439 2358 603 2426 Oolleets‘ou
620 2358 742 2442 Dupuq
759 2357 912 2426 volate.
947 2357 1078 2424 Titulus
1100 2359 1265 2442 promittit
1285 2359 1451 2441 Epistulas
1473 2359 1703 2444 theologorum
1724 2360 1927 2444 quorundam
1949 2359 2204 2444 protestantium

197 2473 241 2538 ad
268 2473 316 2538 Io.
345 2471 523 2538 calvinum
543 2479 578 2535 et
605 2470 667 2536 uh.
696 2471 826 2536 Benam.
880 2472 995 2554 Atque
1019 2469 1060 2535 ad
1087 2471 1177 2536 hune
1205 2471 1301 2536 datae
1326 2471 1446 2536 adsunt
1474 2471 1650 2554 plurimae,
1677 2472 1758 2536 item
1785 2471 1965 2537 nonnullae
1993 2470 2035 2536 ad
2063 2471 2107 2537 Is.
2135 2469 2201 2537 Oa-

198 2585 394 2652 saubonum.
448 2582 489 2648 In
510 2583 618 2648 fronto
640 2591 752 2647 tamen
778 2581 898 2648 oodiuis
915 2582 1083 2666 leguntur
1110 2583 1227 2666 viginti
1250 2593 1283 2647 et
1305 2603 1372 2647 una
1394 2582 1675 2662 Melanehthunis,
1704 2581 1846 2662 Sulneri‚
1876 2582 2024 2662 Gallasii,
2048 2580 2201 2662 Sturmii,

198 2697 375 2782 Martyris,
404 2693 542 2758 aliorum
571 2693 613 2759 ad
635 2693 815 2759 Calvinum
842 2695 1064 2778 autographae
1094 2702 1288 2776 praeterque
1315 2693 1403 2759 huno
1423 2693 1531 2758 looum
1560 2693 1639 2760 alibi
1660 2715 1728 2758 non
1749 2703 1974 2774 ouonrrentes;
2004 2695 2199 2760 tumetium

197 2808 341 2892 quinque
359 2805 555 2872 dueumenta
576 2807 784 2889 eaeteroquin
805 2807 886 2872 satis
907 2813 987 2872 nuta
1009 2804 1050 2869 ad
1072 2805 1241 2890 negotium
1263 2805 1303 2870 de
1314 2803 1485 2871 Oonsensu
1507 2805 1666 2890 'ligurino
1688 2807 1887 2890 pertinentia
1911 2825 1993 2890 quae
2015 2806 2083 2871 iam
2104 2805 2199 2870 exhi-

198 2909 332 2986 buimus
352 2919 453 2984 'l'omo
475 2915 553 2982 vil.
803 2930 805 2937 ·
1191 2963 1194 2970 ,

273 3057 277 3068 ’
352 3029 391 3096 Β.
439 3027 611 3094 Goueutou
625 3029 747 3110 Dupuq
772 3027 845 3094 Vol.
874 3032 940 3094 102.
987 3028 1091 3096 Ouius
1117 3029 1294 3096 voluminis
1322 3029 1490 3112 inseriptiu
1521 3028 1601 3094 haee
1632 3037 1697 3095 est:
1728 3030 1847 3096 Leltres
1874 3030 1912 3095 de
1937 3028 1969 3095 J.
1995 3027 2107 3094 Ouluu'u
2134 3033 2203 3094 tout

197 3141 368 3224 oriqiuulee
395 3161 454 3221 que
481 3141 590 3221 copies.
636 3139 756 3205 Leltres
783 3141 820 3204 de
849 3141 953 3206 diuers
979 3142 1119 3207 doetews
1145 3141 1237 3207 audit
1260 3139 1380 3206 Ouloiu
1424 3140 1564 3207 Summa
1592 3141 1742 3206 omnium
1770 3151 1821 3208 est
1848 3149 1980 3207 eentum
2008 3149 2041 3205 et
2062 3138 2217 3226 quadra-·

197 3253 300 3338 ginta
323 3252 390 3318 soil.
414 3256 454 3316 39
477 3252 613 3336 gallioae
634 3260 667 3316 et
696 3257 749 3315 101
774 3251 903 3326 latinae.
936 3253 1171 3339 Autographae
1192 3263 1270 3318 sunt
1291 3250 1374 3317 duae
1392 3251 1522 3318 Oalvini
1546 3253 1587 3318 ad
1602 3253 1772 3318 Farellum
1792 3261 1826 3318 et
1847 3253 2041 3337 Martyrum,
2064 3260 2098 3318 et
2120 3250 2202 3317 duo-

197 3364 359 3449 deviginti
380 3364 519 3429 aliorum
541 3362 582 3428 ad
604 3363 790 3430 Calvinum.
835 3365 994 3431 (lautores
1015 3386 1127 3430 omnes
1149 3385 1169 3429 a
1190 3365 1370 3430 recentiore
1397 3362 1538 3446 quodam
1560 3366 1630 3431 viru
1659 3363 1753 3431 dooto
1781 3364 1962 3448 descriptae
1984 3373 2018 3430 et
2039 3373 2077 3428 ut
2097 3363 2203 3448 pluri·

197 3497 291 3542 mum
314 3497 381 3540 uno
402 3484 525 3552 tenore,
548 3497 615 3541 uon
637 3476 815 3561 sigillatim,
837 3498 896 3560 per
918 3476 1074 3560 quosdam
1096 3475 1266 3542 fasoieulos
1288 3475 1441 3542 oolleotae
1463 3483 1497 3540 et
1518 3475 1698 3560 oolligatae.
1744 3475 1840 3542 Unde
1861 3475 1935 3541 illas
1958 3475 2111 3542 habuerit
2131 3477 2204 3560 ipso

197 3595 328 3654 tanente
349 3587 438 3652 haud
460 3588 553 3654 faoile
575 3587 691 3671 aliquis
713 3587 814 3655 dieat:
845 3589 931 3654 ultra
958 3597 1091 3656 uentum
1119 3590 1153 3652 in
1176 3587 1238 3653 hou
1267 3609 1404 3654 numero
1425 3589 1635 3670 reperiuntur
1655 3609 1736 3672 quas
1758 3587 1835 3653 alibi
1857 3608 1925 3653 non
1947 3579 2103 3666 vidimus,
2132 3585 2210 3671 gal·⁴

198 3699 282 3767 liuae
305 3699 435 3766 Oalvini
457 3699 607 3778 sedecim,
631 3699 770 3766 aliorum
793 3722 921 3780 novem,
943 3701 1064 3766 latinae
1087 3699 1226 3784 triginta
1248 3707 1281 3763 et
1304 3721 1371 3764 una
1392 3697 1533 3776 Oalvini,
1557 3711 1590 3764 et
1611 3699 1830 3783 quadraginta
1851 3709 1924 3765 outo
1946 3699 2094 3764 aliorum.

353 3811 390 3877 0.
436 3810 544 3876 Fouds
563 3812 709 3892 {suaeuis
733 3817 811 3876 2391
838 3795 916 3877 olim
939 3817 1023 3877 8069
1035 3811 1168 3876 Buluue.
1202 3805 1371 3894 Epistulae
1393 3817 1527 3876 mutuae
1545 3809 1676 3879 Caluini
1698 3821 1731 3876 et
1748 3809 1912 3876 Ludovioi
1935 3809 1980 3875 dn
2000 3809 2108 3887 uillae,
2131 3819 2206 3892 post

199 3923 301 3988 huius
322 3923 465 3988 reditum
488 3925 522 3988 in
546 3923 692 3990 Galliam
714 3933 747 3988 et
767 3924 808 3989 a'd
826 3945 924 3990 saera
946 3925 1052 4007 patria
1074 3924 1226 4006 scriptae,
1256 3933 1368 3988 ternae
1390 3922 1579 4005 utriusque,
1603 3921 1745 4018 gallioae
1774 3933 1806 3987 et
1833 3921 2041 4005 apographus
2063 3929 2203 4000 tantum,
2231 3963 2233 3970 ,

198 4033 357 4101 sed-alibi
379 4057 446 4100 non
469 4043 646 4102 exstantes.
690 4035 959 4102 Praefatiunoula
980 4035 1204 4118 praemittitur
1225 4034 1320 4100 haee:
1490 4115 1494 4126 ·

356 4145 555 4213 S'eusue'oeut
572 4167 707 4212 eumaeo
733 4149 863 4230 epistres
891 4149 929 4213 de
956 4148 1040 4212 deux
1068 4148 1173 4212 uuues
1195 4146 1329 4212 hommes
1348 4146 1489 4227 srurroous
1517 4147 1574 4226 qul
1602 4121 1755 4211 s’estoieul
1782 4147 1894 4211 retiret
1921 4145 1959 4210 de
1979 4139 2049 4210 leur
2066 4146 2150 4226 puis·
2163 4165 2202 4211 eu

199 4257 402 4343 Aleuruique,
431 4264 500 4342 ely
522 4261 644 4325 avolent
664 4257 769 4348 laute
790 4261 919 4342 quelque
941 4264 1039 4342 temps
1060 4259 1187 4352 espuis
1209 4237 1263 4338 qul
1285 4263 1336 4322 out
1360 4256 1469 4324 reisue
1491 4257 1687 4324 loleissuuee
1707 4257 1752 4322 du
1775 4256 1863 4340 Pupe
1884 4257 1922 4322 de
1946 4255 2054 4334 Rome,
2076 4257 2203 4339 uusques

197 4391 222 4435 a
241 4390 274 4436 oe
295 4389 353 4451 que
374 4371 440 4434 l’uu
461 4369 581 4451 deuia,
609 4375 736 4436 sedunt
756 4372 868 4452 separe
889 4373 926 4437 de
954 4370 1067 4436 l'uulre
1090 4390 1174 4452 pour
1194 4369 1314 4435 lulum
1331 4369 1459 4451 quelque
1479 4375 1578 4452 temps
1598 4391 1636 4435 eu
1657 4375 1746 4436 utere
1767 4373 1883 4458 ooeuree
1903 4368 2120 4452 d'Alemuique
2140 4389 2203 4434 uon

198 4483 357 4564 meluis
377 4483 416 4549 de
436 4482 558 4547 diverse
578 4477 670 4561 seete,
695 4481 889 4563 fiuablemeul
909 4487 975 4548 seu
996 4487 1144 4550 sumena
1164 4502 1202 4546 eu
1223 4480 1360 4547 Flauum
1380 4475 1492 4546 luere
1512 4482 1695 4547 wumuaut
1714 4501 1752 4546 eu
1774 4480 1967 4563 Aleumique,
1990 4501 2028 4545 eu
2042 4501 2109 4558 ,uae
2130 4479 2203 4546 ville

198 4613 242 4658 uu
262 4593 289 4658 sl
307 4596 397 4658 uuolt·
406 4596 503 4676 prius
523 4593 635 4678 ehorqe
655 4595 693 4660 de
708 4594 869 4676 preclua:
895 4595 933 4658 de
960 4593 1095 4677 laquelle
1122 4592 1252 4676 quelque
1272 4597 1370 4674 temps
1399 4609 1492 4674 apres
1517 4592 1542 4656 il
1568 4592 1620 4674 ful
1647 4591 1818 4658 dueluese.
1870 4591 2045 4675 Lesquelles
2071 4592 2204 4673 epistres

198 4705 307 4790 furuit
328 4707 472 4788 comples
492 4707 531 4772 de
553 4704 619 4771 l'uu
641 4728 662 4772 u
683 4706 804 4784 l’oulre,
818 4689 1060 4786 preeueremeut
1082 4726 1139 4770 sur
1158 4706 1186 4770 le
1205 4699 1284 4787 faiel
1304 4705 1348 4770 du
1368 4709 1472 4770 retour
1493 4703 1531 4769 de
1550 4703 1618 4768 l'uu
1638 4723 1677 4769 eu
1699 4701 1832 4785 Fronte,
1851 4709 1880 4769 et
1894 4705 1973 4787 puls
1989 4723 2048 4768 sur
2070 4702 2099 4768 le
2121 4702 2202 4784 faiel

199 4815 246 4882 aa
270 4817 516 4884 deselassemeut
532 4819 570 4884 de
591 4793 796 4884 l‘uutre'hors
819 4818 853 4884 lu
872 4817 948 4884 etue
969 4839 1010 4884 uu
1031 4817 1058 4882 ll
1079 4815 1163 4883 auoit
1184 4817 1246 4882 este
1266 4837 1355 4881 reeeu
1370 4815 1549 4898 presolreau.
1655 4853 1660 4866 ·
1720 4859 1725 4872 ·

352 4928 472 4995 Editae
493 4938 573 4995 sunt
595 4930 636 4995 ab
647 4929 838 4996 Alexandro
852 4927 981 4995 Orottet
1008 4929 1048 4994 de
1071 4949 1135 5011 quo
1155 4927 1233 4994 vide
1252 4948 1353 5010 supra
1373 4947 1445 5010 pag.
1457 4925 1571 4994 XVII.
1594 4937 1629 4992 et
1649 4947 1670 4991 a
1690 4927 1777 4992 Iulio
1789 4928 1930 4993 Bonnet.
1969 4927 2070 4991 Hune
2092 4925 2200 4991 solum

197 5039 343 5108 uodiuem
365 5041 460 5108 nobis
480 5043 696 5125 Argentorati
722 5039 931 5108 tractandum
957 5040 1180 5124 permiserunt
1205 5038 1418 5106 bibliothecae
1440 5038 1636 5105 Parisiensis
1663 5040 1831 5122 praeseuti,
1860 5039 1997 5106 uastatis
2025 5039 2113 5103 intra
2139 5059 2202 5104 sua

194 5153 367 5240 pomoeria
388 5153 579 5220 evolvendis
602 5161 635 5218 et
662 5151 885 5220 deseribendis
905 5152 1049 5218 multum
1070 5151 1226 5236 temporis
1253 5161 1286 5216 et
1312 5151 1387 5234 plus
1408 5153 1492 5216 aeris
1514 5139 1703 5235 impendere
1725 5152 1829 5218 ooaoti
1849 5151 1978 5217 tumus
2022 5149 2064 5215 In
2086 5149 2203 5216 eodem

195 5263 309 5334 oudiue
331 5271 442 5330 exstat
463 5274 631 5348 praeterea
652 5264 774 5330 Buoeri
795 5285 871 5330 oum
893 5263 1011 5330 umero
1035 5263 1266 5330 oommeruium
1287 5261 1491 5346 epistoliuum
1512 5262 1553 5328 de
1574 5262 1672 5329 rebus
1694 5261 1780 5328 fidei.

303 5365 413 5422 Gabini
428 5383 520 5436 opera
562 5367 621 5424 Vol.
638 5367 674 5420 X.
702 5365 736 5422 P.
754 5365 798 5421 11.
1976 5361 2000 5418 ll*
