4820 6016
150 361 214 424 109

1051 365 1131 428 1537
1153 357 1245 426 IUN.

2090 365 2150 428 110

147 551 223 611 tum
247 546 483 613 confessionem
512 549 631 632 ipsam,
662 559 733 616 tum
762 551 822 617 has
851 550 965 616 literas
991 549 1031 614 sd
1054 549 1127 615 illos
1178 546 1314 614 miserat
1334 545 1416 610 mihi
1434 553 1469 611 et
1490 544 1609 612 Mauro
1630 544 1684 612 hic
1705 545 1913 631 amplissime.
1951 547 2101 614 Veleati
2127 549 2153 602 '-

147 633 241 716 ipsos
264 634 363 698 etiam
386 635 504 700 tratres
530 636 710 702 mittendas
735 657 838 714 cures,
861 645 918 702 aut
934 637 1041 720 potius
1058 656 1127 786 ppse

146 719 294 802 propriis
315 720 380 785 tuis
400 719 506 786 literis
528 742 638 788 eorum
662 723 789 788 animos
814 723 943 807 placare
965 722 1058 786 inten

146 803 246 868 Vale.
270 827 272 832 ’
296 805 459 870 Dominus
481 805 578 872 Iesus
607 828 666 874 vos
694 828 808 874 omnes
835 808 953 891 spiritu
981 828 1040 874 suo
1065 808 1126 870 im·

145 889 247 972 pleat,
270 910 334 974 quo
355 892 526 958 unanimes
553 895 695 959 nominis
717 895 768 960 sui
785 894 924 979 gloriam
947 914 1127 978 propagare

144 976 291 1058 possitis.
335 975 513 1064 Romaest)

758 1065 850 1131 Tuus
872 1063 1039 1131 Calvinus.

613 1505 663 1574 115.

388 1642 644 1712 GRYNAEUS
666 1643 883 1712 CALVINO.

233 1795 286 1863 De
316 1797 447 1864 66161166
468 1799 652 1864 Ariouisme'
679 1799 714 1864 irs
745 1799 934 1866 Genermses
964 1800 1127 1865 ministros

141 1882 249 1948 deluto
267 1903 328 1966 per
345 1904 500 1948 rumorem
511 1883 674 1964 publicum
692 1885 765 1950 olim
784 1887 1022 1967 commessurus,
1043 1905 1126 1952 nuuc

141 1969 224 2035 tacto
247 1989 353 2036 eorum
373 1971 564 2050 consessione
593 1972 671 2051 quid
692 1973 730 2037 de
751 1971 803 2036 so
823 1971 992 2036 columniis
1011 1973 1126 2037 sortire

140 2053 254 2122 debent
269 2053 367 2136 probe
387 2057 471 2120 66611
492 2060 521 2120 61
541 2055 603 2120 sibi
619 2057 717 2139 plura
733 2057 930 2139 satisfactum
952 2077 1018 2122 esse
1039 2058 1123 2122 dicit.

141 2139 301 2208 Curetum
321 2143 388 2206 iam
410 2141 511 2207 ualere
529 2141 619 2221 tutet,
642 2144 737 2208 iatum
758 2145 855 2208 talem
874 2143 999 2225 qualem
1023 2141 1126 2208 Goloi-

138 2247 206 2294 nus
229 2227 380 2310 dcpiupit.

139 2397 247 2460 (Manu
265 2397 367 2465 scripta
384 2413 438 2452 non
457 2402 556 2451 exstet.
592 2398 728 2468 Impressa
751 2399 851 2468 legitur
873 2399 945 2468 apud
963 2399 1063 2452 Beuum
1081 2399 1122 2454 ed.

138 2466 250 2588 (303³.
289 2464 363 2531 .363,
382 2465 461 2520 Laus.
480 2483 506 2536 p.
516 2465 557 2534 13,
576 2467 682 2521 Honor.
700 2485 726 2537 p.
737 2465 778 2534 14,
797 2467 902 2521 (lhouet
919 2465 1014 2538 ples,
1034 2470 1123 2522 Amet.

136 2551 164 2605 p.
263 2483 380 2603 (fenique
404 2551 446 2604 ap.
465 2535 642 2589 Strenberum
665 2553 691 2606 p.
709 2536 752 2590 53.
794 2537 865 2590 Rem
887 2535 914 2588 iu
943 2537 1064 2606 margine
1089 2555 1123 2591 ex

232 2603 332 2672 gallico
350 2605 511 2658 revertisse
529 2609 647 2658 testetur
665 2606 737 2674 quod
755 2605 801 2658 vix
818 2605 1036 2670 crediderimus.)

231 2771 330 2854 Quae
365 2775 448 2839 istae
482 2785 516 2840 et
544 2797 681 2859 quorum
712 2775 752 2842 de
779 2774 870 2842 vobis
903 2785 971 2843 tam
1003 2796 1122 2860 graves

133 2859 299 2946 querelae
321 2859 396 2938 sint,
422 2881 481 2946 ogo
498 2861 616 2928 neseio.
651 2861 769 2928 Nullae
792 2862 871 2927 dum
892 2865 979 2928 enim
1002 2862 1043 2926 ed
1061 2883 1122 2929 nos

133 2952 317 3014 venerunt.
370 2944 480 3030 Cupito
507 2967 574 3012 nou
601 2948 701 3013 semel
734 2947 775 3013 ad
807 2969 861 3013 me
894 2950 1006 3015 scribit
1034 2948 1121 3014 ultro

132 3032 390 3099 vestra'omnia
418 3053 592 3111 excusans,
622 3042 657 3098 et
683 3033 778 3099 valde
808 3034 963 3100 eeclesiae
990 3041 1121 3101 vestrae

131 3118 226 3184 bene
246 3117 390 3200 cupiens.
423 3119 553 3184 Rumor
569 3119 729 3205 principio
747 3121 858 3206 gravis
876 3142 955 3186 sane
973 3121 1043 3197 fuit,
1066 3121 1121 3219 qui

130 3225 190 3269 me
215 3202 330 3288 ipsum
352 3223 478 3288 qnoque
496 3205 651 3285 turbavit,
675 3227 778 3290 quum
795 3208 831 3270 in
849 3207 911 3271 isto
928 3213 1121 3292 praecorum

1179 643 1242 711 tur,
1264 632 1382 698 valeat.
1427 632 1587 697 Nostrum
1609 641 1660 697 est
1681 633 1716 696 in
1734 633 1797 698 ista
1818 653 1939 716 magna
1960 655 2071 700 rerum
2116 636 2154 700 'f-

1119 771 1125 786 .
1178 717 1323 783 ficultate
1355 715 1461 783 modis
1492 716 1644 782 omuibus
1677 717 1785 802 iungi,
1816 726 1851 783 et
1878 718 1987 784 divelli
2017 720 2153 788 minime

1178 804 1256 886 peti.
1300 803 1408 869 Poetis
1430 811 1480 868 est
1501 802 1655 870 ecclesiae
1684 815 1815 869 nostrae
1842 825 1909 869 una
1935 803 2015 871 haec
2042 807 2152 888 perni-

1179 891 1266 956 ciose
1292 890 1450 967 maxime,
1479 887 1564 971 quod
1591 889 1829 972 suspicionibus
1857 889 1953 956 valde
1980 891 2153 958 internos

1178 973 1382 1040 laboramus:
1405 987 1438 1039 61
1459 974 1580 1040 fratres
1602 972 1642 1040 de
1663 975 1820 1042 tratribus
1841 995 1916 1041 raro
1938 977 2074 1043 candide
2094 999 2151 1044 ve-

1179 1081 1278 1144 reque
1300 1059 1468 1138 sentimus‚
1491 1081 1595 1144 quum
1616 1060 1719 1126 lenire
1736 1069 1891 1145 oporteat,
1912 1069 1944 1126 et
1966 1063 2002 1126 in
2023 1071 2151 1146 purtem

1178 1147 1335 1229 optimam
1363 1145 1472 1211 omnia
1501 1145 1647 1212 trahere:
1682 1155 1716 1211 et
1743 1167 1810 1212 non
1844 1155 1921 1212 ente
1949 1149 2081 1214 sinistre
2111 1149 2152 1215 de

1177 1231 1278 1297 tratre
1299 1231 1466 1314 suspicari,
1489 1251 1587 1316 quam
1604 1231 1676 1315 ipsa
1694 1253 1747 1298 res
1764 1243 1966 1315 eventusque
1984 1236 2149 1319 coegisset

1177 1316 1233 1382 Ah
1256 1337 1355 1401 quam
1376 1317 1500 1382 malum
1524 1325 1574 1382 est
1595 1338 1660 1398 eos,
1683 1339 1765 1400 quos
1786 1338 1881 1384 nosse
1894 1317 2063 1386 Christum
2081 1341 2151 1387 ore·

1178 1402 1299 1482 dimus,
1329 1403 1363 1467 in
1386 1403 1604 1486 suspicionem
1632 1423 1768 1487 pravam
1795 1425 1911 1488 repere
1938 1406 2054 1472 subito.
2097 1408 2152 1474 Ite

1177 1487 1263 1570 quod
1283 1497 1471 1573 suspectum
1494 1489 1556 1554 erit
1574 1490 1676 1569 nobis,
1699 1489 1816 1556 inutile
1838 1488 2014 1556 reddimus.
2059 1492 2151 1560 hite-

1177 1595 1232 1640 ras
1244 1573 1408 1656 Capitonis
1428 1575 1546 1658 quibus
1567 1576 1689 1658 optime
1710 1575 1750 1640 de
1776 1576 1866 1641 robis
1888 1577 2009 1642 sentire
2031 1599 2067 1644 se
2085 1589 2152 1646 tes-

1177 1667 1276 1739 tatur,
1300 1661 1462 1726 misissem
1490 1660 1532 1725 ad
1559 1669 1592 1726 te
1619 1662 1683 1726 nisi
1711 1669 1825 1744 putem
1847 1663 1955 1744 ipsum
1978 1663 2018 1728 de
2040 1685 2076 1730 ue
2097 1683 2151 1730 ea-

1178 1744 1252 1810 dem
1281 1744 1322 1810 ed
1351 1753 1385 1810 te
1418 1747 1548 1829 saepius
1581 1747 1757 1830 scripsisse.
1809 1746 1906 1829 Quod
1935 1747 2085 1816 Forellue
2112 1749 2152 1818 de

1176 1833 1295 1897 comite
1317 1831 1457 1898 consulit
1477 1853 1637 1916 exsequar
1659 1831 1953 1916 apudGupu'tonem.
1989 1837 2039 1901 Tu
2061 1836 2151 1904 vale·

1176 1917 1228 1983 bis
1249 1918 1386 1982 interes.
1428 1919 1590 1983 Amemus
1616 1919 1652 1983 iu
1674 1919 1817 1984 Domino
1837 1940 1916 1986 vere
1942 1941 2017 2000 nos,
2048 1929 2081 1988 et
2101 1921 2150 1988 illi

1177 2010 1245 2068 toto
1275 2002 1374 2069 eorde
1401 2005 1592 2070 serviamus.
1645 2003 1761 2070 Salute
1787 2005 1905 2072 tratres
1933 2027 2048 2073 omnes
2077 2009 2152 2075 dili·

1199 2095 1302 2154 enter.
1337 2087 1510 2168 Forellum‚
1537 2090 1675 2156 Viretum
1685 2092 1875 2174 cumprimis
1892 2091 2149 2176 diligentissime.

1211 2175 1340 2239 ominus
1368 2174 1462 2242 Iesus
1491 2196 1551 2242 nos
1581 2177 1616 2241 in
1650 2197 1743 2242 suam
1772 2185 1918 2243 sanctem
1946 2179 2151 2247 voluntatem

1177 2268 1295 2326 servet.
1339 2261 1458 2348 Amen.
1471 2263 1495 2342 ¹)

1777 2347 1955 2434 Grynaeus
1976 2357 2063 2417 tuus.

1561 2571 1764 2581 ———-

1637 2755 1687 2825 611.

1195 2891 1372 2959 OAROLI
1395 2891 1458 2959 ΛΠ
1480 2891 1754 2961 MAGISTRAT
1776 2895 1840 2962 DE
1863 2895 2122 2965 LAUSANNu.

1260 3045 1298 3110 11
1316 3047 1481 3113 6661611661
1500 3052 1564 3114 tout
1580 3067 1612 3112 66
1633 3051 1712 3132 qu’e'l
1727 3051 1815 3116 avait
1831 3057 1961 3116 6661616
1978 3056 2007 3117 61
2020 3051 2146 3141 661611,

1150 3163 1151 3166 “
1173 3136 1241 3198 tout
1262 3132 1284 3196 d
1305 3133 1424 3218 l’tpord
1441 3133 1496 3198 des
1511 3135 1639 3215 prteres
1657 3133 1678 3199 ὰ
1694 3136 1779 3218 scire
1795 3155 1881 3218 poter
1899 3137 1942 3204 les
1959 3143 2065 3218 morto,
2088 3159 2147 3223 quc

1173 3217 1384 3284 relotieemeut
1406 3219 1428 3283 ὰ
1447 3218 1588 3284 suessa
1607 3221 1736 3287 6616666
1762 3223 1801 3288 de
1822 3241 1872 3288 ses
1893 3223 2097 3305 6166661666,
2117 3228 2146 3292 61

130 3297 341 3376 argumento
362 3289 559 3357 contendere
580 3312 639 3357 vos
665 3290 812 3357 audirem
834 3291 875 3357 de
896 3291 1121 3376 appellationi·
1165 3305 1238 3387 jetta
1261 3305 1289 3370 ῖς
1309 3305 1370 3387 defi
1392 3303 1414 3369 ὰ
1434 3323 1512 3370 ceux
1533 3305 1589 3388 qm·
1610 3305 1685 3372 t‘ont
1705 3308 1882 3374 coadunant.

129 3376 201 3442 bus
227 3395 441 3458 personarum
470 3375 671 3458 divinarum,
700 3385 774 3442 eta
801 3381 963 3444 consuetis
984 3378 1120 3444 vocibus

128 3461 318 3527 instituere
340 3461 498 3552 recedere.
530 3463 582 3528 Ea
600 3463 687 3527 euim
709 3483 762 3528 res
783 3463 958 3529 videbatur
979 3463 1121 3548 amplius

128 3567 222 3632 prae
246 3567 283 3611 66
301 3546 396 3612 forre.
430 3549 559 3613 Verum
580 3549 636 3614 ubi
657 3547 699 3614 ed
720 3569 781 3614 nos
804 3549 962 3615 confessio
984 3557 1042 3614 tua
1063 3571 1119 3614 ve·

128 3634 195 3714 nit,
223 3631 392 3697 neminem
413 3633 507 3700 video
529 3635 585 3718 qui
609 3656 675 3700 non
696 3636 775 3701 satis
797 3635 859 3700 sibi
880 3636 1002 3700 lactum
1024 3643 1119 3718 puta—

128 3721 187 3785 rit.
239 3717 329 3782 Mihi
350 3719 508 3801 privatim
528 3719 624 3788 valde
647 3717 767 3800 doluit,
794 3721 835 3786 ab
859 3721 899 3786 iis
926 3741 1061 3804 gravem
1082 3721 1119 3784 in

128 3803 282 3874 ecclesia
299 3807 540 3871 contentionem
559 3825 630 3872 esse
650 3815 807 3886 exortam,
826 3827 964 3890 qnorum
982 3814 1119 3890 uterque

126 3913 215 3957 mea
239 3899 327 3955 esset
348 3892 491 3956 amicitia
508 3899 542 3957 et
558 3891 793 3958 consuetudine
814 3915 893 3958 usus
911 3892 975 3957 diu.
1007 3893 1119 3958 Etiam

128 3979 199 4044 hoc
220 3975 378 4054 mirabar,
400 3976 561 4060 quomodo
578 3985 709 4043 tantum
730 3977 917 4044 incendium
939 3987 972 4043 et
993 3978 1118 4043 tamdiu

124 4064 284 4140 durans,
313 4068 347 4126 et
368 4062 506 4128 vixdum
535 4064 734 4130 exstinctum
760 4084 814 4129 me
840 4064 1000 4129 latuisset.
1044 4064 1118 4130 Hoc

124 4148 231 4234 queri
264 4146 353 4229 apud
381 4145 545 4214 Forellum
576 4150 726 4226 memini,
760 4170 797 4215 ac
828 4149 917 4214 aliud
949 4156 1118 4232 praeterea

123 4233 238 4301 nihil:
259 4233 325 4298 nisi
343 4234 428 4316 quod
447 4233 590 4300 dicerem
607 4235 716 4302 vereri
732 4257 795 4314 me,
813 4255 855 4300 ne
872 4235 964 4300 rudis
982 4243 1015 4300 et
1032 4255 1118 4300 nova
1207 4283 1213 4296 .

123 4319 294 4399 ecclesia,
322 4319 387 4384 nisi
416 4330 511 4386 caute
533 4321 817 4386 administraretur
844 4321 904 4386 sub
926 4321 1037 4398 initia,
1067 4341 1118 4386 oa-

121 4427 213 4492 pere
233 4425 395 4488 magnum
421 4405 665 4471 incommodum
691 4407 793 4489 possit
821 4407 861 4472 ab
889 4407 961 4472 istis
983 4412 1116 4472 conten·

122 4491 294 4558 tionibus.
340 4487 397 4556 Sic
422 4492 525 4576 igitur
552 4513 593 4558 ex
622 4513 674 4558 me
701 4491 802 4570 habe,
835 4492 1001 4556 neminem
1033 4493 1116 4558 scire

121 4601 185 4645 me
212 4577 274 4661 qui
296 4575 336 4640 do
357 4577 450 4644 vobis
467 4585 632 4661 queratur.
666 4576 813 4644 Gerulum
829 4577 930 4644 talem
947 4598 1018 4644 esse
1037 4599 1117 4661 qus·

121 4665 199 4731 lem
224 4663 286 4746 pin
312 4663 353 4740 's,
383 4662 472 4728 haud
501 4684 598 4748 aegre
621 4663 763 4729 adducor
791 4670 830 4728 ut
851 4662 998 4742 credam,
1029 4671 1116 4746 post·

122 4770 240 4835 qnam
266 4768 285 4812 a
328 4747 402 4815 illos
419 4771 439 4816 a
456 4748 548 4816 vobis
567 4749 783 4816 secessionem
800 4749 886 4814 facit.
920 4747 1011 4830 Quid
1028 4750 1116 4814 enim

121 4833 288 4902 instituit
304 4833 401 4915 eliud,
424 4857 523 4918 qnam
541 4835 627 4919 quod
644 4843 681 4901 tu
698 4835 814 4901 melius
832 4833 1000 4920 praedicis.
1034 4835 1116 4900 Pro-

245 5003 275 5072 t)
297 5003 385 5075 Quum
403 5005 436 5059 dc
451 5003 570 5060 Senatus
586 5006 707 5062 consulto
723 5005 798 5060 dicct
831 5021 866 5059 uo
883 5005 918 5060 ab
935 5004 1011 5059 6666·
1027 5005 1116 5073 ruspi-

121 5081 216 5206 ‘ep'orpe
229 5076 297 5198 pree
313 5073 468 5143 6166116666
485 5074 603 5129 obsolute·
616 5075 730 5142 suerint,
747 5092 784 5146 qu
832 5073 949 5129 Senatus
965 5075 1116 5129 demultum

145 5191 153 5204 ,
198 5187 206 5199 .
249 5143 317 5196 uati
331 5142 432 5197 66111661
449 5148 501 5210 est,
523 5149 600 5211 potet
621 5144 693 5198 bunc
744 5143 850 5199 16161666
871 5142 1116 5208 6666616616»-

1208 3475 1334 3543 (Ruchst,
1353 3476 1389 3529 V.
1408 3472 1451 3530 10.
1486 3475 1563 3532 Nous
1581 3476 1691 3532 n'evons
1709 3479 1787 3548 point
1805 3478 1932 3534 rotrouvd
1949 3478 2104 3552 l’origlnol.)

1171 3631 1204 3697 A
1224 3631 1526 3715 tresmagnifioques
1553 3639 1586 3697 et
1607 3631 1747 3698 honoros
1775 3635 1946 3718 seigneurs
1968 3634 2146 3704 Messieurs

1250 3716 1298 3783 les
1321 3715 1602 3801 bourguemaistre
1624 3727 1657 3784 61
1678 3719 1800 3786 conseil
1822 3719 1863 3785 de
1885 3719 2070 3787 Lausanne.

1257 3855 1572 3938 Tresmagnifioques
1595 3863 1629 3920 et
1651 3855 1793 3922 honores
1816 3857 1993 3940 seigneurs.
2037 3858 2145 3941 Apros

1170 3938 1304 4004 humble
1325 3939 1626 4006 recommendation
1644 3949 1679 4006 61
1696 3942 1785 4006 66161
1801 3963 1843 4006 66
1862 3951 1971 4008 nostre
1982 3941 2145 4027 Seigneur

1169 4023 1388 4091 IesusOhrist
1409 4027 1440 4090 ie
1460 4047 1543 4091 vous
1564 4047 1628 4112 pry
1650 4047 1732 4094 vous
1754 4028 1932 4093 maintenir
1948 4027 1979 4093 le
2000 4029 2074 4113 plus
2092 4051 2145 4096 se-

1170 4118 1302 4195 gement
1324 4119 1357 4176 61
1378 4110 1615 4177 modestement
1637 4133 1701 4196 que
1728 4133 1864 4196 pourren
1887 4134 1963 4180 sous
1985 4114 2033 4180 les
2055 4117 2144 4198 puis-

1170 4217 1283 4262 sences
1304 4196 1486 4262 ordonnees
1507 4197 1547 4262 de
1569 4196 1657 4264 Dieu
1685 4218 1761 4264 sans
1789 4199 1897 4265 blecer
1925 4211 2037 4266 vostre
2065 4222 2144 4268 oon-

1170 4301 1296 4348 6616666
1318 4284 1537 4349 ouoonsentir
1559 4305 1579 4349 a
1601 4305 1723 4349 erreur.
1757 4285 1795 4350 Ie
1817 4287 1973 4351 remercie
1987 4287 2075 4351 Dian
2096 4287 2144 4352 le-

1169 4368 1243 4450 quel
1254 4389 1315 4451 par
1326 4387 1362 4433 sa
1380 4389 1475 4454 grace
1492 4370 1628 4434 metire
1647 4370 1916 4436 honorablement
1934 4371 2020 4437 dune
2038 4371 2143 4440 bande

1168 4453 1309 4537 laquelle
1331 4453 1371 4520 de
1390 4455 1468 4538 long
1489 4462 1596 4538 temps
1618 4475 1671 4520 me
1694 4456 1890 4538 desplaisoit.
1923 4457 1969 4522 Et
1986 4458 2144 4524 touchant

1169 4547 1280 4605 nostre
1302 4539 1400 4605 debat
1420 4540 1446 4604 il
1467 4548 1542 4606 nest
1559 4561 1617 4623 pas
1635 4543 1719 4626 finy:
1742 4541 1767 4604 il
1784 4542 1866 4607 fault
1884 4563 1947 4626 que
1961 4543 2015 4609 166
2031 4551 2143 4610 euhoe

1168 4626 1300 4690 natione
1317 4625 1542 4692 chrestiennes
1560 4648 1602 4692 en
1613 4627 1728 4712 lugent
1738 4647 1859 4711 pource
1878 4628 1965 4712 quila
1983 4629 2143 4694 touobent

1168 4711 1422 4777 visceralement
1448 4711 1481 4776 16
1507 4710 1750 4778 fundamentele
1778 4713 1924 4781 doctrine
1949 4713 1993 4780 de
2018 4713 2147 4798 leglisey

1207 4931 1255 4993 65.
1271 4932 1300 4998 1)
1324 4931 1413 5002 Quum
1430 4932 1648 5001 decentessime
1664 4939 1760 4991 666166
1780 4934 1875 4990 066616·
1890 4935 2041 4990 calumnias
2058 4935 2142 5003 missu

1169 5001 1257 5070 611661,
1280 5008 1357 5070 potet
1380 5018 1440 5056 eum
1463 5003 1516 5058 boc
1538 5003 1653 5073 epistola
1675 5003 1849 5074 respondisse
1872 5003 1910 5057 ud
1929 5003 2141 5072 praecedentem.

1174 5069 1270 5125 Utrum
1287 5075 1376 5124 tomen
1393 5077 1448 5125 tom
1465 5073 1518 5127 otto
1535 5079 1566 5126 ut
1582 5073 1638 5127 ium
1660 5073 1705 5129 lu'c
1721 5073 1867 5127 1666666616
1882 5071 1981 5139 sum-it,
2004 5087 2042 5128 ors
2056 5075 2142 5149 poulo

1168 5139 1377 5206 6661666661
1395 5146 1444 5194 uct.
1481 5139 1576 5196 &rius
1593 5143 1702 5212 sumum
1725 5157 1781 5196 esee
1803 5157 1836 5196 66
1859 5156 1890 5196 66
1911 5141 2142 5212 661116666666666

118 5229 204 5288 pore
229 5211 362 5280 seriptum
383 5210 470 5276 sutore
494 5228 578 5282 quum
601 5213 647 5266 otc
670 5214 796 5268 66611116
820 5213 856 5268 sit
875 5209 1019 5266 Oalrr'uum
1041 5211 1117 5267 ultra
1168 5207 1242 5278 66611
1258 5207 1291 5262 dc
1306 5207 1399 5262 Oaros·
1414 5209 1562 5266 6666661666
1570 5211 1705 5280 16666166,
1723 5209 1865 5280 aeuum
1883 5207 1932 5265 boc
1949 5209 1982 5264 de
1998 5213 2141 5280 apostasia

121 5298 221 5356 quom
239 5294 348 5335 6666666
363 5279 448 5346 fuerit
465 5279 575 5336 Brruoe
591 5283 760 5338 resonuisse.

1141 5267 1146 5320 Ι
1168 5277 1285 5346 trullus·
1300 5275 1428 5333 661666.
