<?xml version="1.0" encoding="UTF-8"?>
<!DOCTYPE html PUBLIC "-//W3C//DTD XHTML 1.0 Transitional//EN"
    "http://www.w3.org/TR/xhtml1/DTD/xhtml1-transitional.dtd">
<html xmlns="http://www.w3.org/1999/xhtml" xml:lang="en" lang="en">
 <head>
  <title>
</title>
<meta http-equiv="Content-Type" content="text/html;charset=utf-8" />
  <meta name='ocr-system' content='tesseract 3.04.00' />
  <meta name='ocr-capabilities' content='ocr_page ocr_carea ocr_par ocr_line ocrx_word'/>
</head>
<body>
  <div class='ocr_page' id='page_1' title='image "./ioanniscalvinio05reusgoog/ioanniscalvinio05reusgoog_0124.png"; bbox 0 0 4804 6012; ppageno 0'>
   <div class='ocr_carea' id='block_1_1' title="bbox 118 387 2110 462">
    <p class='ocr_par' dir='ltr' id='par_1_1' title="bbox 118 387 2110 462">
     <span class='ocr_line' id='line_1_1' title="bbox 118 387 2110 462; baseline 0.005 -10"><span class='ocrx_word' id='word_1_1' title='bbox 118 391 172 454; x_wconf 77' lang='lat' dir='ltr'><strong>tot</strong></span> <span class='ocrx_word' id='word_1_2' title='bbox 995 387 1225 460; x_wconf 79' lang='lat' dir='ltr'><strong>CONSILIA.</strong></span> <span class='ocrx_word' id='word_1_3' title='bbox 2047 398 2110 462; x_wconf 79' lang='lat'><strong>206</strong></span> 
     </span>
    </p>
   </div>
   <div class='ocr_carea' id='block_1_2' title="bbox 106 575 2154 5384">
    <p class='ocr_par' dir='ltr' id='par_1_2' title="bbox 112 575 2154 3925">
     <span class='ocr_line' id='line_1_2' title="bbox 118 575 2110 668; baseline 0.004 -24"><span class='ocrx_word' id='word_1_4' title='bbox 118 576 245 644; x_wconf 90' lang='lat' dir='ltr'><strong>colendo</strong></span> <span class='ocrx_word' id='word_1_5' title='bbox 266 598 400 661; x_wconf 87' lang='lat' dir='ltr'><strong>corpore</strong></span> <span class='ocrx_word' id='word_1_6' title='bbox 417 585 588 662; x_wconf 87' lang='lat' dir='ltr'><strong>tantopere</strong></span> <span class='ocrx_word' id='word_1_7' title='bbox 606 578 764 660; x_wconf 89' lang='lat' dir='ltr'><strong>laborant,</strong></span> <span class='ocrx_word' id='word_1_8' title='bbox 788 579 828 645; x_wconf 91' lang='lat' dir='ltr'><strong>ds</strong></span> <span class='ocrx_word' id='word_1_9' title='bbox 846 581 974 646; x_wconf 89' lang='lat' dir='ltr'><strong>animae</strong></span> <span class='ocrx_word' id='word_1_10' title='bbox 992 581 1082 648; x_wconf 89' lang='lat' dir='ltr'><strong>cultu</strong></span> <span class='ocrx_word' id='word_1_11' title='bbox 1135 575 1282 644; x_wconf 83' lang='lat' dir='ltr'><strong>chorites</strong></span> <span class='ocrx_word' id='word_1_12' title='bbox 1304 578 1332 644; x_wconf 91' lang='lat' dir='ltr'><strong>si</strong></span> <span class='ocrx_word' id='word_1_13' title='bbox 1353 575 1451 644; x_wconf 90' lang='lat' dir='ltr'><strong>bodie</strong></span> <span class='ocrx_word' id='word_1_14' title='bbox 1473 579 1641 660; x_wconf 83' lang='lat' dir='ltr'><strong>viverent,</strong></span> <span class='ocrx_word' id='word_1_15' title='bbox 1670 581 1748 664; x_wconf 93' lang='lat' dir='ltr'><strong>quid</strong></span> <span class='ocrx_word' id='word_1_16' title='bbox 1775 582 1937 660; x_wconf 82' lang='lat' dir='ltr'><strong>facerent,</strong></span> <span class='ocrx_word' id='word_1_17' title='bbox 1968 591 2027 649; x_wconf 89' lang='lat' dir='ltr'><strong>aut</strong></span> <span class='ocrx_word' id='word_1_18' title='bbox 2046 605 2110 668; x_wconf 92' lang='lat' dir='ltr'><strong>quo</strong></span> 
     </span>
     <span class='ocr_line' id='line_1_3' title="bbox 117 661 2111 752; baseline 0.005 -25"><span class='ocrx_word' id='word_1_19' title='bbox 117 685 226 748; x_wconf 88' lang='lat' dir='ltr'><strong>parum</strong></span> <span class='ocrx_word' id='word_1_20' title='bbox 249 683 321 728; x_wconf 89' lang='lat' dir='ltr'><strong>esse</strong></span> <span class='ocrx_word' id='word_1_21' title='bbox 341 664 507 730; x_wconf 86' lang='lat' dir='ltr'><strong>sollicitos.</strong></span> <span class='ocrx_word' id='word_1_22' title='bbox 540 665 588 730; x_wconf 89' lang='lat' dir='ltr'><strong>Hi</strong></span> <span class='ocrx_word' id='word_1_23' title='bbox 610 686 676 730; x_wconf 93' lang='lat' dir='ltr'><strong>non</strong></span> <span class='ocrx_word' id='word_1_24' title='bbox 699 667 845 732; x_wconf 78' lang='lat' dir='ltr'><strong>enervati</strong></span> <span class='ocrx_word' id='word_1_25' title='bbox 867 666 1005 731; x_wconf 89' lang='lat' dir='ltr'><strong>mollitia</strong></span> <span class='ocrx_word' id='word_1_26' title='bbox 1026 665 1083 732; x_wconf 89' lang='lat' dir='ltr'><strong>sed</strong></span> <span class='ocrx_word' id='word_1_27' title='bbox 1135 683 1170 728; x_wconf 89' lang='lat' dir='ltr'><strong>se</strong></span> <span class='ocrx_word' id='word_1_28' title='bbox 1193 661 1340 728; x_wconf 89' lang='lat' dir='ltr'><strong>antidoto</strong></span> <span class='ocrx_word' id='word_1_29' title='bbox 1358 664 1535 742; x_wconf 90' lang='lat' dir='ltr'><strong>munirent,</strong></span> <span class='ocrx_word' id='word_1_30' title='bbox 1559 687 1663 748; x_wconf 92' lang='lat' dir='ltr'><strong>quum</strong></span> <span class='ocrx_word' id='word_1_31' title='bbox 1680 666 1737 731; x_wconf 94' lang='lat' dir='ltr'><strong>illo</strong></span> <span class='ocrx_word' id='word_1_32' title='bbox 1755 665 1863 735; x_wconf 91' lang='lat' dir='ltr'><strong>adhuc</strong></span> <span class='ocrx_word' id='word_1_33' title='bbox 1880 669 2111 752; x_wconf 89' lang='lat' dir='ltr'><strong>incorruptiori</strong></span> 
     </span>
     <span class='ocr_line' id='line_1_4' title="bbox 118 748 2108 838; baseline 0.003 -23"><span class='ocrx_word' id='word_1_34' title='bbox 118 750 253 815; x_wconf 90' lang='lat' dir='ltr'><strong>castrati.</strong></span> <span class='ocrx_word' id='word_1_35' title='bbox 297 748 487 822; x_wconf 75' lang='lat' dir='ltr'><strong>Ridiculum</strong></span> <span class='ocrx_word' id='word_1_36' title='bbox 515 759 566 816; x_wconf 90' lang='lat' dir='ltr'><strong>est</strong></span> <span class='ocrx_word' id='word_1_37' title='bbox 594 751 654 816; x_wconf 92' lang='lat' dir='ltr'><strong>hos</strong></span> <span class='ocrx_word' id='word_1_38' title='bbox 675 759 806 836; x_wconf 87' lang='lat' dir='ltr'><strong>captare</strong></span> <span class='ocrx_word' id='word_1_39' title='bbox 826 751 920 836; x_wconf 81' lang='lat' dir='ltr'><strong>vulgi</strong></span> <span class='ocrx_word' id='word_1_40' title='bbox 941 753 1083 818; x_wconf 87' lang='lat' dir='ltr'><strong>admira-</strong></span> <span class='ocrx_word' id='word_1_41' title='bbox 1136 749 1265 815; x_wconf 90' lang='lat' dir='ltr'><strong>saeculo</strong></span> <span class='ocrx_word' id='word_1_42' title='bbox 1292 749 1408 814; x_wconf 86' lang='lat' dir='ltr'><strong>luxum</strong></span> <span class='ocrx_word' id='word_1_43' title='bbox 1435 751 1635 834; x_wconf 90' lang='lat' dir='ltr'><strong>irrepentem</strong></span> <span class='ocrx_word' id='word_1_44' title='bbox 1664 752 1748 817; x_wconf 84' lang='lat' dir='ltr'><strong>serre</strong></span> <span class='ocrx_word' id='word_1_45' title='bbox 1777 753 1843 817; x_wconf 91' lang='lat' dir='ltr'><strong>iam</strong></span> <span class='ocrx_word' id='word_1_46' title='bbox 1873 776 1938 819; x_wconf 92' lang='lat' dir='ltr'><strong>non</strong></span> <span class='ocrx_word' id='word_1_47' title='bbox 1966 764 2108 838; x_wconf 81' lang='lat' dir='ltr'>possent.</span> 
     </span>
     <span class='ocr_line' id='line_1_5' title="bbox 119 835 2110 922; baseline 0.005 -23"><span class='ocrx_word' id='word_1_48' title='bbox 119 837 231 900; x_wconf 85' lang='lat' dir='ltr'><strong>tionem</strong></span> <span class='ocrx_word' id='word_1_49' title='bbox 248 856 291 901; x_wconf 85' lang='lat' dir='ltr'><strong>ex</strong></span> <span class='ocrx_word' id='word_1_50' title='bbox 307 836 600 920; x_wconf 81' lang='lat' dir='ltr'><strong>magnisvestium,</strong></span> <span class='ocrx_word' id='word_1_51' title='bbox 620 835 759 915; x_wconf 89' lang='lat' dir='ltr'><strong>aedium,</strong></span> <span class='ocrx_word' id='word_1_52' title='bbox 777 857 954 904; x_wconf 90' lang='lat' dir='ltr'><strong>coenarum</strong></span> <span class='ocrx_word' id='word_1_53' title='bbox 971 859 1082 922; x_wconf 91' lang='lat' dir='ltr'><strong>sump-</strong></span> <span class='ocrx_word' id='word_1_54' title='bbox 1135 835 1222 900; x_wconf 90' lang='lat' dir='ltr'><strong>Nam</strong></span> <span class='ocrx_word' id='word_1_55' title='bbox 1245 855 1287 899; x_wconf 89' lang='lat' dir='ltr'><strong>ne</strong></span> <span class='ocrx_word' id='word_1_56' title='bbox 1307 835 1364 899; x_wconf 91' lang='lat' dir='ltr'><strong>illo</strong></span> <span class='ocrx_word' id='word_1_57' title='bbox 1385 835 1517 918; x_wconf 91' lang='lat' dir='ltr'><strong>quidem</strong></span> <span class='ocrx_word' id='word_1_58' title='bbox 1546 835 1691 903; x_wconf 89' lang='lat' dir='ltr'><strong>antidoto</strong></span> <span class='ocrx_word' id='word_1_59' title='bbox 1719 859 1797 904; x_wconf 88' lang='lat' dir='ltr'><strong>suae</strong></span> <span class='ocrx_word' id='word_1_60' title='bbox 1823 841 2006 922; x_wconf 79' lang='lat' dir='ltr'><strong>posteritati</strong></span> <span class='ocrx_word' id='word_1_61' title='bbox 2029 843 2110 908; x_wconf 86' lang='lat' dir='ltr'><strong>satis</strong></span> 
     </span>
     <span class='ocr_line' id='line_1_6' title="bbox 120 921 2109 1012; baseline 0.004 -27"><span class='ocrx_word' id='word_1_62' title='bbox 120 921 207 1000; x_wconf 91' lang='lat' dir='ltr'><strong>tibus,</strong></span> <span class='ocrx_word' id='word_1_63' title='bbox 242 941 344 1004; x_wconf 70' lang='lat' dir='ltr'><strong>(prum</strong></span> <span class='ocrx_word' id='word_1_64' title='bbox 366 943 479 987; x_wconf 88' lang='lat' dir='ltr'><strong>eorum</strong></span> <span class='ocrx_word' id='word_1_65' title='bbox 499 923 611 988; x_wconf 86' lang='lat' dir='ltr'><strong>sordes</strong></span> <span class='ocrx_word' id='word_1_66' title='bbox 633 925 770 989; x_wconf 86' lang='lat' dir='ltr'><strong>vestitae</strong></span> <span class='ocrx_word' id='word_1_67' title='bbox 791 925 825 988; x_wconf 92' lang='lat' dir='ltr'><strong>in</strong></span> <span class='ocrx_word' id='word_1_68' title='bbox 847 923 914 990; x_wconf 94' lang='lat' dir='ltr'><strong>illis</strong></span> <span class='ocrx_word' id='word_1_69' title='bbox 935 925 1084 1008; x_wconf 88' lang='lat' dir='ltr'><strong>partibus</strong></span> <span class='ocrx_word' id='word_1_70' title='bbox 1136 933 1305 987; x_wconf 83' lang='lat' dir='ltr'><strong>caverunt.</strong></span> <span class='ocrx_word' id='word_1_71' title='bbox 1340 921 1500 987; x_wconf 89' lang='lat' dir='ltr'><strong>Videmus</strong></span> <span class='ocrx_word' id='word_1_72' title='bbox 1511 923 1599 988; x_wconf 92' lang='lat' dir='ltr'><strong>enim</strong></span> <span class='ocrx_word' id='word_1_73' title='bbox 1616 943 1713 1006; x_wconf 91' lang='lat' dir='ltr'><strong>quam</strong></span> <span class='ocrx_word' id='word_1_74' title='bbox 1731 925 1823 1008; x_wconf 86' lang='lat' dir='ltr'><strong>pehti</strong></span> <span class='ocrx_word' id='word_1_75' title='bbox 1841 924 1995 1012; x_wconf 82' lang='lat' dir='ltr'><strong>incedant</strong></span> <span class='ocrx_word' id='word_1_76' title='bbox 2010 927 2109 993; x_wconf 92' lang='lat' dir='ltr'><strong>multi</strong></span> 
     </span>
     <span class='ocr_line' id='line_1_7' title="bbox 119 1005 2110 1092; baseline 0.005 -21"><span class='ocrx_word' id='word_1_77' title='bbox 119 1008 285 1072; x_wconf 87' lang='lat' dir='ltr'><strong>emineant.</strong></span> <span class='ocrx_word' id='word_1_78' title='bbox 331 1005 419 1073; x_wconf 83' lang='lat' dir='ltr'><strong>Sunt</strong></span> <span class='ocrx_word' id='word_1_79' title='bbox 445 1009 535 1072; x_wconf 92' lang='lat' dir='ltr'><strong>enim</strong></span> <span class='ocrx_word' id='word_1_80' title='bbox 561 1009 596 1074; x_wconf 94' lang='lat' dir='ltr'><strong>in</strong></span> <span class='ocrx_word' id='word_1_81' title='bbox 623 1029 738 1074; x_wconf 91' lang='lat' dir='ltr'><strong>omnes</strong></span> <span class='ocrx_word' id='word_1_82' title='bbox 760 1007 881 1075; x_wconf 77' lang='lat' dir='ltr'><strong>sordidi</strong></span> <span class='ocrx_word' id='word_1_83' title='bbox 902 1017 940 1075; x_wconf 91' lang='lat' dir='ltr'><strong>ut</strong></span> <span class='ocrx_word' id='word_1_84' title='bbox 962 1009 1084 1092; x_wconf 90' lang='lat' dir='ltr'><strong>aliquid</strong></span> <span class='ocrx_word' id='word_1_85' title='bbox 1136 1006 1303 1086; x_wconf 88' lang='lat' dir='ltr'><strong>monachi,</strong></span> <span class='ocrx_word' id='word_1_86' title='bbox 1332 1013 1370 1072; x_wconf 92' lang='lat' dir='ltr'><strong>ut</strong></span> <span class='ocrx_word' id='word_1_87' title='bbox 1396 1006 1485 1072; x_wconf 87' lang='lat' dir='ltr'><strong>dicas</strong></span> <span class='ocrx_word' id='word_1_88' title='bbox 1512 1007 1588 1073; x_wconf 86' lang='lat' dir='ltr'><strong>data</strong></span> <span class='ocrx_word' id='word_1_89' title='bbox 1613 1030 1712 1092; x_wconf 90' lang='lat' dir='ltr'><strong>opera</strong></span> <span class='ocrx_word' id='word_1_90' title='bbox 1740 1019 1864 1076; x_wconf 88' lang='lat' dir='ltr'><strong>vestem</strong></span> <span class='ocrx_word' id='word_1_91' title='bbox 1897 1012 2005 1077; x_wconf 88' lang='lat' dir='ltr'><strong>albam</strong></span> <span class='ocrx_word' id='word_1_92' title='bbox 2038 1033 2110 1080; x_wconf 88' lang='lat' dir='ltr'><strong>csse</strong></span> 
     </span>
     <span class='ocr_line' id='line_1_8' title="bbox 118 1091 2109 1266; baseline 0.004 -23"><span class='ocrx_word' id='word_1_93' title='bbox 118 1113 191 1244; x_wconf 48' lang='lat' dir='ltr'><strong>{pepe</strong></span> <span class='ocrx_word' id='word_1_94' title='bbox 192 1093 297 1244; x_wconf 62' lang='lat' dir='ltr'><strong>rsihthl1</strong></span> <span class='ocrx_word' id='word_1_95' title='bbox 298 1091 452 1245; x_wconf 45' lang='grc' dir='ltr'><strong>ιιζὲἓιιῗιιιξιιι</strong></span> <span class='ocrx_word' id='word_1_96' title='bbox 466 1094 1084 1264; x_wconf 57' lang='lat' dir='ltr'><strong>lihgghllleiihhrllhlhrihlbepgghlhehhh</strong></span> <span class='ocrx_word' id='word_1_97' title='bbox 1135 1092 2109 1266; x_wconf 48' lang='lat' dir='ltr'><strong>hildlhrdghchnglhumllhhhhmmNganffihglnladmnsehllehhht</strong></span> 
     </span>
     <span class='ocr_line' id='line_1_9' title="bbox 118 1263 2110 1352; baseline 0.004 -24"><span class='ocrx_word' id='word_1_98' title='bbox 118 1264 165 1328; x_wconf 87' lang='lat' dir='ltr'><strong>alii</strong></span> <span class='ocrx_word' id='word_1_99' title='bbox 186 1285 228 1329; x_wconf 89' lang='lat' dir='ltr'><strong>ex</strong></span> <span class='ocrx_word' id='word_1_100' title='bbox 251 1265 383 1330; x_wconf 89' lang='lat' dir='ltr'><strong>aedium</strong></span> <span class='ocrx_word' id='word_1_101' title='bbox 404 1265 598 1348; x_wconf 78' lang='lat' dir='ltr'><strong>supellectili</strong></span> <span class='ocrx_word' id='word_1_102' title='bbox 618 1265 799 1332; x_wconf 71' lang='lat' dir='ltr'><strong>donabunt</strong></span> <span class='ocrx_word' id='word_1_103' title='bbox 820 1267 906 1350; x_wconf 93' lang='lat' dir='ltr'><strong>quod</strong></span> <span class='ocrx_word' id='word_1_104' title='bbox 928 1269 964 1332; x_wconf 93' lang='lat' dir='ltr'><strong>in</strong></span> <span class='ocrx_word' id='word_1_105' title='bbox 987 1289 1083 1333; x_wconf 87' lang='lat' dir='ltr'><strong>orna·</strong></span> <span class='ocrx_word' id='word_1_106' title='bbox 1135 1263 1232 1330; x_wconf 84' lang='lat' dir='ltr'><strong>Unde</strong></span> <span class='ocrx_word' id='word_1_107' title='bbox 1255 1264 1344 1329; x_wconf 91' lang='lat' dir='ltr'><strong>enim</strong></span> <span class='ocrx_word' id='word_1_108' title='bbox 1365 1263 1488 1330; x_wconf 91' lang='lat' dir='ltr'><strong>reditus</strong></span> <span class='ocrx_word' id='word_1_109' title='bbox 1510 1265 1648 1333; x_wconf 80' lang='lat' dir='ltr'><strong>beatulis</strong></span> <span class='ocrx_word' id='word_1_110' title='bbox 1669 1267 1743 1334; x_wconf 88' lang='lat' dir='ltr'><strong>istis</strong></span> <span class='ocrx_word' id='word_1_111' title='bbox 1765 1268 1889 1334; x_wconf 88' lang='lat' dir='ltr'><strong>nisiex</strong></span> <span class='ocrx_word' id='word_1_112' title='bbox 1910 1269 2110 1352; x_wconf 89' lang='lat' dir='ltr'><strong>pauperibus</strong></span> 
     </span>
     <span class='ocr_line' id='line_1_10' title="bbox 116 1351 2107 1439; baseline 0.003 -24"><span class='ocrx_word' id='word_1_113' title='bbox 116 1357 178 1414; x_wconf 91' lang='lat' dir='ltr'><strong>tum</strong></span> <span class='ocrx_word' id='word_1_114' title='bbox 196 1353 339 1434; x_wconf 90' lang='lat' dir='ltr'><strong>eorporis</strong></span> <span class='ocrx_word' id='word_1_115' title='bbox 360 1352 536 1416; x_wconf 87' lang='lat' dir='ltr'><strong>conferant.</strong></span> <span class='ocrx_word' id='word_1_116' title='bbox 580 1352 623 1416; x_wconf 94' lang='lat' dir='ltr'><strong>In</strong></span> <span class='ocrx_word' id='word_1_117' title='bbox 644 1353 727 1418; x_wconf 86' lang='lat' dir='ltr'><strong>vitia</strong></span> <span class='ocrx_word' id='word_1_118' title='bbox 748 1354 832 1418; x_wconf 92' lang='lat' dir='ltr'><strong>alter</strong></span> <span class='ocrx_word' id='word_1_119' title='bbox 852 1353 992 1418; x_wconf 88' lang='lat' dir='ltr'><strong>alterum</strong></span> <span class='ocrx_word' id='word_1_120' title='bbox 1014 1361 1083 1418; x_wconf 88' lang='lat' dir='ltr'><strong>tru-</strong></span> <span class='ocrx_word' id='word_1_121' title='bbox 1136 1357 1195 1416; x_wconf 86' lang='lat' dir='ltr'><strong>etc.</strong></span> <span class='ocrx_word' id='word_1_122' title='bbox 1241 1351 1440 1415; x_wconf 80' lang='lat' dir='ltr'><strong>Praesertim</strong></span> <span class='ocrx_word' id='word_1_123' title='bbox 1463 1371 1541 1416; x_wconf 85' lang='lat' dir='ltr'><strong>vero</strong></span> <span class='ocrx_word' id='word_1_124' title='bbox 1563 1352 1712 1419; x_wconf 88' lang='lat' dir='ltr'><strong>advocati</strong></span> <span class='ocrx_word' id='word_1_125' title='bbox 1733 1353 1781 1418; x_wconf 92' lang='lat' dir='ltr'><strong>illi</strong></span> <span class='ocrx_word' id='word_1_126' title='bbox 1803 1363 1863 1420; x_wconf 86' lang='lat' dir='ltr'><strong>etc.</strong></span> <span class='ocrx_word' id='word_1_127' title='bbox 1907 1353 2004 1420; x_wconf 83' lang='lat' dir='ltr'><strong>Dixit</strong></span> <span class='ocrx_word' id='word_1_128' title='bbox 2031 1376 2107 1439; x_wconf 92' lang='lat' dir='ltr'><strong>pro-</strong></span> 
     </span>
     <span class='ocr_line' id='line_1_11' title="bbox 118 1435 2108 1526; baseline 0.004 -26"><span class='ocrx_word' id='word_1_129' title='bbox 118 1435 216 1501; x_wconf 88' lang='lat' dir='ltr'><strong>dimus</strong></span> <span class='ocrx_word' id='word_1_130' title='bbox 244 1445 279 1502; x_wconf 91' lang='lat' dir='ltr'><strong>et</strong></span> <span class='ocrx_word' id='word_1_131' title='bbox 305 1457 407 1520; x_wconf 91' lang='lat' dir='ltr'><strong>quum</strong></span> <span class='ocrx_word' id='word_1_132' title='bbox 434 1436 528 1503; x_wconf 94' lang='lat' dir='ltr'><strong>nobis</strong></span> <span class='ocrx_word' id='word_1_133' title='bbox 555 1438 656 1504; x_wconf 91' lang='lat' dir='ltr'><strong>simus</strong></span> <span class='ocrx_word' id='word_1_134' title='bbox 688 1439 832 1504; x_wconf 87' lang='lat' dir='ltr'><strong>vicissim</strong></span> <span class='ocrx_word' id='word_1_135' title='bbox 864 1440 944 1504; x_wconf 91' lang='lat' dir='ltr'><strong>mali</strong></span> <span class='ocrx_word' id='word_1_136' title='bbox 976 1460 1082 1520; x_wconf 90' lang='lat' dir='ltr'><strong>causa,</strong></span> <span class='ocrx_word' id='word_1_137' title='bbox 1135 1436 1250 1519; x_wconf 89' lang='lat' dir='ltr'><strong>pheta:</strong></span> <span class='ocrx_word' id='word_1_138' title='bbox 1283 1456 1401 1501; x_wconf 89' lang='lat' dir='ltr'><strong>manus</strong></span> <span class='ocrx_word' id='word_1_139' title='bbox 1428 1445 1557 1503; x_wconf 90' lang='lat' dir='ltr'><strong>vestrae</strong></span> <span class='ocrx_word' id='word_1_140' title='bbox 1585 1440 1745 1522; x_wconf 80' lang='lat' dir='ltr'><strong>sanguine</strong></span> <span class='ocrx_word' id='word_1_141' title='bbox 1772 1439 1887 1522; x_wconf 81' lang='lat' dir='ltr'><strong>plenae</strong></span> <span class='ocrx_word' id='word_1_142' title='bbox 1919 1449 2013 1520; x_wconf 88' lang='lat' dir='ltr'><strong>suut,</strong></span> <span class='ocrx_word' id='word_1_143' title='bbox 2047 1463 2108 1526; x_wconf 84' lang='lat' dir='ltr'><strong>ege</strong></span> 
     </span>
     <span class='ocr_line' id='line_1_12' title="bbox 117 1521 2107 1610; baseline 0.003 -23"><span class='ocrx_word' id='word_1_144' title='bbox 117 1521 377 1588; x_wconf 91' lang='lat' dir='ltr'><strong>consuetudinem</strong></span> <span class='ocrx_word' id='word_1_145' title='bbox 404 1531 437 1588; x_wconf 92' lang='lat' dir='ltr'><strong>et</strong></span> <span class='ocrx_word' id='word_1_146' title='bbox 465 1523 686 1588; x_wconf 89' lang='lat' dir='ltr'><strong>multitudinis</strong></span> <span class='ocrx_word' id='word_1_147' title='bbox 715 1525 865 1608; x_wconf 86' lang='lat' dir='ltr'><strong>exempla</strong></span> <span class='ocrx_word' id='word_1_148' title='bbox 897 1525 1083 1608; x_wconf 88' lang='lat' dir='ltr'><strong>praetendi-</strong></span> <span class='ocrx_word' id='word_1_149' title='bbox 1134 1543 1214 1587; x_wconf 86' lang='lat' dir='ltr'><strong>vcro</strong></span> <span class='ocrx_word' id='word_1_150' title='bbox 1237 1522 1342 1587; x_wconf 89' lang='lat' dir='ltr'><strong>dicam</strong></span> <span class='ocrx_word' id='word_1_151' title='bbox 1363 1529 1472 1587; x_wconf 91' lang='lat' dir='ltr'><strong>totum</strong></span> <span class='ocrx_word' id='word_1_152' title='bbox 1494 1543 1611 1607; x_wconf 90' lang='lat' dir='ltr'><strong>corpus</strong></span> <span class='ocrx_word' id='word_1_153' title='bbox 1639 1526 1797 1590; x_wconf 85' lang='lat' dir='ltr'><strong>infectum</strong></span> <span class='ocrx_word' id='word_1_154' title='bbox 1825 1547 1896 1592; x_wconf 88' lang='lat' dir='ltr'><strong>asse</strong></span> <span class='ocrx_word' id='word_1_155' title='bbox 1923 1527 2008 1610; x_wconf 92' lang='lat' dir='ltr'><strong>quod</strong></span> <span class='ocrx_word' id='word_1_156' title='bbox 2030 1527 2107 1594; x_wconf 87' lang='lat' dir='ltr'><strong>tali-</strong></span> 
     </span>
     <span class='ocr_line' id='line_1_13' title="bbox 117 1607 2104 1696; baseline 0.004 -25"><span class='ocrx_word' id='word_1_157' title='bbox 117 1627 190 1673; x_wconf 88' lang='lat' dir='ltr'><strong>mus.</strong></span> <span class='ocrx_word' id='word_1_158' title='bbox 225 1609 322 1674; x_wconf 91' lang='lat' dir='ltr'><strong>Bcna</strong></span> <span class='ocrx_word' id='word_1_159' title='bbox 343 1629 420 1692; x_wconf 90' lang='lat' dir='ltr'><strong>pars</strong></span> <span class='ocrx_word' id='word_1_160' title='bbox 441 1609 606 1674; x_wconf 90' lang='lat' dir='ltr'><strong>saeculum</strong></span> <span class='ocrx_word' id='word_1_161' title='bbox 629 1620 773 1688; x_wconf 87' lang='lat' dir='ltr'><strong>excusat,</strong></span> <span class='ocrx_word' id='word_1_162' title='bbox 796 1611 851 1675; x_wconf 91' lang='lat' dir='ltr'><strong>alii</strong></span> <span class='ocrx_word' id='word_1_163' title='bbox 874 1611 991 1676; x_wconf 91' lang='lat' dir='ltr'><strong>locum.</strong></span> <span class='ocrx_word' id='word_1_164' title='bbox 1026 1609 1082 1677; x_wconf 81' lang='lat' dir='ltr'><strong>Sic</strong></span> <span class='ocrx_word' id='word_1_165' title='bbox 1135 1608 1196 1673; x_wconf 90' lang='lat' dir='ltr'><strong>bus</strong></span> <span class='ocrx_word' id='word_1_166' title='bbox 1217 1607 1372 1673; x_wconf 89' lang='lat' dir='ltr'><strong>induitur.</strong></span> <span class='ocrx_word' id='word_1_167' title='bbox 1416 1607 1553 1674; x_wconf 91' lang='lat' dir='ltr'><strong>Dicent:</strong></span> <span class='ocrx_word' id='word_1_168' title='bbox 1587 1631 1653 1674; x_wconf 93' lang='lat' dir='ltr'><strong>non</strong></span> <span class='ocrx_word' id='word_1_169' title='bbox 1675 1631 1800 1675; x_wconf 82' lang='lat' dir='ltr'><strong>novum</strong></span> <span class='ocrx_word' id='word_1_170' title='bbox 1832 1619 1882 1678; x_wconf 88' lang='lat' dir='ltr'><strong>est</strong></span> <span class='ocrx_word' id='word_1_171' title='bbox 1910 1613 2104 1696; x_wconf 86' lang='lat' dir='ltr'><strong>exemplum.</strong></span> 
     </span>
     <span class='ocr_line' id='line_1_14' title="bbox 116 1693 2106 1780; baseline 0.004 -22"><span class='ocrx_word' id='word_1_172' title='bbox 116 1693 242 1759; x_wconf 77' lang='lat' dir='ltr'><strong>vivitur.</strong></span> <span class='ocrx_word' id='word_1_173' title='bbox 288 1693 378 1775; x_wconf 89' lang='lat' dir='ltr'><strong>Quid</strong></span> <span class='ocrx_word' id='word_1_174' title='bbox 400 1695 553 1779; x_wconf 84' lang='lat' dir='ltr'><strong>agerem?</strong></span> <span class='ocrx_word' id='word_1_175' title='bbox 604 1694 818 1762; x_wconf 81' lang='lat' dir='ltr'><strong>Coniurarem</strong></span> <span class='ocrx_word' id='word_1_176' title='bbox 840 1695 999 1763; x_wconf 81' lang='lat' dir='ltr'><strong>advorsus</strong></span> <span class='ocrx_word' id='word_1_177' title='bbox 1021 1719 1082 1780; x_wconf 86' lang='lat' dir='ltr'><strong>pu·</strong></span> <span class='ocrx_word' id='word_1_178' title='bbox 1133 1694 1264 1758; x_wconf 81' lang='lat' dir='ltr'><strong>Fateor.</strong></span> <span class='ocrx_word' id='word_1_179' title='bbox 1313 1694 1493 1778; x_wconf 84' lang='lat' dir='ltr'><strong>Nunquam</strong></span> <span class='ocrx_word' id='word_1_180' title='bbox 1521 1697 1609 1760; x_wconf 88' lang='lat' dir='ltr'><strong>enim</strong></span> <span class='ocrx_word' id='word_1_181' title='bbox 1639 1707 1707 1761; x_wconf 88' lang='lat' dir='ltr'><strong>tam</strong></span> <span class='ocrx_word' id='word_1_182' title='bbox 1734 1697 1816 1762; x_wconf 91' lang='lat' dir='ltr'><strong>bene</strong></span> <span class='ocrx_word' id='word_1_183' title='bbox 1844 1697 2030 1764; x_wconf 90' lang='lat' dir='ltr'><strong>habuerunt</strong></span> <span class='ocrx_word' id='word_1_184' title='bbox 2052 1721 2106 1766; x_wconf 88' lang='lat' dir='ltr'><strong>res</strong></span> 
     </span>
     <span class='ocr_line' id='line_1_15' title="bbox 117 1779 2108 1868; baseline 0.002 -22"><span class='ocrx_word' id='word_1_185' title='bbox 117 1779 207 1846; x_wconf 92' lang='lat' dir='ltr'><strong>bliccs</strong></span> <span class='ocrx_word' id='word_1_186' title='bbox 228 1801 345 1845; x_wconf 91' lang='lat' dir='ltr'><strong>mores.</strong></span> <span class='ocrx_word' id='word_1_187' title='bbox 400 1781 532 1846; x_wconf 90' lang='lat' dir='ltr'><strong>Bellum</strong></span> <span class='ocrx_word' id='word_1_188' title='bbox 553 1781 731 1847; x_wconf 89' lang='lat' dir='ltr'><strong>iudioerem</strong></span> <span class='ocrx_word' id='word_1_189' title='bbox 754 1790 788 1847; x_wconf 92' lang='lat' dir='ltr'><strong>ot</strong></span> <span class='ocrx_word' id='word_1_190' title='bbox 808 1783 934 1866; x_wconf 89' lang='lat' dir='ltr'><strong>patriae</strong></span> <span class='ocrx_word' id='word_1_191' title='bbox 956 1793 990 1848; x_wconf 92' lang='lat' dir='ltr'><strong>et</strong></span> <span class='ocrx_word' id='word_1_192' title='bbox 1011 1802 1082 1848; x_wconf 87' lang='lat' dir='ltr'><strong>sae·</strong></span> <span class='ocrx_word' id='word_1_193' title='bbox 1134 1779 1297 1844; x_wconf 89' lang='lat' dir='ltr'><strong>humanae</strong></span> <span class='ocrx_word' id='word_1_194' title='bbox 1319 1787 1357 1844; x_wconf 92' lang='lat' dir='ltr'><strong>ut</strong></span> <span class='ocrx_word' id='word_1_195' title='bbox 1377 1780 1527 1863; x_wconf 90' lang='lat' dir='ltr'><strong>pluribus</strong></span> <span class='ocrx_word' id='word_1_196' title='bbox 1548 1781 1683 1848; x_wconf 88' lang='lat' dir='ltr'><strong>meliora</strong></span> <span class='ocrx_word' id='word_1_197' title='bbox 1703 1783 1876 1866; x_wconf 86' lang='lat' dir='ltr'><strong>placerent.</strong></span> <span class='ocrx_word' id='word_1_198' title='bbox 1911 1783 2108 1868; x_wconf 77' lang='lat' dir='ltr'><strong>Quanquam</strong></span> 
     </span>
     <span class='ocr_line' id='line_1_16' title="bbox 116 1865 2108 1954; baseline 0.004 -24"><span class='ocrx_word' id='word_1_199' title='bbox 116 1865 186 1930; x_wconf 90' lang='lat' dir='ltr'><strong>culo.</strong></span> <span class='ocrx_word' id='word_1_200' title='bbox 223 1865 349 1932; x_wconf 84' lang='lat' dir='ltr'><strong>Audio:</strong></span> <span class='ocrx_word' id='word_1_201' title='bbox 372 1865 430 1932; x_wconf 91' lang='lat' dir='ltr'><strong>sed</strong></span> <span class='ocrx_word' id='word_1_202' title='bbox 448 1867 643 1950; x_wconf 87' lang='lat' dir='ltr'><strong>respondeo:</strong></span> <span class='ocrx_word' id='word_1_203' title='bbox 668 1869 722 1932; x_wconf 88' lang='lat' dir='ltr'><strong>An</strong></span> <span class='ocrx_word' id='word_1_204' title='bbox 745 1869 801 1952; x_wconf 90' lang='lat' dir='ltr'><strong>qui</strong></span> <span class='ocrx_word' id='word_1_205' title='bbox 819 1870 854 1932; x_wconf 93' lang='lat' dir='ltr'><strong>in</strong></span> <span class='ocrx_word' id='word_1_206' title='bbox 871 1865 963 1934; x_wconf 90' lang='lat' dir='ltr'><strong>urbis</strong></span> <span class='ocrx_word' id='word_1_207' title='bbox 980 1877 1080 1952; x_wconf 90' lang='lat' dir='ltr'><strong>peste,</strong></span> <span class='ocrx_word' id='word_1_208' title='bbox 1133 1873 1285 1932; x_wconf 87' lang='lat' dir='ltr'><strong>veterum</strong></span> <span class='ocrx_word' id='word_1_209' title='bbox 1307 1865 1440 1931; x_wconf 86' lang='lat' dir='ltr'><strong>luxuria</strong></span> <span class='ocrx_word' id='word_1_210' title='bbox 1461 1887 1538 1948; x_wconf 90' lang='lat' dir='ltr'><strong>prae</strong></span> <span class='ocrx_word' id='word_1_211' title='bbox 1559 1869 1623 1931; x_wconf 88' lang='lat' dir='ltr'><strong>ista</strong></span> <span class='ocrx_word' id='word_1_212' title='bbox 1650 1869 1795 1951; x_wconf 88' lang='lat' dir='ltr'><strong>nequitia</strong></span> <span class='ocrx_word' id='word_1_213' title='bbox 1823 1871 2023 1954; x_wconf 79' lang='lat' dir='ltr'><strong>parsimonie</strong></span> <span class='ocrx_word' id='word_1_214' title='bbox 2044 1871 2108 1938; x_wconf 89' lang='lat' dir='ltr'><strong>dici</strong></span> 
     </span>
     <span class='ocr_line' id='line_1_17' title="bbox 117 1951 1246 2034; baseline -0.001 -18"><span class='ocrx_word' id='word_1_215' title='bbox 117 1951 178 2016; x_wconf 92' lang='lat' dir='ltr'><strong>ideo</strong></span> <span class='ocrx_word' id='word_1_216' title='bbox 211 1953 323 2018; x_wconf 91' lang='lat' dir='ltr'><strong>minus</strong></span> <span class='ocrx_word' id='word_1_217' title='bbox 346 1952 510 2018; x_wconf 87' lang='lat' dir='ltr'><strong>moritur?</strong></span> <span class='ocrx_word' id='word_1_218' title='bbox 560 1951 781 2018; x_wconf 90' lang='lat' dir='ltr'><strong>Hannibalem</strong></span> <span class='ocrx_word' id='word_1_219' title='bbox 811 1953 896 2018; x_wconf 92' lang='lat' dir='ltr'><strong>bello</strong></span> <span class='ocrx_word' id='word_1_220' title='bbox 922 1955 1081 2022; x_wconf 88' lang='lat' dir='ltr'><strong>invictum</strong></span> <span class='ocrx_word' id='word_1_221' title='bbox 1132 1953 1246 2034; x_wconf 85' lang='lat' dir='ltr'><strong>possit.</strong></span> 
     </span>
     <span class='ocr_line' id='line_1_18' title="bbox 117 2035 2106 2125; baseline 0.002 -22"><span class='ocrx_word' id='word_1_222' title='bbox 117 2037 205 2121; x_wconf 78' lang='lat' dir='ltr'><strong>tregit</strong></span> <span class='ocrx_word' id='word_1_223' title='bbox 225 2037 417 2121; x_wconf 74' lang='lat' dir='ltr'><strong>Campania.</strong></span> <span class='ocrx_word' id='word_1_224' title='bbox 468 2037 685 2122; x_wconf 86' lang='lat' dir='ltr'><strong>Loquendum</strong></span> <span class='ocrx_word' id='word_1_225' title='bbox 715 2038 755 2104; x_wconf 89' lang='lat' dir='ltr'><strong>dc</strong></span> <span class='ocrx_word' id='word_1_226' title='bbox 777 2039 967 2106; x_wconf 88' lang='lat' dir='ltr'><strong>funebribus</strong></span> <span class='ocrx_word' id='word_1_227' title='bbox 988 2061 1081 2124; x_wconf 91' lang='lat' dir='ltr'><strong>pom·</strong></span> <span class='ocrx_word' id='word_1_228' title='bbox 1218 2035 1347 2103; x_wconf 77' lang='lat' dir='ltr'><strong>Redeat</strong></span> <span class='ocrx_word' id='word_1_229' title='bbox 1364 2038 1398 2102; x_wconf 92' lang='lat' dir='ltr'><strong>in</strong></span> <span class='ocrx_word' id='word_1_230' title='bbox 1420 2037 1611 2102; x_wconf 88' lang='lat' dir='ltr'><strong>memoriam</strong></span> <span class='ocrx_word' id='word_1_231' title='bbox 1634 2037 1706 2103; x_wconf 92' lang='lat' dir='ltr'><strong>dira</strong></span> <span class='ocrx_word' id='word_1_232' title='bbox 1725 2040 1782 2104; x_wconf 89' lang='lat' dir='ltr'><strong>illa</strong></span> <span class='ocrx_word' id='word_1_233' title='bbox 1799 2039 2006 2108; x_wconf 89' lang='lat' dir='ltr'><strong>denunciatio</strong></span> <span class='ocrx_word' id='word_1_234' title='bbox 2024 2061 2106 2125; x_wconf 90' lang='lat' dir='ltr'><strong>quae</strong></span> 
     </span>
     <span class='ocr_line' id='line_1_19' title="bbox 116 2122 1761 2209; baseline -0.003 -22"><span class='ocrx_word' id='word_1_235' title='bbox 116 2123 168 2206; x_wconf 87' lang='lat' dir='ltr'><strong>pis,</strong></span> <span class='ocrx_word' id='word_1_236' title='bbox 190 2123 276 2206; x_wconf 92' lang='lat' dir='ltr'><strong>quod</strong></span> <span class='ocrx_word' id='word_1_237' title='bbox 297 2131 428 2190; x_wconf 89' lang='lat' dir='ltr'><strong>nostras</strong></span> <span class='ocrx_word' id='word_1_238' title='bbox 452 2123 578 2191; x_wconf 88' lang='lat' dir='ltr'><strong>delitias</strong></span> <span class='ocrx_word' id='word_1_239' title='bbox 600 2131 675 2208; x_wconf 90' lang='lat' dir='ltr'><strong>post</strong></span> <span class='ocrx_word' id='word_1_240' title='bbox 701 2135 841 2190; x_wconf 88' lang='lat' dir='ltr'><strong>mortem</strong></span> <span class='ocrx_word' id='word_1_241' title='bbox 869 2125 1081 2209; x_wconf 78' lang='lat' dir='ltr'><strong>producimus</strong></span> <span class='ocrx_word' id='word_1_242' title='bbox 1133 2122 1173 2188; x_wconf 92' lang='lat' dir='ltr'><strong>de</strong></span> <span class='ocrx_word' id='word_1_243' title='bbox 1195 2123 1309 2189; x_wconf 91' lang='lat' dir='ltr'><strong>diebus</strong></span> <span class='ocrx_word' id='word_1_244' title='bbox 1331 2124 1402 2189; x_wconf 91' lang='lat' dir='ltr'><strong>Noe</strong></span> <span class='ocrx_word' id='word_1_245' title='bbox 1423 2123 1575 2206; x_wconf 91' lang='lat' dir='ltr'><strong>loquitur.</strong></span> <span class='ocrx_word' id='word_1_246' title='bbox 1759 2178 1761 2182; x_wconf 85' lang='lat'><strong>.</strong></span> 
     </span>
     <span class='ocr_line' id='line_1_20' title="bbox 117 2207 2105 2296; baseline 0.003 -23"><span class='ocrx_word' id='word_1_247' title='bbox 117 2215 145 2273; x_wconf 89' lang='lat' dir='ltr'><strong>et</strong></span> <span class='ocrx_word' id='word_1_248' title='bbox 162 2209 244 2292; x_wconf 91' lang='lat' dir='ltr'><strong>quod</strong></span> <span class='ocrx_word' id='word_1_249' title='bbox 266 2231 334 2274; x_wconf 93' lang='lat' dir='ltr'><strong>non</strong></span> <span class='ocrx_word' id='word_1_250' title='bbox 355 2231 531 2293; x_wconf 91' lang='lat' dir='ltr'><strong>possumus</strong></span> <span class='ocrx_word' id='word_1_251' title='bbox 558 2211 652 2277; x_wconf 86' lang='lat' dir='ltr'><strong>nobis</strong></span> <span class='ocrx_word' id='word_1_252' title='bbox 679 2210 757 2276; x_wconf 85' lang='lat' dir='ltr'><strong>dare</strong></span> <span class='ocrx_word' id='word_1_253' title='bbox 786 2211 902 2277; x_wconf 90' lang='lat' dir='ltr'><strong>damus</strong></span> <span class='ocrx_word' id='word_1_254' title='bbox 929 2212 1081 2278; x_wconf 80' lang='lat' dir='ltr'><strong>cadaveri</strong></span> <span class='ocrx_word' id='word_1_255' title='bbox 1218 2207 1320 2276; x_wconf 88' lang='lat' dir='ltr'><strong>Dicas</strong></span> <span class='ocrx_word' id='word_1_256' title='bbox 1351 2209 1507 2293; x_wconf 89' lang='lat' dir='ltr'><strong>quosdam</strong></span> <span class='ocrx_word' id='word_1_257' title='bbox 1535 2231 1646 2276; x_wconf 91' lang='lat' dir='ltr'><strong>secum</strong></span> <span class='ocrx_word' id='word_1_258' title='bbox 1677 2211 1762 2276; x_wconf 85' lang='lat' dir='ltr'><strong>ferre</strong></span> <span class='ocrx_word' id='word_1_259' title='bbox 1791 2213 2027 2296; x_wconf 82' lang='lat' dir='ltr'><strong>unguentarias</strong></span> <span class='ocrx_word' id='word_1_260' title='bbox 2055 2220 2105 2279; x_wconf 89' lang='lat' dir='ltr'><strong>ta·</strong></span> 
     </span>
     <span class='ocr_line' id='line_1_21' title="bbox 116 2292 1997 2382; baseline 0.003 -24"><span class='ocrx_word' id='word_1_261' title='bbox 116 2315 341 2373; x_wconf 84' lang='lat' dir='ltr'><strong>consensuro,</strong></span> <span class='ocrx_word' id='word_1_262' title='bbox 370 2297 462 2379; x_wconf 90' lang='lat' dir='ltr'><strong>quasi</strong></span> <span class='ocrx_word' id='word_1_263' title='bbox 485 2297 594 2380; x_wconf 89' lang='lat' dir='ltr'><strong>aliqua</strong></span> <span class='ocrx_word' id='word_1_264' title='bbox 615 2297 691 2362; x_wconf 87' lang='lat' dir='ltr'><strong>inde</strong></span> <span class='ocrx_word' id='word_1_265' title='bbox 714 2297 864 2382; x_wconf 88' lang='lat' dir='ltr'><strong>voluptas</strong></span> <span class='ocrx_word' id='word_1_266' title='bbox 886 2297 925 2362; x_wconf 90' lang='lat' dir='ltr'><strong>ad</strong></span> <span class='ocrx_word' id='word_1_267' title='bbox 947 2319 1007 2363; x_wconf 92' lang='lat' dir='ltr'><strong>nos</strong></span> <span class='ocrx_word' id='word_1_268' title='bbox 1027 2319 1080 2362; x_wconf 89' lang='lat' dir='ltr'><strong>re·</strong></span> <span class='ocrx_word' id='word_1_269' title='bbox 1131 2292 1259 2360; x_wconf 91' lang='lat' dir='ltr'><strong>beruas.</strong></span> <span class='ocrx_word' id='word_1_270' title='bbox 1305 2295 1381 2360; x_wconf 91' lang='lat' dir='ltr'><strong>Non</strong></span> <span class='ocrx_word' id='word_1_271' title='bbox 1403 2296 1486 2376; x_wconf 84' lang='lat' dir='ltr'><strong>bena</strong></span> <span class='ocrx_word' id='word_1_272' title='bbox 1506 2295 1572 2361; x_wconf 92' lang='lat' dir='ltr'><strong>olet</strong></span> <span class='ocrx_word' id='word_1_273' title='bbox 1590 2297 1644 2378; x_wconf 95' lang='lat' dir='ltr'><strong>qui</strong></span> <span class='ocrx_word' id='word_1_274' title='bbox 1666 2295 1749 2361; x_wconf 88' lang='lat' dir='ltr'><strong>bene</strong></span> <span class='ocrx_word' id='word_1_275' title='bbox 1771 2318 1901 2380; x_wconf 86' lang='lat' dir='ltr'><strong>semper</strong></span> <span class='ocrx_word' id='word_1_276' title='bbox 1922 2297 1997 2364; x_wconf 90' lang='lat' dir='ltr'><strong>olet.</strong></span> 
     </span>
     <span class='ocr_line' id='line_1_22' title="bbox 117 2377 2105 2466; baseline 0.004 -22"><span class='ocrx_word' id='word_1_277' title='bbox 117 2377 215 2445; x_wconf 88' lang='lat' dir='ltr'><strong>ditura</strong></span> <span class='ocrx_word' id='word_1_278' title='bbox 236 2383 288 2446; x_wconf 90' lang='lat' dir='ltr'><strong>sit.</strong></span> <span class='ocrx_word' id='word_1_279' title='bbox 323 2380 588 2466; x_wconf 82' lang='lat' dir='ltr'><strong>Quotusquisque</strong></span> <span class='ocrx_word' id='word_1_280' title='bbox 610 2404 652 2447; x_wconf 87' lang='lat' dir='ltr'><strong>ex</strong></span> <span class='ocrx_word' id='word_1_281' title='bbox 673 2383 746 2448; x_wconf 82' lang='lat' dir='ltr'><strong>istis</strong></span> <span class='ocrx_word' id='word_1_282' title='bbox 767 2392 818 2450; x_wconf 92' lang='lat' dir='ltr'><strong>est</strong></span> <span class='ocrx_word' id='word_1_283' title='bbox 839 2383 891 2448; x_wconf 92' lang='lat' dir='ltr'><strong>cui</strong></span> <span class='ocrx_word' id='word_1_284' title='bbox 908 2385 935 2448; x_wconf 88' lang='lat' dir='ltr'><strong>si</strong></span> <span class='ocrx_word' id='word_1_285' title='bbox 954 2391 1081 2449; x_wconf 88' lang='lat' dir='ltr'><strong>vestem</strong></span> <span class='ocrx_word' id='word_1_286' title='bbox 1217 2381 1292 2446; x_wconf 93' lang='lat' dir='ltr'><strong>Non</strong></span> <span class='ocrx_word' id='word_1_287' title='bbox 1319 2401 1432 2447; x_wconf 88' lang='lat' dir='ltr'><strong>omnes</strong></span> <span class='ocrx_word' id='word_1_288' title='bbox 1462 2381 1558 2447; x_wconf 91' lang='lat' dir='ltr'><strong>modo</strong></span> <span class='ocrx_word' id='word_1_289' title='bbox 1586 2381 1730 2466; x_wconf 89' lang='lat' dir='ltr'><strong>corporis</strong></span> <span class='ocrx_word' id='word_1_290' title='bbox 1757 2391 1880 2466; x_wconf 85' lang='lat' dir='ltr'><strong>partes,</strong></span> <span class='ocrx_word' id='word_1_291' title='bbox 1914 2383 1971 2449; x_wconf 91' lang='lat' dir='ltr'><strong>sed</strong></span> <span class='ocrx_word' id='word_1_292' title='bbox 2000 2391 2105 2451; x_wconf 86' lang='lat' dir='ltr'><strong>vestes</strong></span> 
     </span>
     <span class='ocr_line' id='line_1_23' title="bbox 115 2464 1665 2552; baseline 0.003 -24"><span class='ocrx_word' id='word_1_293' title='bbox 115 2464 287 2532; x_wconf 75' lang='lat' dir='ltr'><strong>detraxeris</strong></span> <span class='ocrx_word' id='word_1_294' title='bbox 310 2475 368 2532; x_wconf 90' lang='lat' dir='ltr'><strong>aut</strong></span> <span class='ocrx_word' id='word_1_295' title='bbox 387 2467 587 2552; x_wconf 89' lang='lat' dir='ltr'><strong>capillitium,</strong></span> <span class='ocrx_word' id='word_1_296' title='bbox 610 2491 675 2534; x_wconf 93' lang='lat' dir='ltr'><strong>non</strong></span> <span class='ocrx_word' id='word_1_297' title='bbox 693 2468 840 2534; x_wconf 91' lang='lat' dir='ltr'><strong>membra</strong></span> <span class='ocrx_word' id='word_1_298' title='bbox 860 2491 920 2536; x_wconf 89' lang='lat' dir='ltr'><strong>sua</strong></span> <span class='ocrx_word' id='word_1_299' title='bbox 941 2469 1039 2536; x_wconf 81' lang='lat' dir='ltr'><strong>avelli</strong></span> <span class='ocrx_word' id='word_1_300' title='bbox 1061 2491 1081 2534; x_wconf 90' lang='lat' dir='ltr'><strong>a</strong></span> <span class='ocrx_word' id='word_1_301' title='bbox 1131 2487 1258 2550; x_wconf 91' lang='lat' dir='ltr'><strong>quoque</strong></span> <span class='ocrx_word' id='word_1_302' title='bbox 1279 2469 1368 2551; x_wconf 87' lang='lat' dir='ltr'><strong>ipsae</strong></span> <span class='ocrx_word' id='word_1_303' title='bbox 1390 2465 1558 2534; x_wconf 90' lang='lat' dir='ltr'><strong>adulterae</strong></span> <span class='ocrx_word' id='word_1_304' title='bbox 1580 2476 1665 2533; x_wconf 88' lang='lat' dir='ltr'><strong>sunt</strong></span> 
     </span>
     <span class='ocr_line' id='line_1_24' title="bbox 117 2551 2104 2639; baseline 0.003 -23"><span class='ocrx_word' id='word_1_305' title='bbox 117 2553 338 2632; x_wconf 77' lang='lat' dir='ltr'><strong>secuistimet,</strong></span> <span class='ocrx_word' id='word_1_306' title='bbox 361 2555 486 2619; x_wconf 91' lang='lat' dir='ltr'><strong>utiam</strong></span> <span class='ocrx_word' id='word_1_307' title='bbox 508 2555 651 2620; x_wconf 88' lang='lat' dir='ltr'><strong>sibinen</strong></span> <span class='ocrx_word' id='word_1_308' title='bbox 673 2553 760 2620; x_wconf 86' lang='lat' dir='ltr'><strong>idam</strong></span> <span class='ocrx_word' id='word_1_309' title='bbox 779 2554 953 2622; x_wconf 80' lang='lat' dir='ltr'><strong>videatur?</strong></span> <span class='ocrx_word' id='word_1_310' title='bbox 986 2555 1079 2621; x_wconf 88' lang='lat' dir='ltr'><strong>Haec</strong></span> <span class='ocrx_word' id='word_1_311' title='bbox 1217 2551 1293 2618; x_wconf 90' lang='lat' dir='ltr'><strong>Non</strong></span> <span class='ocrx_word' id='word_1_312' title='bbox 1319 2552 1417 2639; x_wconf 80' lang='lat' dir='ltr'><strong>gulae</strong></span> <span class='ocrx_word' id='word_1_313' title='bbox 1450 2553 1601 2619; x_wconf 86' lang='lat' dir='ltr'><strong>serviunt</strong></span> <span class='ocrx_word' id='word_1_314' title='bbox 1628 2575 1748 2620; x_wconf 91' lang='lat' dir='ltr'><strong>coenae</strong></span> <span class='ocrx_word' id='word_1_315' title='bbox 1780 2561 1910 2620; x_wconf 83' lang='lat' dir='ltr'><strong>nostrae</strong></span> <span class='ocrx_word' id='word_1_316' title='bbox 1943 2555 2001 2621; x_wconf 92' lang='lat' dir='ltr'><strong>sed</strong></span> <span class='ocrx_word' id='word_1_317' title='bbox 2034 2577 2104 2622; x_wconf 90' lang='lat' dir='ltr'><strong>am-</strong></span> 
     </span>
     <span class='ocr_line' id='line_1_25' title="bbox 115 2637 2154 2724; baseline 0.001 -23"><span class='ocrx_word' id='word_1_318' title='bbox 115 2659 307 2724; x_wconf 79' lang='lat' dir='ltr'><strong>mangonum</strong></span> <span class='ocrx_word' id='word_1_319' title='bbox 338 2659 391 2706; x_wconf 88' lang='lat' dir='ltr'><strong>ars</strong></span> <span class='ocrx_word' id='word_1_320' title='bbox 419 2647 469 2705; x_wconf 90' lang='lat' dir='ltr'><strong>est</strong></span> <span class='ocrx_word' id='word_1_321' title='bbox 497 2640 605 2724; x_wconf 90' lang='lat' dir='ltr'><strong>aliquo</strong></span> <span class='ocrx_word' id='word_1_322' title='bbox 636 2641 798 2706; x_wconf 90' lang='lat' dir='ltr'><strong>lenocinio</strong></span> <span class='ocrx_word' id='word_1_323' title='bbox 830 2642 912 2708; x_wconf 90' lang='lat' dir='ltr'><strong>vitia</strong></span> <span class='ocrx_word' id='word_1_324' title='bbox 944 2639 1079 2706; x_wconf 89' lang='lat' dir='ltr'><strong>abscon·</strong></span> <span class='ocrx_word' id='word_1_325' title='bbox 1129 2637 1254 2704; x_wconf 90' lang='lat' dir='ltr'><strong>bitioni.</strong></span> <span class='ocrx_word' id='word_1_326' title='bbox 2151 2645 2154 2652; x_wconf 84' lang='lat'>&#39;</span> 
     </span>
     <span class='ocr_line' id='line_1_26' title="bbox 117 2722 2103 2810; baseline 0.003 -23"><span class='ocrx_word' id='word_1_327' title='bbox 117 2722 190 2789; x_wconf 90' lang='lat' dir='ltr'><strong>dere.</strong></span> <span class='ocrx_word' id='word_1_328' title='bbox 234 2723 450 2810; x_wconf 81' lang='lat' dir='ltr'><strong>Singulorum</strong></span> <span class='ocrx_word' id='word_1_329' title='bbox 471 2726 552 2792; x_wconf 79' lang='lat' dir='ltr'><strong>vitia</strong></span> <span class='ocrx_word' id='word_1_330' title='bbox 578 2725 746 2810; x_wconf 90' lang='lat' dir='ltr'><strong>publicum</strong></span> <span class='ocrx_word' id='word_1_331' title='bbox 773 2747 918 2792; x_wconf 89' lang='lat' dir='ltr'><strong>errorem</strong></span> <span class='ocrx_word' id='word_1_332' title='bbox 939 2726 1078 2792; x_wconf 83' lang='lat' dir='ltr'><strong>faciunt:</strong></span> <span class='ocrx_word' id='word_1_333' title='bbox 1216 2723 1463 2808; x_wconf 89' lang='lat' dir='ltr'><strong>Disputandum</strong></span> <span class='ocrx_word' id='word_1_334' title='bbox 1501 2731 1615 2790; x_wconf 75' lang='lat' dir='ltr'><strong>eonba</strong></span> <span class='ocrx_word' id='word_1_335' title='bbox 1650 2723 1734 2790; x_wconf 90' lang='lat' dir='ltr'><strong>illud</strong></span> <span class='ocrx_word' id='word_1_336' title='bbox 1766 2723 1895 2790; x_wconf 91' lang='lat' dir='ltr'><strong>Valerii</strong></span> <span class='ocrx_word' id='word_1_337' title='bbox 1928 2725 1968 2792; x_wconf 92' lang='lat' dir='ltr'><strong>de</strong></span> <span class='ocrx_word' id='word_1_338' title='bbox 2000 2746 2103 2793; x_wconf 91' lang='lat' dir='ltr'><strong>coena</strong></span> 
     </span>
     <span class='ocr_line' id='line_1_27' title="bbox 116 2809 2102 2896; baseline 0.002 -22"><span class='ocrx_word' id='word_1_339' title='bbox 116 2815 177 2874; x_wconf 87' lang='lat' dir='ltr'><strong>nn</strong></span> <span class='ocrx_word' id='word_1_340' title='bbox 195 2811 346 2894; x_wconf 91' lang='lat' dir='ltr'><strong>publicus</strong></span> <span class='ocrx_word' id='word_1_341' title='bbox 368 2833 460 2876; x_wconf 91' lang='lat' dir='ltr'><strong>error</strong></span> <span class='ocrx_word' id='word_1_342' title='bbox 481 2811 685 2896; x_wconf 83' lang='lat' dir='ltr'><strong>singulomm</strong></span> <span class='ocrx_word' id='word_1_343' title='bbox 711 2813 801 2878; x_wconf 87' lang='lat' dir='ltr'><strong>vitia.</strong></span> <span class='ocrx_word' id='word_1_344' title='bbox 853 2812 920 2894; x_wconf 89' lang='lat' dir='ltr'><strong>Qui</strong></span> <span class='ocrx_word' id='word_1_345' title='bbox 948 2812 1079 2879; x_wconf 90' lang='lat' dir='ltr'><strong>sordida</strong></span> <span class='ocrx_word' id='word_1_346' title='bbox 1131 2810 1327 2876; x_wconf 68' lang='lat' dir='ltr'><strong>Tuberonis:</strong></span> <span class='ocrx_word' id='word_1_347' title='bbox 1355 2809 1499 2875; x_wconf 83' lang='lat' dir='ltr'><strong>Maiores</strong></span> <span class='ocrx_word' id='word_1_348' title='bbox 1520 2810 1625 2876; x_wconf 90' lang='lat' dir='ltr'><strong>nostri</strong></span> <span class='ocrx_word' id='word_1_349' title='bbox 1644 2811 1771 2894; x_wconf 89' lang='lat' dir='ltr'><strong>publice</strong></span> <span class='ocrx_word' id='word_1_350' title='bbox 1793 2812 1969 2896; x_wconf 83' lang='lat' dir='ltr'><strong>magnifici,</strong></span> <span class='ocrx_word' id='word_1_351' title='bbox 1991 2812 2102 2896; x_wconf 82' lang='lat' dir='ltr'><strong>priva·</strong></span> 
     </span>
     <span class='ocr_line' id='line_1_28' title="bbox 116 2896 2103 2982; baseline 0.002 -23"><span class='ocrx_word' id='word_1_352' title='bbox 116 2903 195 2960; x_wconf 73' lang='lat' dir='ltr'><strong>rate</strong></span> <span class='ocrx_word' id='word_1_353' title='bbox 212 2897 376 2963; x_wconf 88' lang='lat' dir='ltr'><strong>crubescit</strong></span> <span class='ocrx_word' id='word_1_354' title='bbox 396 2899 538 2981; x_wconf 86' lang='lat' dir='ltr'><strong>pretiosa</strong></span> <span class='ocrx_word' id='word_1_355' title='bbox 559 2898 760 2982; x_wconf 82' lang='lat' dir='ltr'><strong>gloriabitur.</strong></span> <span class='ocrx_word' id='word_1_356' title='bbox 803 2899 902 2966; x_wconf 91' lang='lat' dir='ltr'><strong>Nunc</strong></span> <span class='ocrx_word' id='word_1_357' title='bbox 923 2898 962 2963; x_wconf 91' lang='lat' dir='ltr'><strong>ad</strong></span> <span class='ocrx_word' id='word_1_358' title='bbox 983 2899 1078 2965; x_wconf 87' lang='lat' dir='ltr'><strong>luxu·</strong></span> <span class='ocrx_word' id='word_1_359' title='bbox 1129 2896 1191 2960; x_wconf 92' lang='lat' dir='ltr'><strong>tim</strong></span> <span class='ocrx_word' id='word_1_360' title='bbox 1212 2896 1303 2980; x_wconf 91' lang='lat' dir='ltr'><strong>parci</strong></span> <span class='ocrx_word' id='word_1_361' title='bbox 1325 2915 1396 2961; x_wconf 90' lang='lat' dir='ltr'><strong>esse</strong></span> <span class='ocrx_word' id='word_1_362' title='bbox 1424 2896 1608 2962; x_wconf 84' lang='lat' dir='ltr'><strong>volucrunt.</strong></span> <span class='ocrx_word' id='word_1_363' title='bbox 1659 2897 1745 2962; x_wconf 91' lang='lat' dir='ltr'><strong>Nam</strong></span> <span class='ocrx_word' id='word_1_364' title='bbox 1772 2897 1799 2962; x_wconf 93' lang='lat' dir='ltr'><strong>si</strong></span> <span class='ocrx_word' id='word_1_365' title='bbox 1829 2897 2018 2964; x_wconf 87' lang='lat' dir='ltr'><strong>didicissent</strong></span> <span class='ocrx_word' id='word_1_366' title='bbox 2039 2899 2103 2981; x_wconf 92' lang='lat' dir='ltr'><strong>pri·</strong></span> 
     </span>
     <span class='ocr_line' id='line_1_29' title="bbox 114 2980 2102 3069; baseline 0.003 -25"><span class='ocrx_word' id='word_1_367' title='bbox 114 2980 186 3046; x_wconf 89' lang='lat' dir='ltr'><strong>riam</strong></span> <span class='ocrx_word' id='word_1_368' title='bbox 207 2985 351 3066; x_wconf 91' lang='lat' dir='ltr'><strong>pertinet</strong></span> <span class='ocrx_word' id='word_1_369' title='bbox 377 2991 455 3068; x_wconf 92' lang='lat' dir='ltr'><strong>quot</strong></span> <span class='ocrx_word' id='word_1_370' title='bbox 476 2985 612 3069; x_wconf 89' lang='lat' dir='ltr'><strong>quisquc</strong></span> <span class='ocrx_word' id='word_1_371' title='bbox 639 2984 738 3051; x_wconf 89' lang='lat' dir='ltr'><strong>ducat</strong></span> <span class='ocrx_word' id='word_1_372' title='bbox 765 3005 874 3068; x_wconf 89' lang='lat' dir='ltr'><strong>equos.</strong></span> <span class='ocrx_word' id='word_1_373' title='bbox 925 2987 973 3050; x_wconf 80' lang='lat' dir='ltr'><strong>At</strong></span> <span class='ocrx_word' id='word_1_374' title='bbox 995 2983 1078 3051; x_wconf 85' lang='lat' dir='ltr'><strong>Oato</strong></span> <span class='ocrx_word' id='word_1_375' title='bbox 1129 2988 1240 3048; x_wconf 82' lang='lat' dir='ltr'><strong>vatam</strong></span> <span class='ocrx_word' id='word_1_376' title='bbox 1251 2981 1495 3067; x_wconf 89' lang='lat' dir='ltr'><strong>parsimoniam,</strong></span> <span class='ocrx_word' id='word_1_377' title='bbox 1513 3003 1579 3046; x_wconf 93' lang='lat' dir='ltr'><strong>non</strong></span> <span class='ocrx_word' id='word_1_378' title='bbox 1597 2983 1806 3050; x_wconf 67' lang='lat' dir='ltr'><strong>affecussent</strong></span> <span class='ocrx_word' id='word_1_379' title='bbox 1822 2982 1988 3066; x_wconf 90' lang='lat' dir='ltr'><strong>publicam</strong></span> <span class='ocrx_word' id='word_1_380' title='bbox 2004 2984 2102 3050; x_wconf 84' lang='lat' dir='ltr'><strong>luxu·</strong></span> 
     </span>
     <span class='ocr_line' id='line_1_30' title="bbox 115 3068 2100 3154; baseline 0.002 -23"><span class='ocrx_word' id='word_1_381' title='bbox 115 3087 172 3132; x_wconf 90' lang='lat' dir='ltr'><strong>uno</strong></span> <span class='ocrx_word' id='word_1_382' title='bbox 196 3077 373 3134; x_wconf 88' lang='lat' dir='ltr'><strong>contentus</strong></span> <span class='ocrx_word' id='word_1_383' title='bbox 400 3070 470 3134; x_wconf 86' lang='lat' dir='ltr'><strong>fuit.</strong></span> <span class='ocrx_word' id='word_1_384' title='bbox 515 3069 602 3135; x_wconf 89' lang='lat' dir='ltr'><strong>Vide</strong></span> <span class='ocrx_word' id='word_1_385' title='bbox 624 3069 740 3136; x_wconf 79' lang='lat' dir='ltr'><strong>Senec.</strong></span> <span class='ocrx_word' id='word_1_386' title='bbox 769 3091 819 3154; x_wconf 89' lang='lat' dir='ltr'><strong>ep.</strong></span> <span class='ocrx_word' id='word_1_387' title='bbox 842 3075 893 3136; x_wconf 85' lang='lat'><strong>88.</strong></span> <span class='ocrx_word' id='word_1_388' title='bbox 937 3071 1077 3137; x_wconf 89' lang='lat' dir='ltr'><strong>Paream</strong></span> <span class='ocrx_word' id='word_1_389' title='bbox 1129 3068 1227 3134; x_wconf 72' lang='lat' dir='ltr'><strong>mam:</strong></span> <span class='ocrx_word' id='word_1_390' title='bbox 1246 3089 1335 3133; x_wconf 91' lang='lat' dir='ltr'><strong>nunc</strong></span> <span class='ocrx_word' id='word_1_391' title='bbox 1344 3068 1427 3134; x_wconf 86' lang='lat' dir='ltr'><strong>vitia</strong></span> <span class='ocrx_word' id='word_1_392' title='bbox 1443 3068 1532 3133; x_wconf 91' lang='lat' dir='ltr'><strong>domi</strong></span> <span class='ocrx_word' id='word_1_393' title='bbox 1546 3077 1701 3152; x_wconf 88' lang='lat' dir='ltr'><strong>concepta</strong></span> <span class='ocrx_word' id='word_1_394' title='bbox 1717 3071 1752 3134; x_wconf 93' lang='lat' dir='ltr'><strong>in</strong></span> <span class='ocrx_word' id='word_1_395' title='bbox 1769 3069 1937 3154; x_wconf 89' lang='lat' dir='ltr'><strong>publicum</strong></span> <span class='ocrx_word' id='word_1_396' title='bbox 1949 3071 2100 3136; x_wconf 85' lang='lat' dir='ltr'><strong>afferunt</strong></span> 
     </span>
     <span class='ocr_line' id='line_1_31' title="bbox 114 3149 2103 3242; baseline 0.003 -26"><span class='ocrx_word' id='word_1_397' title='bbox 114 3161 213 3220; x_wconf 74' lang='lat' dir='ltr'><strong>umen</strong></span> <span class='ocrx_word' id='word_1_398' title='bbox 236 3175 352 3220; x_wconf 90' lang='lat' dir='ltr'><strong>eorum</strong></span> <span class='ocrx_word' id='word_1_399' title='bbox 373 3155 514 3221; x_wconf 89' lang='lat' dir='ltr'><strong>auribus.</strong></span> <span class='ocrx_word' id='word_1_400' title='bbox 564 3155 692 3222; x_wconf 90' lang='lat' dir='ltr'><strong>Verum</strong></span> <span class='ocrx_word' id='word_1_401' title='bbox 714 3156 836 3242; x_wconf 82' lang='lat' dir='ltr'><strong>singoli</strong></span> <span class='ocrx_word' id='word_1_402' title='bbox 858 3177 924 3222; x_wconf 92' lang='lat' dir='ltr'><strong>non</strong></span> <span class='ocrx_word' id='word_1_403' title='bbox 946 3155 1079 3222; x_wconf 91' lang='lat' dir='ltr'><strong>audient</strong></span> <span class='ocrx_word' id='word_1_404' title='bbox 1214 3154 1395 3237; x_wconf 88' lang='lat' dir='ltr'><strong>Plerosque</strong></span> <span class='ocrx_word' id='word_1_405' title='bbox 1417 3154 1529 3219; x_wconf 83' lang='lat' dir='ltr'><strong>videre</strong></span> <span class='ocrx_word' id='word_1_406' title='bbox 1550 3161 1601 3220; x_wconf 91' lang='lat' dir='ltr'><strong>cst</strong></span> <span class='ocrx_word' id='word_1_407' title='bbox 1626 3157 1682 3238; x_wconf 95' lang='lat' dir='ltr'><strong>qui</strong></span> <span class='ocrx_word' id='word_1_408' title='bbox 1707 3149 1818 3220; x_wconf 87' lang='lat' dir='ltr'><strong>instar</strong></span> <span class='ocrx_word' id='word_1_409' title='bbox 1839 3155 1971 3222; x_wconf 89' lang='lat' dir='ltr'><strong>Biantis</strong></span> <span class='ocrx_word' id='word_1_410' title='bbox 1992 3156 2103 3222; x_wconf 89' lang='lat' dir='ltr'><strong>omnia</strong></span> 
     </span>
     <span class='ocr_line' id='line_1_32' title="bbox 114 3239 2101 3326; baseline 0.003 -23"><span class='ocrx_word' id='word_1_411' title='bbox 114 3241 181 3320; x_wconf 91' lang='lat' dir='ltr'><strong>quia</strong></span> <span class='ocrx_word' id='word_1_412' title='bbox 199 3241 326 3306; x_wconf 85' lang='lat' dir='ltr'><strong>nolunt</strong></span> <span class='ocrx_word' id='word_1_413' title='bbox 359 3239 459 3306; x_wconf 88' lang='lat' dir='ltr'><strong>Modo</strong></span> <span class='ocrx_word' id='word_1_414' title='bbox 480 3241 541 3307; x_wconf 93' lang='lat' dir='ltr'><strong>hoe</strong></span> <span class='ocrx_word' id='word_1_415' title='bbox 562 3263 695 3308; x_wconf 91' lang='lat' dir='ltr'><strong>rursum</strong></span> <span class='ocrx_word' id='word_1_416' title='bbox 716 3241 878 3308; x_wconf 89' lang='lat' dir='ltr'><strong>obtineam</strong></span> <span class='ocrx_word' id='word_1_417' title='bbox 896 3249 934 3307; x_wconf 91' lang='lat' dir='ltr'><strong>ut</strong></span> <span class='ocrx_word' id='word_1_418' title='bbox 950 3243 1079 3326; x_wconf 89' lang='lat' dir='ltr'><strong>publice</strong></span> <span class='ocrx_word' id='word_1_419' title='bbox 1130 3260 1189 3306; x_wconf 88' lang='lat' dir='ltr'><strong>sua</strong></span> <span class='ocrx_word' id='word_1_420' title='bbox 1210 3261 1320 3306; x_wconf 89' lang='lat' dir='ltr'><strong>secum</strong></span> <span class='ocrx_word' id='word_1_421' title='bbox 1329 3247 1482 3322; x_wconf 82' lang='lat' dir='ltr'><strong>-portant,</strong></span> <span class='ocrx_word' id='word_1_422' title='bbox 1506 3239 1585 3305; x_wconf 89' lang='lat' dir='ltr'><strong>alios</strong></span> <span class='ocrx_word' id='word_1_423' title='bbox 1608 3241 1707 3306; x_wconf 89' lang='lat' dir='ltr'><strong>etiam</strong></span> <span class='ocrx_word' id='word_1_424' title='bbox 1729 3241 1803 3324; x_wconf 89' lang='lat' dir='ltr'><strong>plus</strong></span> <span class='ocrx_word' id='word_1_425' title='bbox 1827 3262 1926 3325; x_wconf 88' lang='lat' dir='ltr'><strong>quam</strong></span> <span class='ocrx_word' id='word_1_426' title='bbox 1948 3241 2101 3308; x_wconf 85' lang='lat' dir='ltr'><strong>habeant</strong></span> 
     </span>
     <span class='ocr_line' id='line_1_33' title="bbox 114 3325 2102 3412; baseline 0.003 -24"><span class='ocrx_word' id='word_1_427' title='bbox 114 3325 247 3392; x_wconf 88' lang='lat' dir='ltr'><strong>audient.</strong></span> <span class='ocrx_word' id='word_1_428' title='bbox 292 3327 409 3392; x_wconf 91' lang='lat' dir='ltr'><strong>Potius</strong></span> <span class='ocrx_word' id='word_1_429' title='bbox 431 3326 577 3393; x_wconf 90' lang='lat' dir='ltr'><strong>humana</strong></span> <span class='ocrx_word' id='word_1_430' title='bbox 605 3329 715 3393; x_wconf 90' lang='lat' dir='ltr'><strong>omnia</strong></span> <span class='ocrx_word' id='word_1_431' title='bbox 742 3349 779 3394; x_wconf 91' lang='lat' dir='ltr'><strong>ac</strong></span> <span class='ocrx_word' id='word_1_432' title='bbox 807 3328 921 3395; x_wconf 88' lang='lat' dir='ltr'><strong>divina</strong></span> <span class='ocrx_word' id='word_1_433' title='bbox 941 3330 1079 3412; x_wconf 88' lang='lat' dir='ltr'><strong>permis·</strong></span> <span class='ocrx_word' id='word_1_434' title='bbox 1214 3325 1250 3390; x_wconf 90' lang='grc' dir='ltr'>Η</span> <span class='ocrx_word' id='word_1_435' title='bbox 1267 3375 1274 3388; x_wconf 93' lang='grc'><strong>.</strong></span> <span class='ocrx_word' id='word_1_436' title='bbox 1294 3375 1301 3390; x_wconf 92' lang='grc'><strong>.</strong></span> <span class='ocrx_word' id='word_1_437' title='bbox 1321 3376 1328 3390; x_wconf 93' lang='grc'><strong>.</strong></span> <span class='ocrx_word' id='word_1_438' title='bbox 1348 3345 1429 3391; x_wconf 78' lang='lat' dir='ltr'><strong>‚um</strong></span> <span class='ocrx_word' id='word_1_439' title='bbox 1442 3328 1466 3409; x_wconf 84' lang='grc'><strong>1)</strong></span> <span class='ocrx_word' id='word_1_440' title='bbox 1489 3333 1664 3391; x_wconf 88' lang='lat' dir='ltr'><strong>ornatuum</strong></span> <span class='ocrx_word' id='word_1_441' title='bbox 1685 3326 1810 3393; x_wconf 88' lang='lat' dir='ltr'><strong>solebat</strong></span> <span class='ocrx_word' id='word_1_442' title='bbox 1840 3347 1912 3392; x_wconf 88' lang='lat' dir='ltr'><strong>esse</strong></span> <span class='ocrx_word' id='word_1_443' title='bbox 1943 3328 2102 3394; x_wconf 91' lang='lat' dir='ltr'><strong>sollicitus</strong></span> 
     </span>
     <span class='ocr_line' id='line_1_34' title="bbox 113 3411 2102 3498; baseline 0.002 -22"><span class='ocrx_word' id='word_1_444' title='bbox 113 3421 214 3492; x_wconf 84' lang='lat' dir='ltr'><strong>ceant,</strong></span> <span class='ocrx_word' id='word_1_445' title='bbox 248 3413 358 3496; x_wconf 89' lang='lat' dir='ltr'><strong>potins</strong></span> <span class='ocrx_word' id='word_1_446' title='bbox 385 3413 459 3478; x_wconf 91' lang='lat' dir='ltr'><strong>iura</strong></span> <span class='ocrx_word' id='word_1_447' title='bbox 485 3415 595 3479; x_wconf 89' lang='lat' dir='ltr'><strong>omnia</strong></span> <span class='ocrx_word' id='word_1_448' title='bbox 621 3422 850 3498; x_wconf 89' lang='lat' dir='ltr'><strong>perrumpant,</strong></span> <span class='ocrx_word' id='word_1_449' title='bbox 883 3435 981 3498; x_wconf 92' lang='lat' dir='ltr'><strong>quam</strong></span> <span class='ocrx_word' id='word_1_450' title='bbox 1010 3435 1078 3479; x_wconf 93' lang='lat' dir='ltr'><strong>non</strong></span> <span class='ocrx_word' id='word_1_451' title='bbox 1130 3431 1223 3491; x_wconf 87' lang='lat' dir='ltr'><strong>usus,</strong></span> <span class='ocrx_word' id='word_1_452' title='bbox 1254 3433 1342 3477; x_wconf 91' lang='lat' dir='ltr'><strong>nuuc</strong></span> <span class='ocrx_word' id='word_1_453' title='bbox 1364 3411 1405 3476; x_wconf 90' lang='lat' dir='ltr'><strong>ad</strong></span> <span class='ocrx_word' id='word_1_454' title='bbox 1427 3411 1611 3497; x_wconf 83' lang='lat' dir='ltr'><strong>augendam</strong></span> <span class='ocrx_word' id='word_1_455' title='bbox 1632 3411 1798 3478; x_wconf 83' lang='lat' dir='ltr'><strong>luxuriam</strong></span> <span class='ocrx_word' id='word_1_456' title='bbox 1822 3420 2028 3497; x_wconf 90' lang='lat' dir='ltr'><strong>contemptus</strong></span> <span class='ocrx_word' id='word_1_457' title='bbox 2048 3435 2102 3479; x_wconf 90' lang='lat' dir='ltr'><strong>ac·</strong></span> 
     </span>
     <span class='ocr_line' id='line_1_35' title="bbox 114 3495 1224 3585; baseline 0.001 -25"><span class='ocrx_word' id='word_1_458' title='bbox 114 3499 252 3563; x_wconf 85' lang='lat' dir='ltr'><strong>serviant</strong></span> <span class='ocrx_word' id='word_1_459' title='bbox 272 3519 422 3564; x_wconf 86' lang='lat' dir='ltr'><strong>summae</strong></span> <span class='ocrx_word' id='word_1_460' title='bbox 444 3499 603 3564; x_wconf 88' lang='lat' dir='ltr'><strong>luxuriae.</strong></span> <span class='ocrx_word' id='word_1_461' title='bbox 654 3500 705 3566; x_wconf 89' lang='lat' dir='ltr'><strong>Ne</strong></span> <span class='ocrx_word' id='word_1_462' title='bbox 727 3501 878 3583; x_wconf 89' lang='lat' dir='ltr'><strong>exempla</strong></span> <span class='ocrx_word' id='word_1_463' title='bbox 898 3501 996 3585; x_wconf 78' lang='lat' dir='ltr'><strong>louge</strong></span> <span class='ocrx_word' id='word_1_464' title='bbox 1017 3521 1077 3564; x_wconf 79' lang='lat' dir='ltr'><strong>no·</strong></span> <span class='ocrx_word' id='word_1_465' title='bbox 1129 3495 1224 3562; x_wconf 92' lang='lat' dir='ltr'><strong>cedit.</strong></span> 
     </span>
     <span class='ocr_line' id='line_1_36' title="bbox 113 3579 2142 3670; baseline 0 -25"><span class='ocrx_word' id='word_1_466' title='bbox 113 3579 156 3649; x_wconf 90' lang='lat' dir='ltr'><strong>bis</strong></span> <span class='ocrx_word' id='word_1_467' title='bbox 175 3585 317 3667; x_wconf 88' lang='lat' dir='ltr'><strong>petenda</strong></span> <span class='ocrx_word' id='word_1_468' title='bbox 339 3585 414 3650; x_wconf 85' lang='lat' dir='ltr'><strong>sint</strong></span> <span class='ocrx_word' id='word_1_469' title='bbox 465 3583 620 3650; x_wconf 81' lang='lat' dir='ltr'><strong>Vidimus</strong></span> <span class='ocrx_word' id='word_1_470' title='bbox 646 3607 753 3670; x_wconf 87' lang='lat' dir='ltr'><strong>nuper</strong></span> <span class='ocrx_word' id='word_1_471' title='bbox 773 3587 808 3650; x_wconf 91' lang='lat' dir='ltr'><strong>in</strong></span> <span class='ocrx_word' id='word_1_472' title='bbox 832 3585 1001 3652; x_wconf 84' lang='lat' dir='ltr'><strong>Genueus.</strong></span> <span class='ocrx_word' id='word_1_473' title='bbox 1047 3585 1077 3652; x_wconf 93' lang='lat'>0</span> <span class='ocrx_word' id='word_1_474' title='bbox 1215 3583 1288 3648; x_wconf 91' lang='lat' dir='ltr'><strong>Hoc</strong></span> <span class='ocrx_word' id='word_1_475' title='bbox 1309 3583 1448 3648; x_wconf 85' lang='lat' dir='ltr'><strong>verbnm</strong></span> <span class='ocrx_word' id='word_1_476' title='bbox 1472 3582 1683 3649; x_wconf 83' lang='lat' dir='ltr'><strong>delicatomm</strong></span> <span class='ocrx_word' id='word_1_477' title='bbox 1705 3604 1790 3667; x_wconf 92' lang='lat' dir='ltr'><strong>quon</strong></span> <span class='ocrx_word' id='word_1_478' title='bbox 1830 3604 1871 3648; x_wconf 92' lang='lat' dir='ltr'><strong>ue</strong></span> <span class='ocrx_word' id='word_1_479' title='bbox 1892 3581 2047 3650; x_wconf 87' lang='lat' dir='ltr'><strong>tandem?</strong></span> <span class='ocrx_word' id='word_1_480' title='bbox 2132 3610 2142 3634; x_wconf 58' lang='grc' dir='ltr'><strong>ι</strong></span> 
     </span>
     <span class='ocr_line' id='line_1_37' title="bbox 113 3667 2101 3756; baseline 0.002 -24"><span class='ocrx_word' id='word_1_481' title='bbox 113 3667 137 3732; x_wconf 90' lang='lat' dir='ltr'><strong>si</strong></span> <span class='ocrx_word' id='word_1_482' title='bbox 163 3669 334 3754; x_wconf 89' lang='lat' dir='ltr'><strong>aliquando</strong></span> <span class='ocrx_word' id='word_1_483' title='bbox 362 3671 396 3734; x_wconf 93' lang='lat' dir='ltr'><strong>in</strong></span> <span class='ocrx_word' id='word_1_484' title='bbox 424 3672 557 3754; x_wconf 92' lang='lat' dir='ltr'><strong>templis</strong></span> <span class='ocrx_word' id='word_1_485' title='bbox 593 3679 626 3736; x_wconf 93' lang='lat' dir='ltr'><strong>et</strong></span> <span class='ocrx_word' id='word_1_486' title='bbox 653 3673 688 3736; x_wconf 95' lang='lat' dir='ltr'><strong>in</strong></span> <span class='ocrx_word' id='word_1_487' title='bbox 714 3671 844 3756; x_wconf 92' lang='lat' dir='ltr'><strong>publico</strong></span> <span class='ocrx_word' id='word_1_488' title='bbox 870 3680 1078 3738; x_wconf 89' lang='lat' dir='ltr'><strong>consecretur</strong></span> <span class='ocrx_word' id='word_1_489' title='bbox 1214 3667 1418 3734; x_wconf 90' lang='lat' dir='ltr'><strong>Vestiarium</strong></span> <span class='ocrx_word' id='word_1_490' title='bbox 1440 3677 1558 3734; x_wconf 91' lang='lat' dir='ltr'><strong>neutro</strong></span> <span class='ocrx_word' id='word_1_491' title='bbox 1580 3690 1675 3752; x_wconf 90' lang='lat' dir='ltr'><strong>quom</strong></span> <span class='ocrx_word' id='word_1_492' title='bbox 1705 3669 1792 3752; x_wconf 91' lang='lat' dir='ltr'><strong>apud</strong></span> <span class='ocrx_word' id='word_1_493' title='bbox 1842 3690 1929 3735; x_wconf 90' lang='lat' dir='ltr'><strong>suec.</strong></span> <span class='ocrx_word' id='word_1_494' title='bbox 1952 3669 2005 3734; x_wconf 85' lang='lat' dir='ltr'><strong>fol.</strong></span> <span class='ocrx_word' id='word_1_495' title='bbox 2028 3673 2101 3735; x_wconf 81' lang='lat'><strong>354.</strong></span> 
     </span>
     <span class='ocr_line' id='line_1_38' title="bbox 112 3753 2101 3842; baseline 0.002 -24"><span class='ocrx_word' id='word_1_496' title='bbox 112 3767 278 3839; x_wconf 89' lang='lat' dir='ltr'><strong>paupertas</strong></span> <span class='ocrx_word' id='word_1_497' title='bbox 299 3778 341 3822; x_wconf 90' lang='lat' dir='ltr'><strong>ne</strong></span> <span class='ocrx_word' id='word_1_498' title='bbox 368 3756 503 3839; x_wconf 86' lang='lat' dir='ltr'><strong>posthac</strong></span> <span class='ocrx_word' id='word_1_499' title='bbox 531 3756 654 3840; x_wconf 91' lang='lat' dir='ltr'><strong>pudeat</strong></span> <span class='ocrx_word' id='word_1_500' title='bbox 678 3779 750 3823; x_wconf 90' lang='lat' dir='ltr'><strong>eam</strong></span> <span class='ocrx_word' id='word_1_501' title='bbox 777 3758 936 3842; x_wconf 84' lang='lat' dir='ltr'><strong>privatim</strong></span> <span class='ocrx_word' id='word_1_502' title='bbox 959 3755 1077 3823; x_wconf 91' lang='lat' dir='ltr'><strong>admit·</strong></span> <span class='ocrx_word' id='word_1_503' title='bbox 1215 3753 1328 3835; x_wconf 90' lang='lat' dir='ltr'><strong>Quum</strong></span> <span class='ocrx_word' id='word_1_504' title='bbox 1350 3754 1485 3819; x_wconf 88' lang='lat' dir='ltr'><strong>choreas</strong></span> <span class='ocrx_word' id='word_1_505' title='bbox 1507 3764 1639 3821; x_wconf 89' lang='lat' dir='ltr'><strong>nostras</strong></span> <span class='ocrx_word' id='word_1_506' title='bbox 1660 3755 1784 3822; x_wconf 87' lang='lat' dir='ltr'><strong>videris</strong></span> <span class='ocrx_word' id='word_1_507' title='bbox 1807 3754 1896 3820; x_wconf 88' lang='lat' dir='ltr'><strong>dieas</strong></span> <span class='ocrx_word' id='word_1_508' title='bbox 1916 3756 1996 3821; x_wconf 91' lang='lat' dir='ltr'><strong>istos</strong></span> <span class='ocrx_word' id='word_1_509' title='bbox 2017 3753 2101 3821; x_wconf 93' lang='lat' dir='ltr'><strong>hila·</strong></span> 
     </span>
     <span class='ocr_line' id='line_1_39' title="bbox 112 3841 1524 3925; baseline 0 -21"><span class='ocrx_word' id='word_1_510' title='bbox 112 3847 182 3906; x_wconf 84' lang='lat' dir='ltr'><strong>tere.</strong></span> <span class='ocrx_word' id='word_1_511' title='bbox 226 3842 313 3908; x_wconf 90' lang='lat' dir='ltr'><strong>Vide</strong></span> <span class='ocrx_word' id='word_1_512' title='bbox 335 3841 450 3908; x_wconf 80' lang='lat' dir='ltr'><strong>Sanco.</strong></span> <span class='ocrx_word' id='word_1_513' title='bbox 474 3842 526 3908; x_wconf 87' lang='lat' dir='ltr'><strong>lol.</strong></span> <span class='ocrx_word' id='word_1_514' title='bbox 550 3847 621 3908; x_wconf 86' lang='lat'><strong>211.</strong></span> <span class='ocrx_word' id='word_1_515' title='bbox 1128 3859 1182 3905; x_wconf 89' lang='lat' dir='ltr'><strong>res</strong></span> <span class='ocrx_word' id='word_1_516' title='bbox 1202 3861 1262 3925; x_wconf 92' lang='lat' dir='ltr'><strong>per</strong></span> <span class='ocrx_word' id='word_1_517' title='bbox 1282 3841 1386 3905; x_wconf 89' lang='lat' dir='ltr'><strong>risum</strong></span> <span class='ocrx_word' id='word_1_518' title='bbox 1408 3841 1524 3905; x_wconf 85' lang='lat' dir='ltr'><strong>furere.</strong></span> 
     </span>
    </p>

    <p class='ocr_par' dir='ltr' id='par_1_3' title="bbox 106 3925 2101 5384">
     <span class='ocr_line' id='line_1_40' title="bbox 190 3925 2101 4014; baseline -0.001 -20"><span class='ocrx_word' id='word_1_519' title='bbox 190 3925 305 3994; x_wconf 73' lang='lat' dir='ltr'><strong>Sanco:</strong></span> <span class='ocrx_word' id='word_1_520' title='bbox 330 3928 370 3992; x_wconf 93' lang='lat' dir='ltr'><strong>de</strong></span> <span class='ocrx_word' id='word_1_521' title='bbox 392 3929 507 3994; x_wconf 83' lang='lat' dir='ltr'><strong>brevit.</strong></span> <span class='ocrx_word' id='word_1_522' title='bbox 530 3929 619 3996; x_wconf 83' lang='lat' dir='ltr'><strong>vitae</strong></span> <span class='ocrx_word' id='word_1_523' title='bbox 640 3949 713 4014; x_wconf 84' lang='lat' dir='ltr'><strong>pag.</strong></span> <span class='ocrx_word' id='word_1_524' title='bbox 738 3933 797 3992; x_wconf 77' lang='lat'><strong>374</strong></span> <span class='ocrx_word' id='word_1_525' title='bbox 822 3935 936 3994; x_wconf 90' lang='lat' dir='ltr'><strong>contra</strong></span> <span class='ocrx_word' id='word_1_526' title='bbox 957 3949 1076 4012; x_wconf 89' lang='lat' dir='ltr'><strong>cappas</strong></span> <span class='ocrx_word' id='word_1_527' title='bbox 1213 3927 1367 4008; x_wconf 88' lang='lat' dir='ltr'><strong>Inoperto</strong></span> <span class='ocrx_word' id='word_1_528' title='bbox 1389 3927 1496 4008; x_wconf 89' lang='lat' dir='ltr'><strong>capite</strong></span> <span class='ocrx_word' id='word_1_529' title='bbox 1518 3925 1603 3990; x_wconf 82' lang='lat' dir='ltr'><strong>dixit</strong></span> <span class='ocrx_word' id='word_1_530' title='bbox 1619 3925 1696 3992; x_wconf 83' lang='lat' dir='ltr'><strong>Seu.</strong></span> <span class='ocrx_word' id='word_1_531' title='bbox 1718 3926 1966 4010; x_wconf 86' lang='lat' dir='ltr'><strong>proverbialiter</strong></span> <span class='ocrx_word' id='word_1_532' title='bbox 1987 3947 2046 4010; x_wconf 92' lang='lat' dir='ltr'><strong>pro</strong></span> <span class='ocrx_word' id='word_1_533' title='bbox 2063 3947 2101 3993; x_wconf 91' lang='lat' dir='ltr'><strong>eo</strong></span> 
     </span>
     <span class='ocr_line' id='line_1_41' title="bbox 113 4009 1526 4098; baseline 0.002 -24"><span class='ocrx_word' id='word_1_534' title='bbox 113 4021 165 4078; x_wconf 90' lang='lat' dir='ltr'><strong>eto.</strong></span> <span class='ocrx_word' id='word_1_535' title='bbox 210 4014 414 4097; x_wconf 90' lang='lat' dir='ltr'><strong>Inscripsero</strong></span> <span class='ocrx_word' id='word_1_536' title='bbox 446 4015 558 4079; x_wconf 92' lang='lat' dir='ltr'><strong>Deum</strong></span> <span class='ocrx_word' id='word_1_537' title='bbox 590 4015 704 4080; x_wconf 88' lang='lat' dir='ltr'><strong>sceleri</strong></span> <span class='ocrx_word' id='word_1_538' title='bbox 740 4022 773 4080; x_wconf 91' lang='lat' dir='ltr'><strong>et</strong></span> <span class='ocrx_word' id='word_1_539' title='bbox 803 4015 956 4098; x_wconf 91' lang='lat' dir='ltr'><strong>prosequi</strong></span> <span class='ocrx_word' id='word_1_540' title='bbox 987 4013 1077 4080; x_wconf 91' lang='lat' dir='ltr'><strong>bunc</strong></span> <span class='ocrx_word' id='word_1_541' title='bbox 1128 4011 1213 4095; x_wconf 91' lang='lat' dir='ltr'><strong>quod</strong></span> <span class='ocrx_word' id='word_1_542' title='bbox 1236 4021 1287 4078; x_wconf 88' lang='lat' dir='ltr'><strong>est</strong></span> <span class='ocrx_word' id='word_1_543' title='bbox 1308 4013 1378 4078; x_wconf 90' lang='lat' dir='ltr'><strong>sine</strong></span> <span class='ocrx_word' id='word_1_544' title='bbox 1395 4009 1526 4096; x_wconf 91' lang='lat' dir='ltr'><strong>pudore.</strong></span> 
     </span>
     <span class='ocr_line' id='line_1_42' title="bbox 111 4096 1076 4166; baseline 0.003 -5"><span class='ocrx_word' id='word_1_545' title='bbox 111 4096 209 4163; x_wconf 88' lang='lat' dir='ltr'><strong>locum</strong></span> <span class='ocrx_word' id='word_1_546' title='bbox 241 4109 358 4166; x_wconf 90' lang='lat' dir='ltr'><strong>contra</strong></span> <span class='ocrx_word' id='word_1_547' title='bbox 390 4100 666 4166; x_wconf 89' lang='lat' dir='ltr'><strong>consuetudinem.</strong></span> <span class='ocrx_word' id='word_1_548' title='bbox 723 4098 761 4166; x_wconf 81' lang='lat' dir='ltr'><strong>Si</strong></span> <span class='ocrx_word' id='word_1_549' title='bbox 789 4119 864 4166; x_wconf 92' lang='lat' dir='ltr'><strong>eum</strong></span> <span class='ocrx_word' id='word_1_550' title='bbox 888 4099 1076 4165; x_wconf 91' lang='lat' dir='ltr'><strong>hominibus</strong></span> 
     </span>
     <span class='ocr_line' id='line_1_43' title="bbox 110 4180 2101 4271; baseline 0.001 -23"><span class='ocrx_word' id='word_1_551' title='bbox 110 4183 186 4250; x_wconf 91' lang='lat' dir='ltr'><strong>bene</strong></span> <span class='ocrx_word' id='word_1_552' title='bbox 208 4194 375 4268; x_wconf 83' lang='lat' dir='ltr'><strong>ageretur,</strong></span> <span class='ocrx_word' id='word_1_553' title='bbox 404 4185 605 4252; x_wconf 91' lang='lat' dir='ltr'><strong>consuetudo</strong></span> <span class='ocrx_word' id='word_1_554' title='bbox 628 4185 761 4250; x_wconf 86' lang='lat' dir='ltr'><strong>vivendi</strong></span> <span class='ocrx_word' id='word_1_555' title='bbox 780 4207 800 4250; x_wconf 91' lang='lat' dir='ltr'><strong>a</strong></span> <span class='ocrx_word' id='word_1_556' title='bbox 821 4185 915 4252; x_wconf 92' lang='lat' dir='ltr'><strong>bonis</strong></span> <span class='ocrx_word' id='word_1_557' title='bbox 936 4185 1077 4271; x_wconf 91' lang='lat' dir='ltr'><strong>petenda</strong></span> <span class='ocrx_word' id='word_1_558' title='bbox 1215 4181 1424 4250; x_wconf 86' lang='lat' dir='ltr'><strong>Admonendi</strong></span> <span class='ocrx_word' id='word_1_559' title='bbox 1453 4191 1493 4248; x_wconf 94' lang='lat' dir='ltr'><strong>ut</strong></span> <span class='ocrx_word' id='word_1_560' title='bbox 1526 4183 1594 4248; x_wconf 92' lang='lat' dir='ltr'><strong>sint</strong></span> <span class='ocrx_word' id='word_1_561' title='bbox 1621 4180 1714 4247; x_wconf 89' lang='lat' dir='ltr'><strong>nobis</strong></span> <span class='ocrx_word' id='word_1_562' title='bbox 1742 4183 1917 4265; x_wconf 88' lang='lat' dir='ltr'><strong>aequiores.</strong></span> <span class='ocrx_word' id='word_1_563' title='bbox 1969 4181 2101 4249; x_wconf 89' lang='lat' dir='ltr'><strong>Dantur</strong></span> 
     </span>
     <span class='ocr_line' id='line_1_44' title="bbox 111 4269 2097 4356; baseline 0.001 -23"><span class='ocrx_word' id='word_1_564' title='bbox 111 4283 183 4335; x_wconf 88' lang='lat' dir='ltr'><strong>erat.</strong></span> <span class='ocrx_word' id='word_1_565' title='bbox 228 4269 325 4338; x_wconf 89' lang='lat' dir='ltr'><strong>Nunc</strong></span> <span class='ocrx_word' id='word_1_566' title='bbox 347 4293 448 4356; x_wconf 92' lang='lat' dir='ltr'><strong>quum</strong></span> <span class='ocrx_word' id='word_1_567' title='bbox 476 4273 559 4336; x_wconf 90' lang='lat' dir='ltr'><strong>mihi</strong></span> <span class='ocrx_word' id='word_1_568' title='bbox 586 4273 736 4355; x_wconf 91' lang='lat' dir='ltr'><strong>publicus</strong></span> <span class='ocrx_word' id='word_1_569' title='bbox 764 4273 918 4339; x_wconf 85' lang='lat' dir='ltr'><strong>vitiorum</strong></span> <span class='ocrx_word' id='word_1_570' title='bbox 941 4291 1077 4339; x_wconf 88' lang='lat' dir='ltr'><strong>consen·</strong></span> <span class='ocrx_word' id='word_1_571' title='bbox 1128 4269 1217 4335; x_wconf 90' lang='lat' dir='ltr'><strong>enim</strong></span> <span class='ocrx_word' id='word_1_572' title='bbox 1238 4270 1326 4336; x_wconf 86' lang='lat' dir='ltr'><strong>vitiis</strong></span> <span class='ocrx_word' id='word_1_573' title='bbox 1348 4289 1432 4353; x_wconf 90' lang='lat' dir='ltr'><strong>quae</strong></span> <span class='ocrx_word' id='word_1_574' title='bbox 1458 4271 1544 4334; x_wconf 86' lang='lat' dir='ltr'><strong>ferre</strong></span> <span class='ocrx_word' id='word_1_575' title='bbox 1565 4289 1631 4333; x_wconf 92' lang='lat' dir='ltr'><strong>non</strong></span> <span class='ocrx_word' id='word_1_576' title='bbox 1659 4277 1798 4350; x_wconf 92' lang='lat' dir='ltr'><strong>possunt</strong></span> <span class='ocrx_word' id='word_1_577' title='bbox 1817 4269 1925 4335; x_wconf 75' lang='lat' dir='ltr'><strong>facilia</strong></span> <span class='ocrx_word' id='word_1_578' title='bbox 1945 4269 2097 4335; x_wconf 83' lang='lat' dir='ltr'><strong>remedia</strong></span> 
     </span>
     <span class='ocr_line' id='line_1_45' title="bbox 109 4355 1077 4441; baseline 0.002 -21"><span class='ocrx_word' id='word_1_579' title='bbox 109 4375 159 4421; x_wconf 88' lang='lat' dir='ltr'><strong>sus</strong></span> <span class='ocrx_word' id='word_1_580' title='bbox 181 4355 351 4436; x_wconf 89' lang='lat' dir='ltr'><strong>obiicitur,</strong></span> <span class='ocrx_word' id='word_1_581' title='bbox 379 4355 458 4441; x_wconf 93' lang='lat' dir='ltr'><strong>quid</strong></span> <span class='ocrx_word' id='word_1_582' title='bbox 485 4355 574 4423; x_wconf 90' lang='lat' dir='ltr'><strong>aliud</strong></span> <span class='ocrx_word' id='word_1_583' title='bbox 601 4359 739 4424; x_wconf 87' lang='lat' dir='ltr'><strong>iactatur</strong></span> <span class='ocrx_word' id='word_1_584' title='bbox 768 4379 866 4440; x_wconf 89' lang='lat' dir='ltr'><strong>quam</strong></span> <span class='ocrx_word' id='word_1_585' title='bbox 894 4379 953 4424; x_wconf 91' lang='lat' dir='ltr'><strong>nos</strong></span> <span class='ocrx_word' id='word_1_586' title='bbox 979 4358 1014 4422; x_wconf 93' lang='lat' dir='ltr'><strong>in</strong></span> <span class='ocrx_word' id='word_1_587' title='bbox 1043 4357 1077 4422; x_wconf 94' lang='lat' dir='ltr'><strong>id</strong></span> 
     </span>
     <span class='ocr_line' id='line_1_46' title="bbox 109 4437 2098 4527; baseline 0.001 -24"><span class='ocrx_word' id='word_1_588' title='bbox 109 4447 234 4526; x_wconf 89' lang='lat' dir='ltr'><strong>tempus</strong></span> <span class='ocrx_word' id='word_1_589' title='bbox 258 4443 412 4510; x_wconf 89' lang='lat' dir='ltr'><strong>incidisse</strong></span> <span class='ocrx_word' id='word_1_590' title='bbox 440 4465 503 4527; x_wconf 94' lang='lat' dir='ltr'><strong>quc</strong></span> <span class='ocrx_word' id='word_1_591' title='bbox 524 4445 610 4508; x_wconf 91' lang='lat' dir='ltr'><strong>inter</strong></span> <span class='ocrx_word' id='word_1_592' title='bbox 638 4445 703 4508; x_wconf 91' lang='lat' dir='ltr'><strong>iam</strong></span> <span class='ocrx_word' id='word_1_593' title='bbox 731 4457 900 4526; x_wconf 88' lang='lat' dir='ltr'><strong>corruptos</strong></span> <span class='ocrx_word' id='word_1_594' title='bbox 927 4443 1077 4508; x_wconf 88' lang='lat' dir='ltr'><strong>homines</strong></span> <span class='ocrx_word' id='word_1_595' title='bbox 1214 4437 1419 4521; x_wconf 76' lang='lat' dir='ltr'><strong>Quibusdam</strong></span> <span class='ocrx_word' id='word_1_596' title='bbox 1455 4457 1584 4505; x_wconf 89' lang='lat' dir='ltr'><strong>summa</strong></span> <span class='ocrx_word' id='word_1_597' title='bbox 1611 4457 1764 4504; x_wconf 89' lang='lat' dir='ltr'><strong>curarum</strong></span> <span class='ocrx_word' id='word_1_598' title='bbox 1798 4447 1848 4506; x_wconf 91' lang='lat' dir='ltr'><strong>est</strong></span> <span class='ocrx_word' id='word_1_599' title='bbox 1880 4439 1958 4523; x_wconf 90' lang='lat' dir='ltr'><strong>quid</strong></span> <span class='ocrx_word' id='word_1_600' title='bbox 1991 4439 2098 4519; x_wconf 88' lang='lat' dir='ltr'><strong>edant,</strong></span> 
     </span>
     <span class='ocr_line' id='line_1_47' title="bbox 108 4525 1665 4614; baseline -0.003 -21"><span class='ocrx_word' id='word_1_601' title='bbox 108 4537 216 4594; x_wconf 84' lang='lat' dir='ltr'><strong>saneta</strong></span> <span class='ocrx_word' id='word_1_602' title='bbox 239 4529 437 4613; x_wconf 88' lang='lat' dir='ltr'><strong>honesteque</strong></span> <span class='ocrx_word' id='word_1_603' title='bbox 465 4549 562 4614; x_wconf 82' lang='lat' dir='ltr'><strong>agere</strong></span> <span class='ocrx_word' id='word_1_604' title='bbox 584 4551 650 4594; x_wconf 92' lang='lat' dir='ltr'><strong>non</strong></span> <span class='ocrx_word' id='word_1_605' title='bbox 672 4529 775 4594; x_wconf 89' lang='lat' dir='ltr'><strong>liceat.</strong></span> <span class='ocrx_word' id='word_1_606' title='bbox 820 4529 945 4594; x_wconf 79' lang='lat' dir='ltr'><strong>Contra</strong></span> <span class='ocrx_word' id='word_1_607' title='bbox 968 4549 1076 4595; x_wconf 88' lang='lat' dir='ltr'><strong>caesa·</strong></span> <span class='ocrx_word' id='word_1_608' title='bbox 1128 4525 1205 4611; x_wconf 89' lang='lat' dir='ltr'><strong>quid</strong></span> <span class='ocrx_word' id='word_1_609' title='bbox 1227 4525 1348 4604; x_wconf 89' lang='lat' dir='ltr'><strong>bibant,</strong></span> <span class='ocrx_word' id='word_1_610' title='bbox 1372 4525 1449 4607; x_wconf 92' lang='lat' dir='ltr'><strong>quid</strong></span> <span class='ocrx_word' id='word_1_611' title='bbox 1472 4525 1665 4590; x_wconf 85' lang='lat' dir='ltr'><strong>vestiantur.</strong></span> 
     </span>
     <span class='ocr_line' id='line_1_48' title="bbox 108 4609 1946 4699; baseline 0 -23"><span class='ocrx_word' id='word_1_612' title='bbox 108 4613 186 4678; x_wconf 87' lang='lat' dir='ltr'><strong>riam</strong></span> <span class='ocrx_word' id='word_1_613' title='bbox 208 4615 362 4680; x_wconf 91' lang='lat' dir='ltr'><strong>virorum.</strong></span> <span class='ocrx_word' id='word_1_614' title='bbox 408 4615 472 4680; x_wconf 83' lang='lat' dir='ltr'><strong>Est</strong></span> <span class='ocrx_word' id='word_1_615' title='bbox 493 4615 597 4699; x_wconf 82' lang='lat' dir='ltr'><strong>gloria</strong></span> <span class='ocrx_word' id='word_1_616' title='bbox 620 4614 753 4680; x_wconf 79' lang='lat' dir='ltr'><strong>Christi.</strong></span> <span class='ocrx_word' id='word_1_617' title='bbox 788 4614 885 4680; x_wconf 88' lang='lat' dir='ltr'><strong>Hauc</strong></span> <span class='ocrx_word' id='word_1_618' title='bbox 906 4614 1007 4680; x_wconf 86' lang='lat' dir='ltr'><strong>audes</strong></span> <span class='ocrx_word' id='word_1_619' title='bbox 1024 4615 1075 4679; x_wconf 94' lang='lat' dir='ltr'><strong>in·</strong></span> <span class='ocrx_word' id='word_1_620' title='bbox 1213 4610 1266 4676; x_wconf 91' lang='lat' dir='ltr'><strong>Dc</strong></span> <span class='ocrx_word' id='word_1_621' title='bbox 1288 4611 1423 4676; x_wconf 90' lang='lat' dir='ltr'><strong>honesto</strong></span> <span class='ocrx_word' id='word_1_622' title='bbox 1445 4609 1569 4693; x_wconf 90' lang='lat' dir='ltr'><strong>speculi</strong></span> <span class='ocrx_word' id='word_1_623' title='bbox 1591 4631 1654 4675; x_wconf 92' lang='lat' dir='ltr'><strong>usu</strong></span> <span class='ocrx_word' id='word_1_624' title='bbox 1674 4630 1780 4693; x_wconf 89' lang='lat' dir='ltr'><strong>pauca</strong></span> <span class='ocrx_word' id='word_1_625' title='bbox 1801 4609 1946 4676; x_wconf 91' lang='lat' dir='ltr'><strong>dicenda.</strong></span> 
     </span>
     <span class='ocr_line' id='line_1_49' title="bbox 110 4695 2096 4784; baseline -0.001 -21"><span class='ocrx_word' id='word_1_626' title='bbox 110 4697 223 4766; x_wconf 91' lang='lat' dir='ltr'><strong>ducere</strong></span> <span class='ocrx_word' id='word_1_627' title='bbox 256 4702 321 4766; x_wconf 88' lang='lat' dir='ltr'><strong>tuis</strong></span> <span class='ocrx_word' id='word_1_628' title='bbox 354 4701 447 4766; x_wconf 86' lang='lat' dir='ltr'><strong>sucis.</strong></span> <span class='ocrx_word' id='word_1_629' title='bbox 507 4702 562 4766; x_wconf 86' lang='lat' dir='ltr'><strong>An</strong></span> <span class='ocrx_word' id='word_1_630' title='bbox 595 4721 661 4766; x_wconf 91' lang='lat' dir='ltr'><strong>non</strong></span> <span class='ocrx_word' id='word_1_631' title='bbox 693 4700 727 4764; x_wconf 93' lang='lat' dir='ltr'><strong>id</strong></span> <span class='ocrx_word' id='word_1_632' title='bbox 761 4701 968 4784; x_wconf 84' lang='lat' dir='ltr'><strong>saerilegium</strong></span> <span class='ocrx_word' id='word_1_633' title='bbox 1002 4699 1074 4765; x_wconf 87' lang='lat' dir='ltr'><strong>est?</strong></span> <span class='ocrx_word' id='word_1_634' title='bbox 1213 4695 1380 4780; x_wconf 88' lang='lat' dir='ltr'><strong>Quidquid</strong></span> <span class='ocrx_word' id='word_1_635' title='bbox 1413 4696 1490 4762; x_wconf 92' lang='lat' dir='ltr'><strong>olim</strong></span> <span class='ocrx_word' id='word_1_636' title='bbox 1528 4695 1696 4761; x_wconf 88' lang='lat' dir='ltr'><strong>muliebris</strong></span> <span class='ocrx_word' id='word_1_637' title='bbox 1734 4695 1878 4762; x_wconf 89' lang='lat' dir='ltr'><strong>mundus</strong></span> <span class='ocrx_word' id='word_1_638' title='bbox 1910 4696 2096 4776; x_wconf 87' lang='lat' dir='ltr'><strong>vocabatur,</strong></span> 
     </span>
     <span class='ocr_line' id='line_1_50' title="bbox 108 4781 1842 4870; baseline -0.002 -20"><span class='ocrx_word' id='word_1_639' title='bbox 108 4783 196 4852; x_wconf 86' lang='lat' dir='ltr'><strong>Haec</strong></span> <span class='ocrx_word' id='word_1_640' title='bbox 230 4786 314 4852; x_wconf 84' lang='lat' dir='ltr'><strong>forte</strong></span> <span class='ocrx_word' id='word_1_641' title='bbox 349 4787 448 4852; x_wconf 85' lang='lat' dir='ltr'><strong>luxus</strong></span> <span class='ocrx_word' id='word_1_642' title='bbox 481 4787 679 4870; x_wconf 89' lang='lat' dir='ltr'><strong>perversitas</strong></span> <span class='ocrx_word' id='word_1_643' title='bbox 711 4794 839 4852; x_wconf 83' lang='lat' dir='ltr'><strong>veteres</strong></span> <span class='ocrx_word' id='word_1_644' title='bbox 869 4786 1075 4853; x_wconf 90' lang='lat' dir='ltr'><strong>anachoritas</strong></span> <span class='ocrx_word' id='word_1_645' title='bbox 1127 4785 1255 4852; x_wconf 89' lang='lat' dir='ltr'><strong>sarcina</strong></span> <span class='ocrx_word' id='word_1_646' title='bbox 1277 4781 1381 4849; x_wconf 88' lang='lat' dir='ltr'><strong>virilis</strong></span> <span class='ocrx_word' id='word_1_647' title='bbox 1403 4782 1538 4847; x_wconf 88' lang='lat' dir='ltr'><strong>estimo</strong></span> <span class='ocrx_word' id='word_1_648' title='bbox 1560 4783 1659 4847; x_wconf 90' lang='lat' dir='ltr'><strong>etiarn</strong></span> <span class='ocrx_word' id='word_1_649' title='bbox 1680 4781 1842 4847; x_wconf 88' lang='lat' dir='ltr'><strong>militaris.</strong></span> 
     </span>
     <span class='ocr_line' id='line_1_51' title="bbox 107 4867 1787 4948; baseline -0.002 -12"><span class='ocrx_word' id='word_1_650' title='bbox 107 4869 241 4938; x_wconf 85' lang='lat' dir='ltr'><strong>adduxit</strong></span> <span class='ocrx_word' id='word_1_651' title='bbox 266 4881 304 4938; x_wconf 94' lang='lat' dir='ltr'><strong>ut</strong></span> <span class='ocrx_word' id='word_1_652' title='bbox 326 4873 387 4939; x_wconf 91' lang='lat' dir='ltr'><strong>sibi</strong></span> <span class='ocrx_word' id='word_1_653' title='bbox 414 4880 537 4938; x_wconf 89' lang='lat' dir='ltr'><strong>certam</strong></span> <span class='ocrx_word' id='word_1_654' title='bbox 564 4871 748 4938; x_wconf 90' lang='lat' dir='ltr'><strong>humilioris</strong></span> <span class='ocrx_word' id='word_1_655' title='bbox 774 4871 914 4937; x_wconf 76' lang='lat' dir='ltr'><strong>vestitus</strong></span> <span class='ocrx_word' id='word_1_656' title='bbox 936 4873 1074 4936; x_wconf 80' lang='lat' dir='ltr'><strong>formam</strong></span> <span class='ocrx_word' id='word_1_657' title='bbox 1212 4867 1370 4934; x_wconf 72' lang='lat' dir='ltr'><strong>Toxanda</strong></span> <span class='ocrx_word' id='word_1_658' title='bbox 1391 4867 1587 4934; x_wconf 89' lang='lat' dir='ltr'><strong>nostratium</strong></span> <span class='ocrx_word' id='word_1_659' title='bbox 1607 4875 1787 4948; x_wconf 79' lang='grc' dir='ltr'><strong>μισοτεκνία.</strong></span> 
     </span>
     <span class='ocr_line' id='line_1_52' title="bbox 107 4951 2096 5042; baseline -0.002 -20"><span class='ocrx_word' id='word_1_660' title='bbox 107 4957 373 5039; x_wconf 85' lang='lat' dir='ltr'><strong>praescriberent,</strong></span> <span class='ocrx_word' id='word_1_661' title='bbox 394 4979 458 5042; x_wconf 91' lang='lat' dir='ltr'><strong>quo</strong></span> <span class='ocrx_word' id='word_1_662' title='bbox 479 4958 727 5024; x_wconf 88' lang='lat' dir='ltr'><strong>seabdicarent</strong></span> <span class='ocrx_word' id='word_1_663' title='bbox 747 4958 910 5024; x_wconf 93' lang='lat' dir='ltr'><strong>communi</strong></span> <span class='ocrx_word' id='word_1_664' title='bbox 926 4958 1073 5022; x_wconf 92' lang='lat' dir='ltr'><strong>omnium</strong></span> <span class='ocrx_word' id='word_1_665' title='bbox 1212 4956 1353 5039; x_wconf 82' lang='lat' dir='ltr'><strong>August</strong></span> <span class='ocrx_word' id='word_1_666' title='bbox 1381 4973 1431 5038; x_wconf 92' lang='lat' dir='ltr'><strong>ep.</strong></span> <span class='ocrx_word' id='word_1_667' title='bbox 1462 4959 1490 5019; x_wconf 83' lang='grc'><strong>5.</strong></span> <span class='ocrx_word' id='word_1_668' title='bbox 1541 4954 1595 5018; x_wconf 84' lang='lat' dir='ltr'><strong>Ex</strong></span> <span class='ocrx_word' id='word_1_669' title='bbox 1625 4961 1736 5021; x_wconf 81' lang='lat' dir='ltr'><strong>vestra</strong></span> <span class='ocrx_word' id='word_1_670' title='bbox 1767 4951 1966 5019; x_wconf 91' lang='lat' dir='ltr'><strong>abundantia</strong></span> <span class='ocrx_word' id='word_1_671' title='bbox 1997 4952 2096 5018; x_wconf 85' lang='lat' dir='ltr'><strong>luxu-</strong></span> 
     </span>
     <span class='ocr_line' id='line_1_53' title="bbox 107 5038 2095 5128; baseline -0.002 -20"><span class='ocrx_word' id='word_1_672' title='bbox 107 5043 290 5128; x_wconf 89' lang='lat' dir='ltr'><strong>cupiditate.</strong></span> <span class='ocrx_word' id='word_1_673' title='bbox 324 5044 462 5123; x_wconf 89' lang='lat' dir='ltr'><strong>Deinde,</strong></span> <span class='ocrx_word' id='word_1_674' title='bbox 484 5051 523 5109; x_wconf 91' lang='lat' dir='ltr'><strong>ut</strong></span> <span class='ocrx_word' id='word_1_675' title='bbox 544 5045 611 5109; x_wconf 85' lang='lat' dir='ltr'><strong>fere</strong></span> <span class='ocrx_word' id='word_1_676' title='bbox 627 5044 711 5110; x_wconf 91' lang='lat' dir='ltr'><strong>bene</strong></span> <span class='ocrx_word' id='word_1_677' title='bbox 729 5043 880 5108; x_wconf 87' lang='lat' dir='ltr'><strong>restituta</strong></span> <span class='ocrx_word' id='word_1_678' title='bbox 900 5042 937 5106; x_wconf 94' lang='lat' dir='ltr'><strong>in</strong></span> <span class='ocrx_word' id='word_1_679' title='bbox 953 5043 1072 5108; x_wconf 76' lang='lat' dir='ltr'><strong>vitium</strong></span> <span class='ocrx_word' id='word_1_680' title='bbox 1125 5041 1254 5107; x_wconf 90' lang='lat' dir='ltr'><strong>riantur</strong></span> <span class='ocrx_word' id='word_1_681' title='bbox 1281 5040 1474 5119; x_wconf 87' lang='lat' dir='ltr'><strong>histriones,</strong></span> <span class='ocrx_word' id='word_1_682' title='bbox 1505 5047 1539 5106; x_wconf 91' lang='lat' dir='ltr'><strong>et</strong></span> <span class='ocrx_word' id='word_1_683' title='bbox 1566 5040 1749 5106; x_wconf 70' lang='lat' dir='ltr'><strong>necemaria</strong></span> <span class='ocrx_word' id='word_1_684' title='bbox 1778 5060 1844 5105; x_wconf 91' lang='lat' dir='ltr'><strong>non</strong></span> <span class='ocrx_word' id='word_1_685' title='bbox 1872 5038 1995 5105; x_wconf 88' lang='lat' dir='ltr'><strong>babent</strong></span> <span class='ocrx_word' id='word_1_686' title='bbox 2015 5059 2095 5122; x_wconf 86' lang='lat' dir='ltr'><strong>pau·</strong></span> 
     </span>
     <span class='ocr_line' id='line_1_54' title="bbox 106 5125 1227 5212; baseline -0.001 -19"><span class='ocrx_word' id='word_1_687' title='bbox 106 5125 270 5208; x_wconf 90' lang='lat' dir='ltr'><strong>labuntur,</strong></span> <span class='ocrx_word' id='word_1_688' title='bbox 290 5131 482 5196; x_wconf 82' lang='lat' dir='ltr'><strong>factumest</strong></span> <span class='ocrx_word' id='word_1_689' title='bbox 502 5137 540 5194; x_wconf 96' lang='lat' dir='ltr'><strong>ut</strong></span> <span class='ocrx_word' id='word_1_690' title='bbox 556 5129 708 5194; x_wconf 92' lang='lat' dir='ltr'><strong>monachi</strong></span> <span class='ocrx_word' id='word_1_691' title='bbox 726 5149 767 5194; x_wconf 86' lang='lat' dir='ltr'><strong>ex</strong></span> <span class='ocrx_word' id='word_1_692' title='bbox 787 5127 930 5207; x_wconf 89' lang='lat' dir='ltr'><strong>cucullis,</strong></span> <span class='ocrx_word' id='word_1_693' title='bbox 953 5129 1072 5212; x_wconf 87' lang='lat' dir='ltr'><strong>cappis,</strong></span> <span class='ocrx_word' id='word_1_694' title='bbox 1124 5149 1227 5212; x_wconf 88' lang='lat' dir='ltr'><strong>peres.</strong></span> 
     </span>
     <span class='ocr_line' id='line_1_55' title="bbox 106 5213 1072 5298; baseline -0.002 -18"><span class='ocrx_word' id='word_1_695' title='bbox 106 5215 233 5298; x_wconf 89' lang='lat' dir='ltr'><strong>capitiis</strong></span> <span class='ocrx_word' id='word_1_696' title='bbox 255 5220 288 5279; x_wconf 91' lang='lat' dir='ltr'><strong>et</strong></span> <span class='ocrx_word' id='word_1_697' title='bbox 308 5213 495 5282; x_wconf 73' lang='lat' dir='ltr'><strong>huiuamodi</strong></span> <span class='ocrx_word' id='word_1_698' title='bbox 515 5216 612 5298; x_wconf 77' lang='lat' dir='ltr'><strong>nugis</strong></span> <span class='ocrx_word' id='word_1_699' title='bbox 637 5217 842 5282; x_wconf 90' lang='lat' dir='ltr'><strong>sanctitatem</strong></span> <span class='ocrx_word' id='word_1_700' title='bbox 868 5221 1072 5297; x_wconf 83' lang='lat' dir='ltr'><strong>quaererent,</strong></span> 
     </span>
     <span class='ocr_line' id='line_1_56' title="bbox 108 5301 1599 5384; baseline 0.002 -19"><span class='ocrx_word' id='word_1_701' title='bbox 108 5309 163 5366; x_wconf 90' lang='lat' dir='ltr'><strong>aut</strong></span> <span class='ocrx_word' id='word_1_702' title='bbox 172 5309 265 5367; x_wconf 90' lang='lat' dir='ltr'><strong>certe</strong></span> <span class='ocrx_word' id='word_1_703' title='bbox 275 5301 506 5368; x_wconf 87' lang='lat' dir='ltr'><strong>sanctimoniae</strong></span> <span class='ocrx_word' id='word_1_704' title='bbox 516 5301 711 5384; x_wconf 88' lang='lat' dir='ltr'><strong>opinionem.</strong></span> <span class='ocrx_word' id='word_1_705' title='bbox 739 5301 805 5383; x_wconf 91' lang='lat' dir='ltr'><strong>Illi,</strong></span> <span class='ocrx_word' id='word_1_706' title='bbox 826 5301 969 5384; x_wconf 87' lang='lat' dir='ltr'><strong>inquam,</strong></span> <span class='ocrx_word' id='word_1_707' title='bbox 993 5319 1072 5366; x_wconf 86' lang='lat' dir='ltr'><strong>ana·</strong></span> <span class='ocrx_word' id='word_1_708' title='bbox 1192 5313 1221 5378; x_wconf 85' lang='lat'><strong>1)</strong></span> <span class='ocrx_word' id='word_1_709' title='bbox 1239 5327 1292 5368; x_wconf 74' lang='lat' dir='ltr'><strong>coa</strong></span> <span class='ocrx_word' id='word_1_710' title='bbox 1311 5311 1403 5368; x_wconf 66' lang='lat' dir='ltr'><strong>duta.</strong></span> <span class='ocrx_word' id='word_1_711' title='bbox 1438 5311 1540 5368; x_wconf 81' lang='lat' dir='ltr'><strong>Horum</strong></span> <span class='ocrx_word' id='word_1_712' title='bbox 1558 5313 1599 5378; x_wconf 70' lang='lat' dir='ltr'><strong>(t)</strong></span> 
     </span>
    </p>
   </div>
   <div class='ocr_carea' id='block_1_3' title="bbox 0 0 2406 6010">
    <p class='ocr_par' dir='ltr' id='par_1_4' title="bbox 0 0 2406 6010">
     <span class='ocr_line' id='line_1_57' title="bbox 0 0 2406 6010; baseline 0 0"><span class='ocrx_word' id='word_1_713' title='bbox 0 0 2406 6010; x_wconf 95' lang='lat' dir='ltr'><strong> </strong></span> 
     </span>
    </p>
   </div>
  </div>
 </body>
</html>
