4852 6022
172 331 236 393 373
1039 331 1119 392 1539
1142 324 1304 394 OO'I'OB.
2105 329 2170 398 tad

270 517 326 580 (ux
344 517 512 586 sumgnpuo
530 517 597 572 uiti.
616 516 759 572 eotmm
777 516 842 572 ⁰01¹·
859 512 974 572 405101·
992 514 1049 582 91.)
1196 513 1391 598 dedigneris.
1425 513 1467 579 Id
1484 517 1573 580 enim
1590 514 1689 582 debes
1710 522 1744 582 et
1764 518 1836 581 iure
1858 517 1991 599 patriae.
2022 516 2169 599 Quodsi

1194 599 1275 665 felix
1287 599 1468 666 Germania
1485 603 1768 684 nostuoprivarit
1779 603 1949 679 consortio,
1968 624 2033 668 non
2052 625 2171 672 snmus

255 706 374 770 Ioanni
402 703 541 771 calvino
568 706 640 770 viro
666 715 700 770 0t
727 705 861 790 ingenio
889 713 923 769 et
944 705 1066 788 pietat„
1087 725 1144 768 εχ.
1195 684 1275 750 adeo
1298 695 1409 770 tygres
1431 695 1469 750 ut
1490 687 1560 752 iure
1582 709 1641 754 uos
1660 687 1812 753 Caluinsm
1828 687 1983 754 abiecisse
2006 689 2170 758 videatur.

169 791 401 858 sollertissimo
433 791 638 856 ecclesiastae
671 791 945 874 Argentoratensi
983 790 1076 854 fratri
1108 789 1144 854 in
1196 771 2169 874 Aj8091'80v&libellumtuum³dlffr⁸F⁸l¹Yl³⁰⁰⁸lll>hi⁵l²⁸⁴l

170 875 316 943 Domino
337 875 641 942 obgomndjffiim
1196 865 1326 934 mittito,
1348 877 1411 940 quo
1430 877 1580 924 somnum
1600 867 1782 926 veternosis
1803 870 1875 924 rsus
1897 871 2110 941 excutiamus,
2135 869 2170 928 et

1196 941 1410 1008 nebulonibus
1428 964 1543 1008 ansam
1560 941 1742 1008 calumniae
1759 943 2004 1027 praeripiamus.
2034 943 2072 1011 Si
2090 947 2168 1031 quid

1197 1035 1365 1110 praeterea
1391 1028 1455 1092 erit
1484 1027 1546 1094 sub
1574 1027 1691 1096 incude
1721 1028 1907 1114 Michaeli⁵)
1937 1041 2083 1109 servato,
2112 1033 2167 1116 qui

1195 1123 1283 1178 certe
1312 1121 1424 1178 tantus
1451 1125 1594 1198 quantus
1623 1127 1672 1180 est
1700 1114 1808 1180 studet
1835 1114 2048 1200 expoliendae
2074 1130 2168 1204 typo·

1196 1197 1368 1282 graphiae,
1396 1221 1459 1282 quo
1487 1201 1619 1265 nomine
1647 1222 1759 1266 omnes
1786 1201 1833 1284 pii
1862 1200 1943 1267 bene
1971 1201 2092 1268 debent
2118 1203 2169 1270 illi

257 1287 497 1369 Exspectabam
532 1307 609 1352 cum
647 1285 777 1350 silentio
814 1286 844 1351 si
876 1284 953 1368 quid
986 1305 1144 1350 novarum
1197 1305 1323 1366 cupere.
1384 1285 1532 1352 Ecclesia
1570 1297 1680 1352 nostra
1719 1297 1883 1370 uteunque
1922 1309 1957 1354 se
1995 1299 2169 1356 sustentat

171 1395 281 1440 rerum
295 1379 320 1456 Ι)
338 1372 437 1438 istinc
454 1371 645 1448 adferretur‚
669 1379 705 1436 ut
722 1392 764 1436 ex
781 1373 911 1454 scriptis
928 1373 995 1436 tuis
1012 1391 1145 1454 respon·
1196 1368 1333 1434 Fratres
1355 1391 1468 1435 omnes
1491 1379 1569 1436 sunt
1591 1373 1761 1437 unanimos
1791 1381 1824 1436 et
1852 1373 1977 1455 spirant
2003 1375 2038 1440 in
2063 1396 2167 1442 unum

171 1458 271 1524 dendi
287 1459 487 1524 occasionem
505 1457 719 1524 nanciscerer.
763 1455 831 1522 Sed
855 1455 984 1539 quando
1002 1477 1075 1522 moa
1093 1477 1145 1520 me
1197 1463 1230 1520 et
1262 1455 1403 1520 eundem
1431 1455 1609 1522 Christum.
1666 1457 1822 1523 Genavae
1851 1459 1960 1524 nescio
1987 1461 2060 1542 quis
2088 1459 2169 1527 latet

171 1545 288 1612 ieiellit
304 1545 512 1626 exspectatio,
536 1563 602 1607 nou
620 1564 719 1608 ausus
736 1563 810 1607 sum
827 1551 950 1608 temere
967 1540 1145 1625 quidquam
1197 1542 1313 1625 anguis
1334 1541 1370 1606 in
1392 1541 1502 1621 herba,
1531 1542 1586 1626 qui
1612 1543 1716 1625 qualis
1743 1543 1847 1608 sitin
1874 1543 1982 1610 medio
2011 1545 2167 1630 relinquo.

172 1631 324 1698 scribere.
367 1629 491 1694 Partim
516 1627 602 1710 quod
622 1629 706 1692 varii
728 1637 763 1692 et
783 1629 898 1694 incerti
928 1629 968 1693 de
993 1639 1025 1692 te
1055 1649 1145 1710 spar-
1197 1625 1249 1691 De
1281 1625 1557 1711 Nurembergcnsi
1584 1627 1709 1713 syuodo
1742 1627 1824 1694 nihil
1851 1631 1930 1694 certi
1956 1630 2109 1696 audimus
2123 1633 2168 1712 θ);

171 1723 330 1800 gerentur
340 1735 496 1791 rumores,
515 1713 681 1780 tescilioet
692 1711 786 1778 modo
798 1713 957 1791 Basileus,
972 1711 1145 1796 aliquando
1197 1711 1281 1796 quod
1306 1733 1390 1778 unus
1412 1711 1467 1789 ait,
1491 1713 1574 1778 alter
1596 1721 1702 1796 negat.
1748 1715 1799 1780 'lu
1827 1735 1904 1800 ergo
1933 1736 1993 1798 pro
2024 1727 2080 1782 tua
2106 1716 2169 1784 hu·

172 1801 299 1886 'ligari
322 1809 471 1866 rarenter
492 1821 570 1864 vero
592 1800 804 1883 Argentorati
826 1802 971 1884 agere.²)
1015 1799 1144 1864 Partim
1196 1797 1637 1866 manitatenoudetrectabis
1655 1797 1697 1864 ad
1714 1821 1774 1866 nos
1789 1801 1940 1880 scribere,
1960 1823 2025 1885 qua
2043 1803 2170 1872 ratione

172 1907 251 1952 vero
283 1887 323 1952 ob
355 1883 599 1950 tabellariorum
632 1885 886 1968 improbitatem,
919 1885 975 1968 qui
1007 1905 1060 1949 me
1092 1884 1144 1950 his
1197 1894 1291 1968 gesta
1307 1883 1375 1948 sint
1392 1885 1511 1962 omnia,
1534 1883 1612 1967 quid
1631 1884 1794 1952 Martinus
1811 1897 1896 1970 agat,
1915 1908 2013 1970 quam
2030 1887 2170 1956 feliciter

172 1971 446 2038 ‹hebusetiamin
463 1971 551 2036 vitae
570 1970 751 2053 periculum
769 1971 986 2036 coniecerunt.
1013 1969 1147 2036 Accedit
1197 1989 1232 2034 ee
1250 1977 1344 2053 gerat
1361 1967 1534 2035 Gallorum
1552 1970 1625 2036 istic
1644 1970 1788 2038 ccclesia
1829 1971 1868 2036 In
1888 1994 2026 2052 summa,
2044 1977 2072 2040 si
2090 1973 2170 2058 quid

173 2079 301 2142 quoque
321 2057 466 2122 tenuitas
493 2057 616 2141 ingenii
641 2057 716 2132 mei,
745 2077 828 2139 quae
855 2077 908 2120 me
934 2078 1002 2122 nou
1029 2076 1145 2138 parum
1197 2063 1247 2118 est
1265 2053 1351 2137 quod
1369 2055 1465 2120 faciat
1482 2053 1523 2120 ad
1542 2055 1697 2121 ecclesiae
1708 2057 1970 2136 consolationem,
1990 2059 2050 2125 hoo
2061 2061 2170 2144 ipsum

172 2142 384 2211 ascribendo
406 2150 583 2218 avocasset,
615 2143 678 2207 nisi
707 2139 747 2206 do
775 2149 834 2205 tua
862 2143 1048 2208 sinceritate
1075 2141 1156 2206 ani·.
1198 2139 1318 2206 diserte
1340 2141 1533 2224 significate.
1577 2139 1731 2208 Salutant
1748 2150 1780 2208 te
1797 2144 1914 2208 lintres
1932 2165 2053 2222 omncs,
2076 2165 2170 2228 prae·

172 2231 284 2314 mique
305 2229 445 2296 candore
467 2228 564 2310 plano
584 2229 725 2294 confisus
747 2247 861 2292 essem.
901 2227 1026 2292 Verum
1045 2247 1146 2310 quum
1198 2225 1312 2290 sertim
1334 2225 1473 2292 Iacobus
1498 2225 1668 2306 Commius,
1697 2227 1841 2293 Michael
1870 2227 2006 2312 Syloism,
2034 2237 2067 2294 et
2094 2231 2169 2296 uui·

172 2316 209 2382 in
235 2336 352 2380 monus
384 2313 529 2380 venisset
554 2313 613 2378 illa
644 2321 699 2377 tua
734 2313 775 2378 ed
808 2313 979 2396 epistolam
1011 2311 1147 2378 Sadoleti
1198 2330 1295 2376 versa
1323 2319 1437 2378 nostra
1465 2313 1598 2380 familia.
1644 2311 1810 2380 Salutabis
1838 2313 2170 2384 observandissimum

172 2400 343 2484 responsio
365 2401 463 2482 (quae
485 2411 523 2464 ut
544 2409 595 2464 est
620 2399 755 2481 elegans
782 2399 830 2464 ita
856 2419 1063 2482 summopere
1089 2419 1145 2462 ne·
1197 2405 1442 2480 praeceptorem
1468 2420 1578 2463 mcum
1600 2397 1759 2464 Ioannem
1783 2399 1964 2480 Sturmiam,
1988 2399 2166 2484 (inspurcari,

171 2487 313 2554 cessaria
334 2485 395 2551 hoc
424 2485 617 2568 praesertim
645 2482 799 2568 saeculo),
829 2505 895 2548 non
922 2484 1012 2566 potui
1040 2485 1147 2550 facere
1196 2495 1405 2566 caeterosque
1434 2483 1535 2550 bonos
1562 2484 1688 2550 fratres.
1738 2483 1857 2550 Gratia
1883 2483 2020 2550 Domini
2052 2495 2170 2566 tecum,

172 2573 253 2655 quin
270 2571 425 2638 ecclesiae
443 2571 574 2636 nomine
592 2571 649 2636 tibi
669 2569 793 2654 gratias
811 2589 950 2653 agerem.
987 2571 1033 2634 Et
1049 2579 1146 2647 certe,
1197 2567 1306 2634 freter.
1350 2569 1506 2636 Genevae
1529 2575 1563 2632 4·
1584 2567 1735 2635 Octobris
1761 2575 1849 2636 1539.

171 2679 215 2724 ne
236 2655 371 2724 rudibus
393 2667 427 2720 et
447 2656 568 2720 latinae
589 2655 721 2738 linguae
742 2655 902 2737 imperitis
924 2665 1037 2720 tantus
1060 2655 1147 2720 exci-

172 2743 267 2810 deret
295 2742 488 2820 thesaurus,
526 2741 567 2806 ad
600 2741 783 2806 versionem
817 2741 967 2824 gallicam
1000 2741 1147 2806 animum

173 2829 323 2913 adplioni.
374 2825 413 2894 Si
442 2835 573 2905 temere,
601 2828 721 2892 nascio.
770 2826 844 2892 Hoc
874 2835 984 2892 tamon
1011 2827 1086 2905 scio,
1112 2825 1147 2890 id

173 2934 276 2997 snpra
294 2933 401 2980 meam
419 2913 637 2978 eruditionem
654 2912 797 2994 positum
815 2933 893 2978 esse.
927 2913 1042 2995 Neque
1059 2913 1148 2976 euim

173 3008 281 3084 potest
297 2999 355 3064 illa
372 3007 430 3064 tua
446 2997 608 3064 scribendi
626 2996 805 3063 dexteritas
822 3019 842 3062 a
859 3017 1021 3081 quoquam
1040 3005 1146 3062 trans·

173 3087 262 3166 terri,
283 3085 348 3150 nisi
365 3085 421 3168 qui
439 3083 575 3150 feliciter
591 3093 741 3150 versatus
758 3083 854 3148 sitin
871 3083 986 3150 literis.
1020 3084 1146 3148 Verum

173 3171 260 3238 hanc
287 3171 418 3255 culpam
444 3169 538 3235 facile
570 3169 727 3253 ignosces.
779 3170 895 3234 Testor
921 3170 1010 3234 euim
1037 3189 1148 3235 coram

173 3257 334 3336 Domino,
365 3276 418 3322 me
451 3276 517 3320 non
544 3255 611 3320 mei
638 3254 696 3320 sed
723 3255 771 3318 rei
798 3254 946 3354 publicae
977 3253 1086 3322 studio
1113 3251 1148 3318 id
1716 3283 1726 3304 ·

173 3343 282 3409 oneris
299 3342 491 3426 suscepisse·
535 3339 736 3406 Ouffluhismi
758 3349 807 3404 tul
824 3341 950 3406 felleum
972 3338 1148 3406 editionum
1200 3369 1461 3437 OONSENSIO
1490 3369 1589 3438 CUM
1619 3369 1808 3438 GAROLO
1838 3371 2174 3442 ARGENTORNH

174 3429 233 3494 tibi
262 3427 423 3514 gratulor,
456 3426 513 3492 sed
547 3427 681 3492 interim
707 3423 854 3492 dolemus
879 3423 1059 3492 secundam
1085 3425 1147 3490 im·
1568 3455 1569 3458 ¹
1598 3456 1736 3524 mm
1751 3458 1777 3542 ι)

173 3515 374 3598 pressionem
396 3511 488 3578 nobis
509 3512 673 3596 denegari.
687 3511 716 3596 ⁸)
760 3509 968 3594 Oonquestus
988 3519 1040 3577 est
1060 3511 1148 3577 enim

175 3599 337 3699 ⁸P¹¹dtm⁰
359 3597 503 3698 Mi⁰h⁸⁰l
533 3597 669 3680 Sylvitts,
698 3619 734 3663 ὅθ
762 3598 922 3664 ῙΜΘΠῊ
949 3596 1148 3696 P⁰P⁰¹¹ffi⁵⁸⁰
1200 3627 1399 3708 (Apogrnphon
1417 3628 1596 3708 argentorati
1613 3628 1714 3682 iactum
1737 3645 1843 3710 exque
1866 3637 1971 3683 textum
1994 3632 2171 3685 describimus

174 3707 195 3750 a
226 3697 292 3751 bute
324 3683 580 3767 exemplurlbus,
620 3691 813 3766 tempusque
851 3692 1053 3765 probruxusuo
1084 3701 1148 3764 quo
1200 3703 1291 3750 exstat
1315 3713 1345 3748 m
1376 3695 1440 3748 cod.
1474 3693 1525 3750 lib
1557 3697 1622 3750 bibl.
1654 3697 1819 3752 Genevcusrs
1853 3699 1938 3751 civica
1968 3699 2014 3754 sol.
2038 3699 2072 3754 18
2094 3717 2171 3770 seqq.

174 3772 337 3854 primitias
362 3769 611 3853 calcographiae
638 3790 717 3834 suae
744 3768 837 3834 libris
866 3770 933 3834 tuis
960 3769 1149 3852 nominique
1200 3765 1304 3819 Ibidem
1329 3765 1375 3818 5⁰¹·
1403 3763 1439 3816 30
1464 3781 1540 3834 ⁸⁰ua·
1572 3766 1695 3834 sequitur
1723 3766 1796 3820 aliud
1825 3769 1970 3836 exemplar.
2019 3767 2172 3838 utrumqne

175 3865 232 3922 tuo
254 3856 418 3922 dedicaret
440 3876 478 3920 ao
499 3854 602 3922 veluti
623 3862 835 3922 consecraret.
886 3852 996 3919 Habet
1017 3853 1148 3938 quidem
1270 3889 1283 3894 b

176 3943 283 4008 varios
309 3941 408 4024 idque
435 3941 613 4024 exquisitos
642 3940 854 4018 characteres,
885 3960 951 4005 non
979 3941 1149 4005 inferiores
1302 3951 1334 4016 4)
1357 3949 1398 4016 Of.
1417 3951 1455 4006 N.
1474 3951 1516 4004 21.

174 4036 264 4094 certe
287 4029 373 4112 typis
395 4027 600 4112 germanicis.
640 4025 710 4092 Neo
732 4025 843 4092 dubito
865 4027 944 4109 quin
965 4025 1149 4092 accuratius
1242 4092 1269 4102 ..
1302 4017 1333 4085 ὃ)
1354 4019 1394 4073 M.
1416 4018 1463 4072 Du
1480 4019 1549 4074 Bou
1566 4021 1674 4076 merda
1692 4038 1718 4074 ‹¹-
1738 4021 1806 4102 1540
1830 4028 1972 4105 utcmque
1992 4023 2173 4080 Geoerenam

174 4123 211 4180 et
241 4115 347 4196 magis
375 4110 538 4178 elaborate
566 4111 724 4195 prodeant
749 4111 824 4176 libri
853 4133 895 4176 ex
921 4113 993 4177 eius
1020 4111 1149 4178 officina
1200 4090 1343 4211 ‘mmm
1362 4087 2003 4214 EP·.“‘¹.⁸“⁶¹‘’1¹⁰‘“l¹viltstu'ffiffl‘lwssm'b
2022 4092 2172 4148 uultu.

175 4199 277 4275 (absit
297 4208 408 4264 tamen
435 4197 521 4264 dicto
548 4197 686 4272 invidia)
720 4218 818 4280 quam
847 4219 888 4261 ex
916 4198 981 4262 alia
1006 4196 1150 4279 qualibet
1196 4243 1229 4296 ρ.
1247 4171 1531 4293 {qwssmqismm
1573 4165 1780 4227 '⁸³²⁸M¹⁰'⁸'⁸⁹
1819 4163 1911 4228 ²⁰⁰⁰(
1941 4161 2036 4230 ’ἀφ’
2061 4161 2089 4215 T'
2109 4163 2171 4218 m·

175 4283 402 4370 typographia.
448 4281 615 4366 Quidquid
637 4284 725 4348 euim
743 4281 907 4347 aduttum
925 4281 1148 4365 calcographi·
1304 4294 1334 4360 6)
1352 4294 1425 4363 qood
1442 4294 1552 4374 minime
1566 4295 1741 4374 'narrandum
1764 4311 1818 4349 aoa
1839 4299 1910 4350 caim
1933 4313 2031 4368 coapre
2048 4306 2097 4352 otc
2133 4300 2174 4355 ut

174 4391 247 4438 mm
275 4371 425 4452 perfluet,
454 4369 509 4436 hio
536 4389 653 4436 repom
678 4377 786 4454 p0hfflh
814 4368 945 4452 egregie
972 4377 1148 4450 praestaro,
1201 4365 1467 4432 ahiaaaosequeate
1487 4369 1513 4416 ti
1541 4362 1629 4416 tudem
1641 4363 1793 4432 Huqenoue.
1814 4363 1854 4429 Of.
1872 4315 2048 4437 &theudulfi
2055 4301 2172 4422 11thss

175 4453 939 4532 P1012d0·001voe0reeumc
979 4453 1076 4518 ve
1113 4461 1151 4518 ut
1200 4431 1332 4571 ,aaa
1352 4403 2174 4572 terebrabat.‘augusteaMale

176 4541 297 4608 (hum
325 4540 432 4606 (ΗΠΒ
460 4555 533 4606 ΜΒ
560 4539 801 4606 luwbmiffiffl
829 4538 1058 4605 mmmmm
1085 4559 1149 4603 ⁰⁰¹¹
1202 4586 1285 4640 qaam
1311 4585 1344 4623 ee
1372 4573 1432 4624 coto
1456 4584 1513 4623 aon
1537 4570 1666 4635 mederet,
1693 4573 1902 4636 Arpentorctum
1931 4589 1959 4626 ee
1984 4579 2114 4641 tanquam
2140 4571 2173 4625 ire

177 4667 243 4674 ---
254 4663 376 4673 *fl*
1201 4639 1324 4692 wimaro
1342 4637 1447 4708 asylum
1464 4641 1571 4706 recepit.
1608 4639 1714 4692 bitom
1733 4640 1965 4696 commendatitias
1982 4657 2064 4710 quum
2082 4639 2172 4694 reddi·

194 4710 308 4773 186.1)
326 4713 346 4766 i.
363 4727 385 4764 e.
403 4711 532 4764 labrorum
550 4726 644 4766 recens
660 4710 803 4764 editorum.
1202 4708 1288 4760 disset
1305 4705 1430 4776 Capitoni
1448 4705 1550 4760 Buoero
1568 4711 1597 4758 et
1614 4707 1724 4760 Calvino
1746 4713 1852 4778 tempos
1874 4710 1927 4762 sibi
1949 4709 1984 4763 ad
2009 4707 2173 4776 colloquium

279 4781 310 4845 2)
331 4779 402 4835 Eece
417 4794 498 4849 meam
514 4779 668 4848 frequentia
686 4793 742 4832 ease
758 4777 907 4832 debuerunt
925 4779 996 4832 later
1007 4778 1057 4832 bae
1072 4778 1151 4832 urbes
1202 4775 1263 4829 dari
1285 4775 1373 4844 petiit.
1409 4773 1485 4838 Quod
1509 4789 1663 4828 conoessum
1687 4781 1736 4836 eet,
1758 4777 1868 4831 tametsi
1890 4777 2016 4830 Calvinus
2039 4777 2173 4830 iuteresse

177 4849 354 4905 martreio!
1202 4844 1290 4898 noluit
1307 4859 1361 4912 qno
1378 4843 1490 4896 liberius
1508 4843 1615 4896 effutire
1633 4844 1745 4896 auderet
1762 4845 1790 4898 Ο.
1809 4847 1831 4898 si
1848 4847 1913 4916 quid
1922 4845 2034 4898 haberet
2043 4844 2173 4899 adversm

280 4917 310 4984 8)
332 4917 439 4972 Novom
456 4914 617 4968 Oatcohismi
641 4915 784 4970 editiones
807 4917 856 4970 boo
879 4923 995 4982 tempore
1015 4913 1152 4983 prodiisse
1203 4929 1273 4977 eum,
1291 4911 1517 4980 quemadmodum
1532 4912 1919 4982 biennioantapraetexuerut
1938 4951 2071 4967 ......
2102 4915 2175 4966 Acta

177 5003 213 5041 ec
230 4987 255 5040 b.
275 4987 293 5040 l.
315 4986 417 5052 uliquis
438 4985 587 5038 coattcm't
629 4983 724 5038 Veram
747 5001 800 5054 quo
822 4991 903 5051 pacto
926 4983 960 5036 de
981 4987 1037 5036 tam
1060 4983 1153 5050 seipas*
1203 4983 1238 5036 de
1255 4981 1297 5034 his
1315 4981 1396 5032 rebus
1413 4979 1542 5043 conlecta,
1561 4981 1659 5049 quibus
1677 4982 1855 5051 perscriptum
1874 4983 1932 5046 luit,
1951 4980 1978 5034 0.
1991 4981 2079 5050 ipsum
2097 4997 2126 5035 se
2144 4983 2174 5036 in

179 5055 306 5124 opusculi
320 5055 392 5107 felici
410 5053 528 5106 editione
545 5053 597 5105 iste
612 5052 751 5120 metaturi
763 5057 881 5120 poterat,
904 5053 986 5105 emta
1003 5051 1076 5121 quod
1101 5051 1151 5105 Ge·
1204 5048 1368 5120 apostasiam
1385 5049 1490 5117 lapsum
1514 5065 1573 5102 esso
1596 5050 1730 5103 confiteri:
1754 5051 1832 5104 huius
1856 5049 1959 5120 peccati
1985 5050 2090 5104 reniam
2113 5065 2174 5106 cnm

828 979 1050 1062 Argentorati.

171 1151 290 1218 Gratia
307 1150 367 1215 tibi
384 1159 417 1214 et
433 1171 498 1233 pax
517 1171 536 1214 a
554 1148 626 1213 Deo
644 1163 737 1231 petre
755 1169 813 1231 per
830 1147 1009 1213 Dominum
1024 1147 1143 1213 Iesum.

1704 2706 1795 2770 'Faus
1815 2707 1851 2770 in
1874 2705 2007 2772 Christo
2028 2708 2129 2773 irater
2240 2717 2242 2726 “

1741 2791 1904 2858 Antonius
1925 2793 2095 2878 Pignctus.

178 5119 598 5191 mceaoarepcriatarqueri?
632 5119 783 5174 uotam
794 5121 828 5174 de
838 5120 1014 5174 Institutione
1026 5121 1152 5189 loquitur,
1204 5117 1334 5197 lacrymis
1347 5124 1450 5198 patero,
1468 5119 1645 5172 constentiam
1672 5119 1698 5172 iu
1723 5120 1776 5172 lide
1793 5122 1976 5239 iurposternm
1993 5119 2124 5188 polliceri,
2142 5135 2176 5173 ac

177 5193 258 5274 cuias
274 5207 343 5274 rasa
360 5191 455 5260 aliqua
465 5191 631 5256 eremplcre'a
644 5205 674 5269 ⁶⁰.
687 5196 868 5270 percpaercat
882 5204 933 5256 per
948 5187 971 5242 S
987 5189 1070 5243 iciam
1088 5187 1153 5253 (Da
1204 5187 1363 5269 nominatim
1386 5203 1414 5239 ru
1461 5195 1601 5268 erpetnnm
1624 5188 1731 5241 eiurare
1754 5203 1815 5241 sace
1849 5187 1933 5266 otium
1953 5187 2118 5306 papisticum
2145 5193 2177 5243 et

180 5261 262 5327 Bere)
281 5259 460 5314 decredenda.
498 5258 542 5312 De
562 5257 729 5312 cacatum
747 5273 806 5326 spec
824 5274 847 5312 o.
869 5257 940 5312 bil
1001 5265 1058 5314 aot.
1075 5256 1118 5310 20.
1204 5271 1300 5310 messa
1317 5259 1393 5310 eret.
1454 5269 1494 5307 ms
1515 5254 1596 5309 fldem
1618 5257 1714 5310 horum
1731 5265 1851 5308 sotorum
1867 5255 1949 5307 herm
2002 5256 2066 5324 lpse
2083 5256 2180 5312 Otroia

1918 5337 1971 5392 Ἃ*
