4782 6010
750 1639 1466 1776 PROLEGOMENA.

976 1917 1179 2003 OAPU'P
1222 1918 1257 2002 L

348 2103 443 2200 nu
469 2041 808 2204 sessione
836 2103 1268 2204 clitumnus
1295 2053 1621 2204 Anununo'
1641 2108 1877 2209 norme.

1073 2327 1097 2409 l·
1120 2324 1148 2391 1.

789 2460 839 2516 DE
855 2460 1030 2532 dumosae
1048 2460 1197 2517 ΒΕΖΑΝΔ
1214 2460 1255 2516 Ill
1273 2459 1433 2540 GENERE.

262 2597 397 2664 Primus
415 2597 606 2664 uhsodorus
628 2599 718 2664 Bene
740 2599 820 2664 sotis
847 2597 993 2680 amplam
1021 2598 1219 2683 fumaginsm
1249 2597 1461 2682 epistolarum
1483 2598 1632 2680 Oalvini,
1662 2621 1703 2666 ex
1731 2601 1915 2668 innumeris
1944 2625 2027 2688 quoe
2048 2606 2115 2691 ipsi

111 2709 150 2774 ad
170 2728 308 2776 monum
331 2705 425 2774 eruut
447 2707 576 2777 delectu
592 2709 688 2789 facto,
711 2709 803 2793 prelo
826 2709 964 2776 subiecit
984 2715 1018 2775 et
1035 2710 1157 2792 publici
1174 2711 1256 2776 iuris
1275 2711 1360 2790 fecit,
1383 2709 1539 2777 decennio
1556 2712 1625 2777 lere
1643 2719 1718 2795 post
1736 2711 1861 2778 obitam
1880 2715 1975 2782 amici
1993 2716 2112 2800 elapso.

110 2819 211 2886 (luins
233 2819 436 2888 collectionis
456 2819 542 2887 duee
563 2828 697 2888 exstant
718 2822 935 2898 recensiones,
958 2820 1063 2887 altera
1084 2822 1325 2907 exemplaribus
1348 2821 1601 2889 Gensvensibus
1622 2824 1728 2890 tribus
1750 2831 1784 2889 et
1801 2825 2112 2910 Amstslodumensi,

111 2932 213 2998 alters
233 2932 467 2998 Lensunuensi
488 2941 522 2998 et
544 2932 750 2999 Hanovieusi
778 2939 1030 3016 repraesentate
1077 2934 1130 2999 De
1151 2934 1259 3000 Bezae
1281 2933 1429 3012 oonsilio,
1451 2933 1607 3000 subsidiis
1628 2941 1663 3001 ot
1682 2935 1837 3001 methodo
1860 2937 1970 3020 ipsum
1991 2938 2112 3006 audias

110 3042 246 3110 mudide
267 3050 301 3109 et
321 3042 504 3110 luculenter
526 3044 756 3110 disserentem:

892 3283 1075 3353 Admonitio
1095 3284 1139 3350 ad
1160 3283 1325 3352 Leuorm

264 3440 350 3522 Quae
367 3441 402 3506 in
418 3439 514 3506 leuius
531 3440 636 3522 operis
653 3439 785 3506 editione
801 3460 823 3505 a
838 3438 928 3506 nodis
945 3440 1067 3522 requiri
1079 3459 1172 3522 posse
1190 3440 1448 3520 eaisdmaaimus,
1466 3460 1571 3505 eorum
1588 3439 1677 3505 nodis
1692 3439 1743 3506 dic
1759 3441 1946 3508 reddendum
1957 3445 2110 3511 rationem

104 3553 304 3635 paeanio,
331 3572 410 3634 quoe
435 3556 502 3616 tum
521 3553 622 3618 nostri
646 3551 744 3634 oflicii
770 3571 837 3618 esse
862 3551 1059 3632 duceremus,
1086 3556 1153 3615 tum
1181 3550 1224 3616 od
1250 3551 1354 3632 ipsam
1380 3551 1484 3634 operis
1510 3553 1722 3618 tractationem
1748 3553 2003 3634 comparationum
2023 3555 2110 3622 tede-

107 3684 169 3729 rein
190 3663 364 3731 redderent.
1224 3729 1228 3734 .

263 3773 410 3840 Primum
429 3774 545 3858 iqitur,
571 3775 652 3856 quod
675 3775 717 3840 ad
738 3779 856 3856 tempus
878 3773 995 3854 attinet,
1021 3774 1070 3838 ita
1091 3773 1235 3854 equidem
1256 3773 1420 3839 editionem
1441 3772 1522 3840 leone
1543 3778 1570 3837 et
1591 3793 1695 3838 seram
1714 3773 1853 3856 fotenim
1875 3780 1901 3840 et
1916 3781 2110 3858 postumam,

105 3892 138 3950 ut
158 3886 256 3952 simod
277 3885 444 3968 aftirniere
464 3905 525 3952 non
546 3885 729 3966 dubitemus,
750 3887 782 3951 si
803 3885 876 3968 quis
892 3885 990 3950 totius
1007 3885 1119 3966 operis,
1141 3905 1180 3950 ea
1196 3885 1374 3950 numerosis
1395 3889 1424 3949 et
1437 3903 1593 3968 perquam
1610 3883 1773 3967 implicitis
1789 3885 1908 3951 chortis
1924 3889 2108 3970 eutrieundi,

105 4018 262 4066 summum
289 3997 430 4080 ntiquom
456 3997 543 4081 apeud
569 4017 602 4064 se
629 3997 678 4062 ael
705 3997 865 4080 copitando
892 3995 1092 4076 ademeris,
1121 3995 1229 4062 minus
1254 3997 1388 4078 fortasse
1408 3999 1547 4061 nostram
1573 3994 1632 4062 tac
1653 3997 1689 4060 in
1705 4001 1799 4077 paru
1820 3999 2021 4065 cessationem
2041 4019 2108 4066 esse

104 4110 370 4194 reprehensorum.
798 4130 800 4136 ·

262 4220 412 4288 Ordinem
432 4239 503 4286 uero
524 4221 561 4286 in
581 4220 719 4302 epistolis
736 4220 921 4286 milesendis
942 4219 985 4286 ud
1002 4237 1157 4284 annonem
1174 4217 1395 4284 indicationem
1412 4217 1579 4301 caepimus,
1601 4215 1680 4282 dona
1696 4215 1806 4282 saltem
1823 4237 1862 4282 ea
1873 4223 1982 4301 purte:
2001 4227 2107 4288 emate

103 4339 205 4400 tomen
234 4353 297 4399 non
311 4332 545 4416 praestitimus,
575 4331 658 4414 quod
678 4337 806 4413 praeter
833 4330 985 4397 assideres
1006 4329 1205 4412 diffindam
1228 4350 1244 4394 e
1269 4349 1305 4394 re
1331 4329 1405 4412 ipsa
1430 4333 1601 4407 nascentes,
1629 4328 1815 4414 scriptorrun
1836 4331 1931 4396 etiam
1951 4334 2107 4416 mreqeries

105 4446 297 4512 uenerem
317 4449 456 4509 nostram
477 4443 648 4526 aliquando
667 4441 821 4526 fefellerit.

258 4555 303 4620 In
323 4555 439 4622 deiecti
459 4556 529 4636 ipso
556 4555 681 4640 demum
708 4555 830 4632 (munia
856 4554 939 4618 enim
960 4553 1139 4618 istiusmodi
1156 4552 1276 4634 scripto
1297 4551 1431 4618 emittere
1447 4571 1530 4616 num
1546 4550 1672 4633 quidem
1689 4571 1752 4616 non
1761 4551 1988 4634 potuissemus)
2009 4559 2102 4620 testo·

102 4689 182 4748 mur,
204 4668 357 4749 mprimis
377 4687 475 4732 unam
490 4666 612 4750 publici
632 4666 784 4732 commodi
804 4666 955 4731 rationem
976 4664 1064 4731 nodis
1082 4665 1182 4747 fuisse
1198 4664 1411 4747 propositum:
1429 4662 1572 4744 proinde,
1594 4663 1625 4727 si
1646 4661 1759 4744 quibus
1779 4667 1922 4728 nostrum
1942 4663 1997 4730 doe
2016 4665 2102 4731 iudi·

100 4781 184 4849 cium
205 4779 318 4860 ubique
338 4799 401 4844 non
421 4778 602 4861 satisfaciet,
618 4777 815 4860 postutomm
835 4782 870 4842 ut
890 4777 971 4860 qued
992 4775 1151 4842 noluimus
1172 4776 1215 4842 ud
1236 4777 1424 4856 cuiusquam
1439 4771 1533 4854 probi
1554 4775 1748 4856 offentonem
1769 4773 1885 4856 referri
1903 4773 1999 4853 (absit
2014 4777 2099 4842 enim

102 4893 183 4960 iliud
203 4913 227 4957 o
246 4890 357 4971 noim),
379 4890 669 4974 ermenoarae
690 4889 847 4970 occipiunt
867 4893 896 4953 et
917 4907 956 4952 ea
978 4885 1034 4952 illo
1052 4887 1158 4969 potius
1177 4887 1428 4968 interpretentur,
1458 4904 1566 4968 nenpe
1591 4883 1719 4966 Opere
1739 4886 1781 4950 in
1801 4887 1909 4949 tanto
1927 4885 1995 4966 fos
2015 4906 2097 4952 esse

101 5003 284 5086 obrepere
304 5021 486 5069 somnum.
530 5001 746 5066 Interiecimus
767 5001 861 5065 etiam
881 4999 1056 5083 insiqnium
1076 4999 1205 5064 illorum
1230 4999 1265 5062 in
1291 4996 1419 5064 eccimia
1440 4993 1505 5062 Dei
1525 4997 1666 5062 venum
1687 4995 1806 5078 aliquot
1826 4993 1988 5078 epictetus,
2015 4997 2097 5079 quod

99 5115 143 5181 od
158 5115 302 5197 ipsum
317 5115 472 5198 pidutm,
494 5112 706 5192 eruddionnn,
727 5111 828 5176 netum
838 5131 902 5193 pro
918 5110 1007 5176 domo
1017 5107 1089 5190 Dei,
1111 5109 1343 5176 sanctissimum
1358 5108 1489 5192 denique
1506 5109 1587 5174 inter
1603 5127 1636 5172 se
1652 5107 1826 5172 testandam
1843 5105 2096 5191 coniunctionem,

100 5231 253 5308 tarnquum
272 5225 341 5294 illis
361 5225 523 5292 amundus
537 5223 689 5306 propitiis
709 5223 808 5304 nodis,
829 5223 864 5288 id
882 5223 938 5304 fas
958 5240 1024 5288 esse
1043 5221 1119 5288 dono
1134 5219 1260 5303 publico
1275 5239 1467 5316 puniacum
1486 5217 1679 5285 dederemus.

208 5326 319 5383 Calvisi
334 5342 425 5396 opera
459 5327 514 5382 Vct
533 5325 569 5381 X.
595 5323 629 5379 P.
650 5325 694 5380 11.
1864 5317 1887 5373 Β
