4782 6010
139 355 174 418 21
749 297 756 310 ¹
1081 349 1161 413 1532
2084 357 2130 420 22

139 540 235 607 bibliis
260 535 396 602 exhausi
427 535 621 602 mandatum
648 543 758 616 tuum,
791 537 828 601 in
855 537 973 620 quibus
1005 557 1097 621 repo-
1147 535 1190 600 In
1211 535 1263 600 his
1285 533 1493 613 mitteudist)
1520 535 1581 600 tibi
1603 538 1779 620 acquiesce,
1803 538 1832 603 si
1853 539 2042 621 proximum
2063 562 2126 624 pu-

138 624 250 692 riendis
270 622 372 705 pluris
393 622 456 686 luit
476 642 577 704 opera
598 643 695 704 quam
717 622 863 704 pecunia.
909 621 1021 704 Quum
1043 643 1096 688 res
1148 629 1199 686 tas
1231 631 1326 686 tunm
1362 621 1549 688 adventum.
1605 622 1718 689 Unum
1747 633 1913 706 superest,
1942 623 2125 693 desiderari

138 731 217 776 meas
247 727 437 792 componam
472 708 643 774 coniiciam
681 709 769 774 inter
784 707 956 774 'sarcinas
1008 709 1096 774 Puto
1148 711 1243 772 ame
1265 709 1466 774 occasionem
1496 727 1561 791 qua
1581 729 1724 792 possem
1753 709 1781 774 si
1807 731 1874 776 non
1904 711 2027 778 referre
2049 734 2125 798 gra·

137 818 199 862 rem
215 795 282 860 eius
299 795 428 878 generis
446 813 518 860 esse
535 815 619 877 qnae
636 795 740 879 possit
756 793 883 860 differri
902 795 938 858 in
960 791 995 858 id
1011 802 1095 860 tem-
1147 793 1237 872 uam,
1260 793 1379 859 saltem
1399 813 1597 877 propensam
1616 802 1866 880 promptamque
1883 798 1986 862 animi
2007 799 2128 864 volun-

137 881 234 968 pns.²)
283 877 443 962 Superest
468 889 507 944 nt
531 887 569 944 tu
602 879 747 946 vicissim
779 887 930 946 mutuam
962 901 1096 964 operam
1148 885 1250 944 tatem
1278 878 1368 962 quali
1377 879 1406 962 8)
1434 879 1572 946 officiolo
1607 901 1682 946 meo
1708 879 1888 948 declarare:
1921 903 2019 966 quam
2047 905 2126 969 rogo

136 967 209 1032 mihi
239 965 467 1032 accommodes.
528 965 622 1030 Libri
657 963 804 1032 Senecae
837 966 878 1032 de
909 965 1096 1032 Clementia
1147 964 1328 1048 experiaris
1350 964 1430 1032 dnm
1450 965 1558 1032 locum
1578 974 1635 1032 tuo
1656 968 1783 1049 corpori
1802 969 1940 1051 quaeris.
1986 967 2124 1038 Videbis

136 1051 257 1118 tandem
272 1051 422 1135 excusis)
440 1059 517 1116 sunt
533 1053 616 1118 meis
633 1051 819 1134 sumptibus
837 1059 872 1117 et
887 1073 963 1118 mea
985 1073 1093 1136 opera
1147 1051 1292 1133 profecto
1315 1051 1377 1116 tibi
1400 1059 1549 1135 paratam
1568 1052 1810 1130 habitationem,
1833 1075 1894 1120 nec
1911 1055 1972 1120 sub
1991 1055 2045 1122 dio
2063 1055 2126 1122 tibi

135 1137 221 1204 Nune
241 1136 424 1204 curandum
440 1147 479 1202 ut
499 1135 646 1220 undique
664 1138 836 1222 colligatur
855 1138 994 1222 peeunie
1011 1159 1096 1222 quae
1147 1136 1335 1220 frigendum
1357 1157 1444 1218 esse,
1473 1141 1660 1220 quanquam
1689 1138 1730 1203 de
1753 1137 1902 1206 Otcmiso
1923 1141 1967 1206 sit
1987 1142 2125 1208 minime

135 1226 330 1307 insumptus
350 1223 500 1306 impensa
521 1234 583 1288 cst:
614 1223 747 1302 deinde,
775 1235 815 1288 ut
840 1224 933 1290 salva
958 1225 1003 1290 sit
1022 1245 1096 1290 mea
1148 1221 1379 1302 dubitandum,
1419 1245 1520 1308 quum
1558 1223 1619 1288 tibi
1658 1245 1769 1290 eoram
1799 1225 1922 1308 pluries
1955 1228 2125 1312 receperit.

135 1311 335 1389 existimatio,
369 1311 511 1392 primum
541 1309 640 1374 velim
668 1309 750 1376 mihi
779 1321 816 1376 ut
842 1311 1002 1377 rescribas
1030 1331 1095 1392 quo
1146 1308 1262 1392 Itaque
1284 1309 1395 1374 itineri
1417 1315 1451 1373 te
1472 1311 1620 1394 accinge:
1649 1311 1784 1376 Dauom
1807 1310 1942 1378 habebis
1963 1313 2126 1393 comitem,

134 1397 233 1461 fusore
254 1395 313 1468 ,uel
337 1395 458 1480 frigore
484 1397 612 1476 excepti
633 1395 770 1476 fuerint,
800 1404 872 1466 tom
899 1403 937 1461 ut
958 1397 1096 1462 Laadri-
1146 1414 1245 1477 quem
1267 1393 1347 1460 dum
1368 1395 1465 1477 isthic
1486 1395 1550 1460 erit
1571 1394 1631 1460 tihi
1647 1397 1852 1462 oommendo.
1896 1397 1993 1479 Quod
2015 1405 2128 1474 actm

133 1485 236 1565 auss‘)
255 1481 393 1554 inducas
413 1482 450 1546 in
471 1481 732 1564 praelectionem.
765 1482 864 1548 Mitte
882 1481 923 1548 ad
941 1491 973 1548 to
990 1503 1095 1546 unum
1146 1500 1202 1544 me
1228 1488 1362 1546 tuorum
1388 1482 1699 1548 commentariorum
1727 1483 1909 1567 exemplari
1938 1484 2122 1564 donaveris,

130 1565 289 1649 exemplar
309 1567 394 1652 quod
416 1587 518 1652 penes
534 1575 574 1634 te
596 1579 736 1632 maneat.
780 1569 857 1632 Aha
874 1569 1017 1652 quinque
1038 1587 1094 1632 eu·
1146 1566 1270 1648 gratias
1292 1587 1364 1652 ago,
1381 1567 1459 1634 lieet
1475 1567 1623 1634 nondum
1639 1570 1830 1650 acceperim.
1862 1569 1997 1638 Interea
2013 1579 2126 1636 minen

134 1653 212 1718 rabis
231 1651 392 1718 mittenda
412 1653 581 1736 Bituriges
606 1653 718 1736 Rapio,
748 1653 903 1738 Pipaueo,
928 1654 1094 1738 Apueta,⁵)
1147 1651 1269 1735 Apueto
1291 1663 1325 1717 et
1347 1652 1445 1736 Rapio
1466 1653 1578 1722 literas
1599 1655 1729 1738 parabo.
1740 1652 1768 1740 ⁴)
1812 1656 1875 1720 Est
1896 1655 1983 1740 apud
2002 1656 2124 1722 Frane.

133 1737 286 1819 Brassaeo,
308 1733 540 1806 Barriutrauo.
575 1737 614 1805 Si
631 1739 771 1822 Apuetua
788 1739 926 1823 recipiat
947 1761 983 1805 se
1000 1759 1094 1823 prae-
1149 1736 1331 1822 Spioiuw)
1352 1739 1435 1804 mihi
1457 1739 1671 1806 consobrinus
1692 1741 1825 1820 nomine
1844 1741 2052 1819 vacutaas)
2089 1742 2125 1810 Is

133 1821 298 1904 lecturum,
331 1825 414 1890 mihi
444 1847 509 1889 non
537 1823 620 1889 nihil
653 1825 870 1892 commodabit
902 1845 961 1891 sua
987 1845 1093 1909 opera.
1144 1844 1252 1906 nuper
1279 1845 1381 1908 quum
1407 1833 1583 1908 parentum
1610 1826 1736 1891 monitu
1766 1823 1808 1891 ad
1835 1825 2018 1894 dialectices
2044 1829 2127 1894 artis

133 1907 215 1974 Vale.
245 1908 393 1976 Obemiuo
410 1910 487 1994 quid
505 1908 644 1976 scribam
662 1909 758 1993 plane
777 1932 843 1976 non
862 1911 974 1990 habco,
993 1933 1095 1995 quum
1146 1910 1387 1992 professionem·
1409 1911 1620 1990 invitaretur,
1649 1910 1691 1976 ad
1718 1933 1771 1976 me
1803 1913 1933 1996 scripsit
1965 1913 2124 1997 quidnam

132 1993 181 2060 ille
202 1996 293 2062 tudes
311 2004 508 2080 provocatus
525 2017 592 2061 non
614 1995 818 2079 respondeat,
841 2019 902 2064 neo
924 1998 1024 2064 statui
1041 2017 1095 2062 me
1145 1995 1304 2074 sentirem
1327 1995 1367 2062 de
1388 1997 1500 2062 futuro
1521 1996 1610 2062 illius
1633 1996 1750 2062 studio.
1795 1997 1928 2078 Videas,
1951 2019 2040 2084 rogo,
2062 2021 2123 2083 per

132 2078 237 2146 aditer
253 2083 423 2166 accingere
434 2083 499 2146 nisi
516 2083 608 2166 prius
626 2083 800 2165 scripserit.
834 2082 924 2164 Quid
946 2083 1043 2163 enim,
1066 2083 1095 2148 si
1146 2081 1263 2160 chum,
1292 2080 1371 2165 quid
1392 2084 1428 2146 in
1449 2082 1565 2167 lingua
1586 2082 1689 2148 latina
1710 2083 1898 2166 profecerit,
1929 2105 2011 2150 num
2032 2086 2122 2152 illius

132 2164 192 2230 dies
212 2167 335 2250 aliquot
355 2167 438 2232 mihi
460 2169 520 2234 sub
544 2167 597 2232 dio
620 2169 659 2232 fri
685 2167 806 2233 endum
831 2179 925 2247 esset,
949 2167 1028 2234 dum
1048 2169 1095 2233 lo·
1145 2165 1297 2234 lectionis
1318 2187 1357 2234 ca
1379 2189 1422 2234 ax
1444 2169 1496 2233 sit
1541 2169 1627 2234 Vale
1654 2170 1757 2236 amice
1786 2171 2005 2256 integerrimo.
2051 2175 2123 2239 Au·

131 2271 196 2316 eum
217 2253 293 2318 huic
314 2255 441 2337 corpori
459 2189 715 2336 quaeremmiss)
758 2252 811 2319 De
834 2253 996 2338 Ooiffastio
1017 2253 1095 2338 quid
1146 2253 1257 2319 rsliae
1301 2189 1384 2319 Idih.
1407 2255 1516 2321 Maiis.
1527 2256 1555 2332 7)

132 2335 212 2402 aliud
232 2337 338 2406 dicam
361 2339 425 2406 nisi
442 2339 608 2406 hominem
630 2360 701 2406 esse
717 2339 782 2406 sibi
797 2340 935 2406 natum?
967 2339 1095 2405 Iterum

131 2423 203 2488 vale.
250 2425 400 2492 Parisiis.
410 2425 439 2511 ⁷)
489 2423 608 2492 Saluta
634 2423 715 2489 mihi
747 2437 888 2492 matrem
912 2433 946 2492 et
972 2435 1095 2493 mater-

130 2513 232 2576 teram

505 2685 707 2694 -ι--ι-ο--ι-ο-ι

1610 2699 1661 2766 ιιι.

582 2867 631 2938 15.
793 2847 794 2852 ι
1405 2835 1642 2904 csnvmus
1664 2837 1862 2906 auonuc.

399 3009 432 3074 1)
435 3007 579 3074 ANIEI,
600 3005 818 3074 (JALVINO,
1235 2989 1432 3056 Oosumeudat
1442 2989 1566 3058 Buaero
1580 2990 1710 3057 Gallum
1721 2991 1882 3076 quendam,
1903 2993 2043 3076 quietim
2054 2995 2122 3062 ium

288 3147 295 3160 ,
426 3145 474 3160 ,,,
705 3145 711 3158 ,
808 3148 814 3160 ,
917 3147 923 3160 ,
1145 3075 1307 3161 relipiouis
1324 3097 1430 3156 cauca,
1452 3082 1486 3142 ut
1506 3077 1638 3158 videtur,
1661 3076 1908 3161 Arpcutcratum
1919 3082 2120 3164 mipraoerat,

207 3141 337 3248 0²}le
351 3143 492 3210 Parim
512 3149 711 3244 mmm?
729 3151 852 3230 imitas
870 3151 936 3232 “titi
956 3145 1095 3214 ‘3⁶00st
1145 3183 1228 3228 uulsa
1249 3167 1352 3228 autem
1373 3163 1409 3228 iu
1424 3163 1569 3246 patriam
1586 3183 1731 3228 reversus
1751 3185 1884 3230 rursum
1903 3165 2000 3248 salsis
2019 3189 2125 3236 reumo-

127 3233 263 3296 ''Wfl'tl
289 3253 326 3296 ⁸0²
358 3229 505 3330 Senem,
535 3229 597 3296 3121
628 3229 778 3296 dmm
807 3232 981 3331 exemplar?
1013 3233 1095 3314 twd
1146 3249 1235 3316 ribus
1264 3247 1415 3316 abnouae
1446 3253 1474 3313 et
1501 3248 1775 3330 anabaptistorum
1809 3253 1926 3317 erroris
1958 3257 2121 3336 suspectus

128 3317 221 3380 ‘amm
240 3319 380 3417 ”lidum
402 3321 525 3416 apert.
548 3335 677 3418 tumlti?
697 3322 786 3418 '⁰995
806 3323 842 3382 “i
863 3317 1024 3400 Aureliae,
1036 3340 1094 3420 ft·
1146 3336 1246 3402 denuo
1256 3336 1336 3400 istm
1353 3335 1817 3416 diuaummcquidemirwpic
1830 3341 2051 3418 sereceptusus
2068 3345 2121 3410 eet.

127 3399 186 3463 dua
207 3423 243 3466 es:
263 3410 392 3484 usaue,
420 3423 525 3486 specus
551 3401 683 3484 hospitae
709 3407 758 3467 uis
779 3405 861 3483 velat,
888 3403 979 3486 quale
1000 3409 1095 3470 dmm
2116 3439 2119 3446 ¹

129 3481 285 3556 Chamimts
309 3491 376 3572 ipse
402 3491 438 3554 iu
467 3487 547 3554 Urbe
567 3509 721 3570 praesens
748 3509 849 3572 nuper
878 3491 907 3554 εἰ
934 3490 1092 3556 obtulerat.
1146 3507 1202 3574 (Ex
1227 3511 1290 3559 autc
1311 3503 1395 3574 rapho
1420 3503 1529 3557 Archiv.
1553 3504 1682 3558 Theman.
1707 3507 1852 3576 Argentcr.
1876 3507 1949 3588 hipp.
1975 3509 2122 3564 Variornm

129 3567 321 3642 &usserunt
341 3575 565 3642 consobrinum.
1149 3575 1265 3628 v01.11.
1291 3523 1374 3628 haita
1391 3571 1535 3654 aOpottet,
1554 3573 1652 3627 Chron.
1670 3590 1696 3643 p.
1717 3573 1756 3627 11.
1787 3573 2056 3645 HermmJ.111.sol
2076 3597 2123 3634 an·

1414 3643 1482 3711 glrce
1501 3659 1543 3710 ap.
1562 3642 1713 3696 Bonum-O.
1733 3644 1754 3696 1.
1772 3660 1798 3712 p.
1817 3643 1855 3712 9.)

127 3723 176 3789 (Ex
193 3729 349 3852 apographo
368 3731 397 3784 P.
415 3730 536 3782 Danielis
558 3731 587 3782 in
611 3729 675 3784 Ccd.
701 3729 771 3782 Bibl.
793 3731 874 3782 Bora.
892 3727 954 3799 450,
971 3730 1017 3784 iol.
1036 3729 1094 3784 127.

312 3800 370 3852 ‘fii‘
388 3803 430 3852 ‘³⁸‘
447 3799 482 3851 ab
500 3797 692 3867 Herminjcrdo
710 3799 740 3852 Τ·
757 3799 792 3852 Π·
810 3816 835 3867 P·
854 3797 929 3862 4²⁰³
1233 3815 1376 3880 Domino
1398 3811 1527 3879 Bucero
1546 3813 1695 3896 episcopo
1718 3816 1997 3898 Argentoratensi.
2012 3821 2037 3900 Ι)

332 3954 452 4019 Franc.
476 3953 595 4018 Daniel
618 3953 664 4018 Io.
687 3952 825 4018 (lalvino
849 3953 884 4018 S.
926 3933 930 3944 ’
1234 3952 1353 4018 Gratia
1375 3957 1407 4014 et
1429 3971 1494 4033 pax
1506 3947 1642 4014 Domini
1661 3959 1768 4016 tecum
1786 3973 1844 4034 per
1865 3953 2122 4024 misericordiam

207 4071 340 4138 Literas
368 4081 442 4138 tuas
469 4071 552 4136 mihi
575 4071 718 4138 reddidit
741 4071 913 4155 Philippus
936 4081 1056 4151 noster,
1071 4071 1095 4160 ¹)
1148 4037 1212 4104 Dei
1234 4047 1266 4103 et
1288 4037 1457 4104 Visswriam
1480 4035 1613 4100 Christi·

126 4155 237 4236 quibus
269 4157 469 4240 deprehendi
500 4157 628 4224 nullum
657 4171 750 4224 tuum
772 4159 916 4224 cilicium
939 4161 1094 4226 omisisse.
1234 4151 1405 4220 Scribendi
1428 4177 1488 4220 nee
1510 4155 1613 4219 otium
1637 4165 1707 4220 erat
1728 4176 1788 4221 nec
1812 4169 2044 4240 argumentum
2066 4183 2124 4226 ne·

1150 4275 1351 4284 ——--.---.

1250 4324 1280 4390 2)
1296 4341 1352 4380 nou
1369 4327 1471 4394 bibliis,
1496 4332 1527 4379 ut
1545 4325 1607 4378 Hm.
1625 4333 1716 4393 putat,
1740 4329 1841 4394 quippe
1863 4345 1933 4396 quae
1954 4329 2027 4384 Calc.
2052 4333 2125 4386 inter

222 4394 251 4462 2)
277 4396 373 4450 Totum
400 4399 450 4450 hoc
472 4413 575 4450 comma
599 4399 629 4450 ιἰι
647 4397 724 4451 codd.
750 4399 825 4451 carie
849 4398 1034 4466 deprevatum,
1053 4415 1096 4454 aa·
1148 4395 1275 4448 sordeas
1302 4410 1368 4448 auos
1394 4396 1451 4464 ipsc
1474 4395 1613 4447 Aurelium
1644 4401 1836 4462 asportaturus
1864 4405 1936 4457 erat,
1964 4399 2013 4454 sed
2038 4399 2125 4456 literis

127 4475 182 4513 rum
200 4463 254 4516 iam
272 4467 336 4518 otim
353 4468 384 4518 ιἰι
403 4469 527 4534 marpissa
541 4469 702 4520 restitutam.
1148 4479 1217 4532 quas
1233 4463 1422 4519 rescribendaa
1438 4470 1591 4530 repeterat.

225 4531 255 4596 3)
276 4535 381 4586 excussi
402 4533 485 4588 coda.
1121 4508 1124 4577 l
1251 4531 1282 4600 3)
1303 4533 1347 4586 Sic
1363 4535 1394 4586 ιἰι
1415 4532 1478 4586 Coa.
1500 4531 1617 4585 Omnino
1634 4532 1787 4600 tepentium:
1806 4533 1994 4602 qualicunque.

146 4313 158 4318 -
170 4315 250 4322 --—-.
261 4317 325 4323 ----

224 4601 255 4664 4)
278 4603 490 4724 &satagemus
508 4605 671 4658 Lasdriuus
691 4604 732 4656 Μ.
746 4603 784 4656 D.
801 4604 874 4672 prof.
893 4605 944 4658 titt.
957 4604 1095 4658 Aureliae.
1121 4586 1124 4625 ⁸
1252 4601 1282 4664 4)
1301 4603 1339 4654 ad
1357 4601 1500 4670 Bituripes
1516 4600 1668 4654 mittendas.

226 4669 257 4738 5)
277 4671 344 4725 Ded.
369 4671 383 4723 1
441 4675 471 4724 ia
494 4675 629 4740 scarpim:
652 4674 786 4742 Sngneto,
809 4681 834 4724 et
851 4673 890 4726 sic
905 4671 964 4724 111.
1002 4673 1097 4727 Etiam
1251 4669 1281 4735 5)
1300 4671 1393 4724 Habes
1415 4671 1498 4722 huius
1524 4669 1643 4722 amsiuis
1669 4667 1788 4722 Parisiis
1810 4669 1890 4734 duos,
1917 4671 2029 4725 atterum
2058 4687 2123 4740 pro·

128 4736 305 4863 {poemata
314 4742 492 4864 missgriff?
506 4759 603 4863 ozanen
620 4741 899 4864 'ioepmrlmimuf'
930 4741 995 4864 {iod
1013 4743 1096 4865 Βὸνιι.
1122 4780 1125 4885 N
1148 4740 1451 4874 {essmssmp'iwffim’
1477 4738 1590 4792 auarum
1611 4738 1727 4806 Collcpr'o
1750 4737 1917 4791 Toruaceasi
1933 4743 2123 4806 praepositum

248 4825 278 4861 ιιι
417 4827 430 4860 e
801 4827 848 4862 ιιιιι
894 4825 959 4862 uos
990 4851 995 4862 .
1089 4843 1098 4854 -
1197 4825 1215 4861 u
1261 4825 1276 4862 o
1317 4850 1323 4862 .
1400 4850 1405 4859 .
1627 4823 1630 4828 ·

131 4879 213 4930 Mum
232 4825 423 4932 Boudeihaee
440 4826 740 4935 uosi‘sisiauhnchsgiiinlse
756 4827 832 4948 555),
857 4827 1097 4948 ἔμογζηΒιοεῇ,
1253 4877 1282 4942 6)
1303 4877 1339 4930 Ιιι
1355 4883 1428 4930 textu
1441 4875 1504 4928 huie
1522 4875 1630 4926 uomina
1646 4876 1856 4942 superscriptum
1879 4879 1918 4926 est
1938 4875 1996 4954 alio
2014 4877 2122 4940 forme.

129 4943 258 5010 Bantius,
277 4948 368 5001 uredo
385 4965 440 5018 qua
456 4949 516 5014 fide.
1152 4947 1262 5011 Valens,
1285 4951 1310 4998 et
1327 4947 1357 4999 iu
1380 4946 1502 5014 morptue
1524 4942 1652 4996 additur:
1676 4945 1714 4996 lo.
1735 4943 1846 4996 Valens.
1875 4943 1957 5016 iim.
1975 4959 2034 4997 eum
2054 4947 2125 5002 Isau

227 5015 256 5081 6)
280 5015 468 5070 Meddabotur
494 5033 557 5086 erpo
582 5021 633 5072 iter
651 5018 791 5071 Aureliam
818 5023 842 5070 et
859 5015 1005 5082 hospitium
1024 5017 1100 5084 opud
1123 4984 1126 5101 )
1158 5015 1278 5070 Vastiaut
1297 5015 1375 5067 deta
1395 5013 1674 5094 Garatesuopallica
1692 5013 1920 5092 nominaremus
1938 5011 2012 5064 dicit.
2047 5085 2051 5095 Ι

131 5079 284 5136 Ciminum
303 5087 492 5154 quaerendum.
1255 5083 1285 5148 7)
1309 5083 1365 5152 Qui
1386 5083 1451 5146 feast
1474 5082 1634 5150 upopraplur
1661 5081 1724 5134 (lod.
1751 5081 1899 5133 Beruenses
1921 5079 1949 5132 Ρ,
1970 5079 2074 5136 Dausel
2091 5085 2125 5138 de

228 5151 258 5218 ’1)
281 5153 434 5208 Dasteira
452 5155 597 5208 oscitantia
615 5171 718 5208 usuum
736 5155 885 5224 adscripsit
902 5153 977 5206 1530.
1152 5167 1202 5205 suo
1220 5152 1344 5206 addidit:
1368 5151 1452 5216 15315
1470 5157 1499 5204 tu
1517 5167 1579 5204 cero
1603 5150 1685 5215 ttrite
1702 5166 1735 5204 es
1753 5151 1886 5202 uacatione
1903 5147 1971 5201 editi
1989 5149 2125 5208 Gemmeu-

162 5219 204 5280 15-
232 5221 261 5288 1)
283 5221 361 5277 idem
386 5223 419 5278 de
441 5241 493 5294 quo
518 5239 603 5291 aspra
627 5224 660 5275 N.
680 5223 697 5275 4
721 5231 776 5278 not.
796 5223 819 5276 l.
862 5223 972 5276 litteras
996 5237 1042 5274 eos
1060 5223 1100 5276 ‹tt-
1152 5222 1221 5274 tarr'i
1236 5223 1267 5274 ιἰι
1287 5220 1412 5274 Senecam
1429 5223 1506 5286 facta
1523 5235 1626 5272 aunam
1646 5216 1712 5270 1532
1729 5219 1825 5272 elics'ea.

129 5289 165 5342 cit
181 5305 250 5358 quas
266 5291 347 5347 modo
364 5294 459 5362 lapset.
1126 5288 1127 5301 ¹
1190 5287 1234 5348 lb.
1262 5289 1291 5354 1)
1313 5289 1408 5343 Prima
1431 5291 1496 5342 baec
1523 5289 1596 5341 iuter
1618 5303 1664 5340 eus
1686 5302 1756 5356 quae
1779 5285 1857 5340 sotis
1880 5292 2037 5340 mansuer
2061 5296 2126 5346 suat

1886 5367 1921 5420 2·
