4820 6016
286 350 348 412 luc

282 535 316 602 A
336 532 464 600 nobles
498 531 734 618 magistroque
761 531 957 618 Seignenrs,
991 553 1051 598 nos
1082 532 1258 618 singuliers

283 621 367 694 ernis
393 618 569 686 huschiere
597 625 630 684 et
656 617 767 683 feeulx
801 618 959 684 combour
981 619 1048 685 eois
1077 619 1258 686 Meeeieurs

421 705 471 770 les
492 701 669 788 Sindiques
690 710 725 770 et
745 703 867 770 conseil
890 703 931 769 de
1005 705 1110 770 nefas.

367 837 489 908 Nobles
507 839 747 926 magnifioques
765 839 955 926 Seigneurs,
977 841 1153 926 singulisne
1174 841 1257 907 amis

280 925 459 996 heschiers
480 935 514 992 et
535 923 647 991 foaulx
668 927 922 1012 combourgeois
944 948 1027 992 nous
1050 947 1153 993 avons
1175 947 1258 1011 pour

280 1013 357 1082 bien
380 1019 414 1078 et
435 1011 536 1078 union
559 1010 600 1076 de
621 1031 682 1077 noa
711 1012 885 1094 predicans
906 1013 996 1078 nvise
1018 1009 1058 1078 de
1081 1014 1167 1079 tenir
1188 1034 1258 1098 ung

281 1097 405 1186 synode
427 1097 632 1164 aLausanne
646 1101 670 1180 ¹)
693 1119 750 1164 sur
771 1097 804 1163 la
817 1097 1089 1164 dimenchedemi
1111 1119 1256 1166 oereeme

281 1183 337 1272 qni
365 1191 416 1250 est
445 1183 476 1250 le
505 1180 635 1248 dernier
667 1183 740 1249 iour
771 1181 812 1248 de
841 1205 878 1250 ce
904 1185 1003 1264 mois,
1032 1205 1112 1250 vous
1139 1206 1199 1250 sur
1219 1203 1256 1250 cc

280 1271 393 1355 priene
415 1268 455 1336 de
476 1269 507 1334 le
530 1267 674 1338 notiffier
695 1289 715 1334 a
736 1271 870 1335 maistre
892 1267 1082 1336 Guillaume
1106 1269 1204 1336 Feret
1224 1279 1258 1334 et

279 1357 415 1422 maistre
436 1353 541 1420 Iehan
566 1351 718 1424 Calvinus
739 1363 773 1420 et
789 1363 971 1440 pcrmectre
989 1355 1029 1420 de
1047 1376 1083 1422 so
1124 1366 1258 1421 trouver

280 1439 355 1510 illeo
377 1461 436 1507 sur
456 1437 537 1506 ledit
558 1439 639 1506 iour.
684 1439 738 1506 En
760 1460 796 1506 oe
823 1441 945 1506 faisant
971 1462 1054 1508 nous
1081 1378 1166 1508 leros
1188 1443 1256 1506 sin-

280 1527 388 1613 gnlier
398 1511 522 1611 plaisir,
545 1521 768 1603 nidantDien‚
792 1527 910 1610 auquel
932 1528 1045 1609 prions
1063 1547 1145 1593 vous
1163 1527 1257 1593 avoir

283 1635 325 1678 en
347 1632 397 1713 ⁸⁸..
404 1611 529 1713 saincte
557 1610 682 1698 garde..
711 1609 838 1678 Datum
866 1605 920 1696 xij.
941 1611 1055 1678 Martii
1083 1634 1169 1678 anno
1196 1621 1255 1678 etc.

283 1719 421 1782 xxxan.

668 1781 844 1868 Ladvoyer
865 1791 899 1848 et
920 1783 1053 1850 Oonseil
1074 1783 1115 1849 de
1136 1781 1255 1849 Berne.

668 2039 870 2052 *Dum—m.

736 2242 808 2312 101.

364 2381 426 2448 nn
449 2365 601 2449 seusu
623 2379 867 2551 00θέἒέξέ
893 2385 921 2447 s
943 2379 1085 2449 esum
1107 2379 1170 2447 nn

370 2653 474 2721 Mtrne
495 2655 587 2738 clia,
616 2677 688 2722 avec
708 2657 898 2738 notificeticn
918 2657 973 2722 des
991 2657 1161 2722 conditam
1181 2677 1257 2724 eone

282 2741 444 2824 &welles
479 2739 524 2807 tes
557 2743 717 2808 minime
749 2743 788 2809 de
819 2741 938 2808 Genese
973 2747 1075 2808 semet
1105 2741 1257 2808 adarim

277 2829 454 2912 participer
474 2827 496 2892 ὰ
517 2827 551 2892 la
570 2827 779 2894 deliberation.

361 2998 509 3068 (Archires
526 2998 560 3052 de
578 2999 676 3052 Berne.
712 2997 820 3053 Welsclr
837 2999 959 3053 Missivb.
980 2999 1012 3052 B.
1030 2998 1076 3054 fol.
1094 2997 1129 3052 68
1146 3003 1187 3064 v.)

539 3151 676 3219 Gonane
697 3151 853 3238 Syncdus
874 3153 993 3220 Losen.

282 3283 285 3290 ’
368 3289 489 3356 Nobles
518 3295 578 3356 eto.
629 3289 722 3356 Nous
750 3309 833 3355 rcus
865 3309 968 3357 arone
1000 3309 1061 3374 per
1092 3290 1257 3376 cydevent

281 3393 342 3462 par
369 3395 453 3442 none
478 3375 596 3442 lectres
623 3376 712 3460 prior
740 3373 780 3440 de
808 3375 936 3442 vculoir
963 3396 1110 3461 envoyer
1137 3397 1180 3442 au
1200 3397 1255 3462 sy·

282 3459 367 3529 node
393 3481 457 3546 que
483 3481 543 3546 say
571 3460 702 3527 tiendre
733 3481 754 3526 a
781 3459 847 3525 mie
878 3481 1022 3527 careeme
1050 3482 1070 3526 e
1097 3461 1255 3530 lausanna

281 3547 421 3616 Hemtrc
438 3547 627 3614 Guillaume
646 3546 744 3612 Farel
763 3553 797 3612 et
809 3545 973 3627 maalon
995 3567 1031 3614 cs
1052 3567 1115 3632 que
1136 3569 1255 3618 encore

281 3641 526 3718 presentement
543 3631 703 3699 desirons:
723 3633 914 3718 tontteffoye
932 3653 993 3716 par
1009 3632 1174 3700 condition
1192 3655 1256 3718 que

280 3720 535 3806 premierement
566 3717 643 3784 eulx
676 3725 709 3784 et
742 3717 864 3784 aultres
898 3739 977 3784 vous
1005 3717 1190 3802 predicante
1222 3729 1256 3786 et

282 3827 365 3872 vous
376 3803 526 3872 accordes
541 3801 581 3868 de
592 3824 676 3870 vous
687 3803 870 3868 conformer
882 3825 982 3888 avesq
993 3826 1077 3870 nous
1095 3806 1255 3872 touchant

280 3893 337 3968 les,
351 3891 559 3957 ceremonias.
604 3888 651 3955 Oe
672 3889 792 3954 faisant
819 3909 892 3954 sera
918 3898 1010 3955 ousta
1039 3910 1254 3957 enousvo1·

283 3978 351 4042 sins
373 3977 519 4042 occasion
542 3973 582 4040 de
604 3975 785 4040 calumnier
813 3983 846 4039 et
873 3975 1015 4041 blnsmer
1041 3984 1152 4042 nostre
1179 3977 1254 4042 reli-

282 4061 360 4146 gion
382 4069 416 4127 et
437 4061 593 4127 serviren
614 4061 716 4125 union
740 4059 797 4126 des
819 4060 963 4144 esgliscs,
987 4081 1072 4144 pour
1093 4070 1255 4147 nutanty

283 4146 394 4212 sdrise
416 4168 498 4230 aveq
521 4145 687 4212 rousdiots
704 4145 891 4230 predicente
912 4146 1151 4227 amieblemcnt,
1175 4149 1254 4213 affin

283 4232 404 4316 queolx
427 4240 545 4318 seyent
574 4231 679 4298 edmie
708 4231 818 4298 audiet
845 4230 969 4316 synode
998 4232 1038 4298 de
1067 4234 1201 4300 uuenr
1222 4241 1255 4299 ct

283 4317 422 4384 conlerir
444 4337 544 4401 arecq
566 4317 614 4384 les
635 4324 772 4384 nostres.
817 4316 884 4384 Oar
912 4337 994 4384 vous
1021 4318 1158 4386 voulons
1178 4319 1255 4385 bien

284 4401 429 4475 advertir
450 4424 512 4484 que
524 4417 572 4487 'sy
593 4403 675 4470 cella
696 4425 738 4469 ne
760 4401 896 4487 precede
917 4425 981 4487 qne
1002 4403 1055 4490 yla
1081 4427 1123 4469 ne
1145 4411 1257 4470 serent

283 4489 376 4574 point
403 4486 522 4567 admie,
555 4489 626 4554 uine
659 4489 841 4556 seulement
873 4508 969 4573 apres
1002 4491 1035 4554 la
1066 4491 1255 4556 conclusion

283 4596 354 4662 cys,
376 4581 411 4638 et
432 4593 533 4656 aveoq
555 4575 632 4640 eulx
654 4596 673 4640 a
694 4582 770 4660 part
796 4574 922 4641 traiete.
966 4573 1043 4641 Dat
1067 4599 1123 4642 xx.
1145 4576 1257 4642 martii

283 4681 371 4728 anno
393 4667 452 4726 etc.
477 4661 613 4742 xxxviij.
627 4661 653 4739 ¹)

282 4783 448 4796 *u-

305 4849 416 4916 1001)
437 4848 466 4902 Π
481 4846 621 4916 e'apiemit
643 4845 775 4902 d’chtenir
799 4845 833 4901 de
856 4847 884 4902 ia
904 4855 969 4917 part
987 4848 1035 4903 dee
1054 4847 1187 4904 decencia
1203 4864 1258 4904 nne

280 4919 404 4990 parfaite
420 4911 582 4996 manniti
605 4913 676 4968 dane
698 4915 736 4970 ire
758 4912 919 4972 rtrtrnonr'ea
941 4917 1097 4988 reliaimsee
1114 4917 1258 4999 (captiae,

283 4990 375 5111 en
391 4988 467 5107 aa
480 4979 692 5107 ,0000
704 4983 910 5108 elena
926 4985 1085 5110 enen
1099 4985 1203 5110 nn
1224 4985 1258 5110 t:

282 5127 359 5178 nain
376 5125 396 5178 d
413 5129 453 5177 eet
470 5069 582 5186 cercyrd,
610 5119 707 5174 Osirin
729 5126 755 5175 et
771 5135 813 5174 ree
834 5070 1161 5192 eadwuli’ooppaeaielnt
1178 5129 1204 5180 et
1220 5129 1256 5180 te·

282 5193 378 5246 sanet
394 5192 414 5244 ὰ
429 5191 488 5243 tear
504 5185 684 5256 risorrnctian
697 5187 762 5257 plne
778 5187 909 5260 radicale.

307 5259 369 5320 101.
388 5258 418 5324 1)
437 5256 512 5323 Dtja
529 5259 553 5312 te
570 5255 612 5309 11.
629 5271 705 5312 narr
728 5256 752 5313 le
775 5259 879 5314 wesen
900 5258 947 5314 dea
964 5257 1135 5317 nmmo
1149 5259 1185 5315 de
1204 5257 1256 5315 Oe·

1060 341 1324 415 artemonem
1349 350 1515 414 100-104

1764 535 1835 606 ne.

1544 667 1801 744 cerninus
1823 673 2056 743 rhenano.
2112 757 2114 764 ¹

1395 825 1503 893 Fama
1527 828 1590 911 fert
1615 849 1686 894 eam
1713 835 1740 896 et
1767 830 1898 916 calleque
1925 833 1995 897 eine
2014 851 2097 897 nanc
2114 837 2205 913 porta
2223 853 2264 897 aa·

1308 911 1371 978 inte
1392 931 1457 978 esee
1477 913 1691 996 implacabiles
1719 935 1793 1000 erpa
1819 937 1893 984 nece
1920 917 2127 984 adversarias.
2169 917 2264 1000 Ilipa

1308 1018 1430 1064 summo
1451 999 1554 1066 eade
1575 1019 1627 1065 ece
1647 999 1788 1066 mutar
1803 1009 1837 1067 nt
1858 1004 1970 1068 aritine
1983 1004 2159 1084 arcemn,
2181 1003 2265 1087 ianoe

1308 1087 1388 1165 cant,
1409 1085 1608 1154 reconciliari
1628 1086 1758 1170 crepidae
1779 1087 2001 1170 amplexentur.

1309 1255 1366 1320 (Dr
1383 1255 1553 1338 autographo
1565 1257 1694 1340 Neocom.
1712 1259 1801 1341 sesain
1821 1277 1882 1330 epp.
1901 1261 1999 1314 divers.
2018 1261 2052 1315 N.
2063 1259 2089 1313 4.
2118 1261 2266 1383 Apcaflrrpha

1308 1325 1444 1378 habentur
1466 1343 1494 1379 rn
1518 1325 1585 1380 bibl.
1611 1328 1696 1381 cinca
1713 1329 1862 1460 Tmo&
1872 1326 1940 1396 217,
1963 1346 1989 1398 p.
2007 1328 2061 1384 208
2079 1335 2108 1383 et
2125 1347 2166 1398 ep.
2201 1331 2267 1384 imler

1307 1547 1596 1616 senensem
1618 1551 1690 1616 vno
1711 1551 1752 1616 u.
1779 1550 1944 1617 euuemo
1967 1517 2101 1620 ennio
2127 1553 2267 1620 amine

1513 1635 1606 1700 fratri
1628 1637 1663 1702 in
1685 1637 1828 1702 Domino
1849 1637 2086 1706 colendissimo.

1396 1770 1431 1839 S.
1464 1771 1521 1840 Sic
1543 1773 1649 1856 gretie
1670 1776 1830 1857 sapientia
1851 1789 1885 1840 et
1905 1776 2061 1841 fortitudo
2073 1777 2205 1843 Domini
2214 1775 2267 1842 Dei

1309 1858 1414 1923 nostri
1436 1865 1470 1922 et
1491 1879 1623 1925 servare
1641 1879 1701 1926 nos
1718 1882 1736 1926 e
1754 1858 2067 1938 mediodiscrimine
2085 1865 2186 1946 possit
2205 1862 2267 1928 hos·

1309 1943 1396 2008 tibus
1417 1943 1568 2010 omnibus
1585 1946 1682 2029 profli
1706 1946 1782 2011 atis:
1811 1946 1889 2012 huic
1917 1947 2055 2014 sitlans
2083 1949 2117 2014 in
2145 1949 2267 2015 saccula

1309 2027 1383 2094 ribi
1406 2049 1483 2094 vcro
1505 2028 1606 2095 robur
1633 1967 1732 2096 adriae
1760 2043 1793 2097 et
1817 2033 1969 2116 spiritum
1997 2043 2036 2099 ut
2063 2037 2216 2101 consistes
2238 2035 2267 2098 in

1308 2115 1418 2180 linem.
1463 2116 1580 2181 Amen.
1625 2116 1764 2183 Caetera
1780 2117 1883 2202 igitur
1900 2130 1988 2184 recte
2010 2129 2043 2185 et
2066 2120 2201 2188 feliciter
2220 2120 2269 2185 he·

1309 2201 1397 2279 bant,
1420 2221 1458 2266 ao
1479 2201 1566 2284 apud
1588 2203 1658 2286 pice
1679 2223 1800 2288 magne
1822 2203 1940 2288 ubique
1967 2206 2115 2290 gentium
2144 2229 2201 2290 pro
2225 2227 2268 2270 ea·

1309 2287 1378 2352 luts
1391 2295 1511 2352 'vestra
1531 2307 1634 2371 quum
1655 2288 1831 2374 gratulatio
1854 2299 1924 2355 tum
1947 2291 2133 2374 deprecatio
2155 2292 2195 2358 ad
2210 2291 2269 2358 Do·

1308 2373 1437 2438 minum
1459 2373 1588 2439 assidue
1611 2385 1668 2440 est.
1713 2375 1790 2442 Una
1816 2397 1869 2442 res
1896 2383 1944 2442 est
1973 2377 2066 2443 cuius
2093 2379 2181 2443 fama
2200 2399 2269 2442 non·

1309 2457 1393 2523 nihil
1414 2457 1567 2526 sollicitat
1588 2479 1658 2525 nos.
1703 2459 1759 2528 Sic
1782 2463 1870 2526 enim
1891 2463 1995 2528 fertur
2015 2485 2073 2529 voe
2094 2485 2173 2548 erge
2195 2464 2270 2529 circs

1308 2564 1374 2622 eos,
1396 2546 1452 2628 qui
1471 2545 1575 2611 habiti
1592 2547 1659 2612 sint
1676 2547 1965 2631 quomodocunque
1981 2548 2088 2628 alieni,
2112 2550 2148 2614 in
2168 2547 2269 2615 eodem

1308 2630 1384 2696 licet
1411 2630 1599 2697 discrimine
1626 2632 1749 2697 fuerint
1779 2653 1854 2700 cum
1883 2633 1981 2700 rebus
2009 2647 2043 2700 et
2074 2633 2270 2702 faculmtibos

1308 2716 1469 2794 omnibus,
1491 2737 1579 2782 nunc
1600 2728 1695 2800 parto
1714 2717 1819 2783 salute
1834 2721 1857 2802 ¹)
1887 2739 1958 2785 esse
1984 2719 2218 2803 implacabiles,
2242 2725 2270 2782 et

1308 2801 1396 2868 nolle
1423 2802 1615 2886 cuiusquam
1644 2801 1765 2869 habere
1793 2803 1964 2869 rationem.
2013 2805 2087 2890 Ego
2117 2809 2163 2875 sic
2189 2804 2269 2880 mihi,

1309 2885 1449 2966 Feralia,
1480 2909 1611 2968 censeo,
1641 2899 1736 2972 parte
1756 2888 1895 2956 feliciter
1916 2889 2023 2956 seluto
2044 2891 2268 2976 ignoscendum

1308 2973 1458 3038 omnibus
1487 2995 1558 3040 esse
1587 2975 1771 3058 quicunque
1797 2977 1834 3041 in
1861 2977 2000 3041 exitium
2028 2978 2222 3062 reipublicae
2241 2983 2270 3040 et

1307 3059 1343 3122 in
1365 3059 1502 3126 verbnm
1523 3062 1630 3143 ipsum
1642 3061 1776 3128 Domini
1793 3082 1861 3126 non
1883 3063 1948 3128 sint
1965 3061 2156 3130 machinati
2188 3062 2269 3144 Quos

1307 3145 1397 3210 enim
1418 3145 1587 3231 ignoscere
1608 3147 1790 3232 promptius
1811 3148 1865 3212 vel
1888 3150 2028 3231 peccatis
2047 3149 2100 3215 rel
2118 3149 2269 3214 erroribus

1308 3229 1361 3298 vel
1371 3231 1586 3298 imbecillitati
1596 3233 1736 3298 marum
1753 3234 1885 3299 caventi
1896 3233 1998 3316 decet,
2021 3257 2121 3320 quam
2142 3255 2197 3302 voe
2217 3231 2266 3317 qui

1307 3325 1395 3384 certo
1418 3339 1532 3384 recens
1550 3317 1687 3384 Domini
1708 3319 1863 3386 beneficio
1885 3322 1964 3386 estis
1993 3323 2131 3399 serrati,
2159 3321 2267 3404 quique

1307 3403 1592 3470 mansuetudinem
1614 3405 1811 3488 profitemini
1821 3405 1970 3472 Ohristi?
2003 3405 2052 3472 Er
2116 3408 2270 3472 neminem

1307 3489 1480 3566 eiicietis2)
1503 3489 1652 3574 quiesse
1681 3489 1767 3576 apud
1795 3513 1853 3559 vos
1876 3505 1908 3556 et
1930 3494 2055 3558 reconc'
2073 3495 2133 3559 'eri
2154 3490 2267 3559 studet:

1307 3573 1473 3642 adducetis
1500 3597 1614 3642 omnes
1645 3599 1705 3660 pro
1735 3577 1829 3644 virili.
1884 3577 1977 3649 Haeo
2009 3601 2075 3644 non
2104 3599 2142 3645 eo
2173 3573 2268 3644 scribo

1306 3661 1391 3811 guod
1414 3669 1447 3728 te
1469 3661 1633 3728 discedere
1650 3685 1670 3728 a
1687 3663 1881 3730 rectitudine
1899 3663 1997 3732 officii
2015 3665 2186 3730 christiani
2205 3681 2267 3729 cre·

1329 3767 1392 3826 am,
1415 3747 1472 3814 sed
1494 3755 1533 3813 ut
1553 3769 1595 3814 nc
1612 3749 1783 3832 imperitus
1795 3750 1902 3815 famae
1923 3771 2007 3833 quae
2029 3750 2071 3816 ad
2093 3771 2153 3816 nos
2173 3763 2266 3831 usquo

1229 3892 1235 3906 .
1306 3835 1472 3900 emanavit
1506 3842 1539 3898 et
1572 3855 1682 3898 rerum
1716 3855 1799 3918 qnae
1827 3833 1913 3920 apud
1941 3856 1998 3902 vos
2025 3839 2097 3921 geri
2124 3835 2267 3902 dicuntur

1307 3939 1403 3984 esses.
1437 3917 1521 3984 Vale
1542 3919 1578 3984 in
1588 3917 1733 3985 Domino
1751 3931 1783 3986 et
1805 3943 1857 3986 me
1880 3941 1962 4001 ame,
1984 3925 2078 3988 ouius
2100 3922 2180 3986 mihi
2196 3919 2266 3984 ami-

1307 4005 1384 4069 citia
1411 4013 1462 4070 eet
1487 4005 1556 4070 loco
1584 4005 1813 4089 pretiosissimi
1841 4005 1995 4073 thesauri.
2044 4007 2200 4084 Basileus,
2220 4007 2262 4068 00.

1307 4089 1462 4174 Μὸῐθῌ)
1768 4125 1883 4192 Simon
1908 4127 2086 4210 eryneeue
2108 4137 2191 4194 tuus.

1307 4297 1372 4351 nece
1390 4299 1466 4352 aean
1487 4297 1577 4352 recola
1599 4297 1633 4350 de
1655 4298 1730 4350 cirre
1753 4311 1786 4350 en
1810 4299 1839 4350 la
1856 4298 1963 4366 parcite
1980 4297 2014 4352 de
2032 4297 2107 4352 Dian
2129 4299 2214 4352 ianxte
2228 4295 2261 4348 les

1308 4365 1493 4419 ordonnsnces
1511 4367 1545 4420 de
1563 4365 1709 4419 Messienrs
1726 4365 1761 4418 de
1778 4365 1875 4419 Berne.
1913 4367 1940 4418 A
1957 4367 1986 4420 ia
2003 4367 2141 4434 rtception
2161 4367 2192 4420 de
2207 4369 2260 4419 eale

1308 4435 1420 4488 seconde
1437 4435 1557 4500 missiae,
1580 4435 1604 4488 le
1623 4431 1828 4501 Perit-Ooneen,
1853 4449 1886 4488 en
1904 4433 2035 4503 de'pnlarn
2053 4437 2077 4488 le
2094 4435 2188 4505 syndic
2205 4431 2261 4486 lan

1311 4502 1437 4572 Phrlippe
1454 4519 1518 4557 aare
1534 4503 1573 4557 ies
1589 4503 1661 4556 dena
1677 4504 1822 4570 ministres,
1846 4503 1979 4557 distorsit
1995 4497 2261 4572 representassent

1309 4573 1442 4640 ceomtait
1458 4572 1485 4626 lc
1502 4571 1642 4626 esame
1659 4571 1705 4626 dee
1724 4571 1847 4626 Besae
1881 4572 1945 4626 Vair
1958 4587 2033 4640 paor
2050 4573 2088 4628 lea
2105 4573 2199 4628 ditarit
2216 4569 2260 4624 lio

1396 4638 1456 4696 .82
1474 4643 1543 4694 enin.
1579 4639 1780 4708 Kampsclnelte,
1799 4641 1824 4696 1.
1842 4637 1901 4693 310.
1940 4639 2057 4706 Ructat,
2076 4639 2125 4696 lV.
2142 4636 2197 4694 452.

1327 4645 1353 4694 et

1307 4657 1398 4770 gilli).
1417 4707 1444 4774 1)
1470 4707 1516 4764 Vel
1532 4711 1590 4777 ipse
1609 4705 1736 4764 Fareline
1758 4711 1849 4780 moad
1871 4717 1971 4764 etatnrn
1993 4725 2085 4764 rernm
2104 4715 2129 4764 et
2144 4705 2259 4763 tenenda

1309 4775 1471 4832 descrimine
1487 4779 1542 4832 eibi
1556 4783 1582 4831 et
1592 4776 1720 4848 Grynem
1736 4777 1829 4844 tleennr
1845 4781 1947 4843 fecerat
1963 4777 2005 4832 ael
2021 4777 2066 4834 ln'c
2079 4778 2154 4844 falso
2169 4785 2260 4830 naam

1309 4845 1434 4915 deceptas
1450 4848 1538 4900 nimia
1554 4847 1689 4915 sperata.

1411 4915 1441 4980 2)
1462 4913 1569 4970 Scilicet
1585 4915 1859 4970 recommendatione
1876 4913 1972 4985 ednta,
1989 4930 2071 4984 anam
2088 4907 2258 4969 memmi

1309 4984 1729 5054 ainnenepnelepeeanaiendarn
1748 4984 1868 5053 nrpebat,
1886 4983 2257 5055 daataelenepaertnmtrfl

1309 5055 1467 5108 renitentem
1483 5054 1673 5175 magistratum
1691 5052 1879 5110 declamarent
1904 5046 2256 5125 Repeuooneestaum:

1309 5123 1368 5176 Iron
1385 5140 1416 5176 aa
1433 5121 1521 5176 dellen
1541 5140 1573 5176 ur
1597 5123 1741 5175 emristre
1759 5121 1792 5176 G.
1809 5123 1890 5176 llerel
1913 5127 1942 5176 et
1964 5123 2076 5178 masne
2093 5121 2209 5176 Onlrium
2227 5112 2256 5165 dt

1308 5192 1387 5260 point
1402 5207 1431 5244 se
1449 5193 1547 5246 rncsler
1564 5191 1600 5244 dn
1617 5192 1767 5260 magistrat.

1411 5259 1439 5325 3)
1458 5262 1569 5316 Anauon
1586 5258 1655 5314 1538
1672 5260 1768 5328 definit
1778 5260 1910 5329 minatae
1925 5265 2120 5330 armna.
