4852 6022
285 327 350 391 34⁷
1060 317 1321 386 EPIS'POLAE
1346 321 1513 383 171—175
2226 317 2289 382 ³4⁸

287 513 379 578 Deus
400 510 493 588 bone,
516 527 671 591 quorsum
688 506 854 573 redimus?
886 507 960 572 Non
973 505 1037 571 alio
1054 506 1173 573 affeetu
1194 505 1259 572 dis·
1312 505 1420 572 nesoio
1448 523 1530 588 quos
1558 523 1670 571 amare
1697 503 1880 572 debeamus.
1926 505 1998 589 Ego
2025 513 2115 572 eerte
2137 505 2287 590 pluribus

288 593 471 664 eedendum
491 601 564 658 erat
585 615 605 659 a
626 589 751 658 Christi
773 592 941 670 ministris,
964 611 1063 675 quam
1085 593 1113 658 si
1134 593 1260 659 visoeru
1312 591 1463 658 Soneriis
1484 591 1582 676 longe
1602 592 1766 674 praeferre
1786 593 1896 676 ipsum
1918 613 1984 656 non
2000 590 2158 658 dubitem.
2193 589 2287 656 Nune

287 687 399 747 nostre
420 677 550 744 anobis
567 678 796 744 evellerentur.
830 679 926 743 Nune
944 699 997 743 res
1016 699 1117 761 prope
1138 677 1261 744 lusoria
1312 698 1439 760 quoque
1462 676 1541 742 dum
1563 676 1658 742 audio
1679 678 1762 744 falso
1784 689 1882 762 atque
1899 677 2065 743 immerito
2084 678 2126 742 ad
2149 687 2182 743 te
2200 676 2286 742 dela·

285 773 347 843 est
368 785 437 830 non
457 765 605 830 membre
625 765 798 847 quaelibet,
827 764 885 830 sed
907 765 979 846 ipse
999 784 1126 848 quoque
1148 763 1261 830 vitalis
1312 771 1393 843 tum,
1416 783 1482 828 non
1503 783 1638 845 possum
1656 764 1760 828 faeere
1778 763 1857 846 quin
1880 763 2026 846 suspieer
2047 763 2172 847 aliquid
2195 763 2286 827 meli·

287 851 492 918 soonsortio
514 855 624 915 nostro
652 848 850 916 abscindere.
900 849 994 914 Haeo
1021 847 1109 931 apud
1132 857 1178 928 te,
1208 857 1260 914 ut
1313 849 1394 914 tiose
1415 859 1515 931 atque
1537 869 1578 913 ex
1600 849 1778 932 eomposito
1797 849 1849 915 hie
1871 869 1942 914 esse
1963 849 2096 914 fantum.
2140 848 2286 915 Multum

287 957 416 1019 aunque
448 935 663 1000 tumultuarie
694 942 727 1000 et
754 936 825 1000 sine
858 935 973 1000 ordine
1000 943 1155 1020 eongesta
1183 935 1260 1014 sint,
1312 953 1372 1000 nee
1394 935 1465 999 sina
1487 953 1586 1000 eausa
1608 934 1705 1000 hodie
1733 935 1773 999 de
1795 934 1973 1000 ministerii
1994 945 2189 1018 eontemptu
2212 953 2286 1017 que

288 1021 525 1099 oonsiderebis,
554 1029 587 1086 et
607 1022 729 1086 iustam
750 1021 935 1086 libertatem
957 1039 1061 1104 aequo
1083 1021 1194 1086 animo
1213 1019 1260 1086 ie-
1312 1020 1432 1086 rimur:
1469 1029 1503 1084 et
1530 1019 1594 1103 ipsi
1620 1041 1717 1102 saepe
1744 1021 1962 1086 insanientem
1988 1020 2146 1103 populum
2177 1029 2286 1086 nostra

288 1125 350 1173 res.
395 1107 572 1173 anterum
598 1125 664 1171 non
687 1113 738 1171 est
765 1106 852 1190 quod
873 1106 935 1171 tibi
962 1127 983 1170 a
1003 1126 1057 1171 me
1084 1105 1261 1190 quidquem
1312 1105 1366 1171 vel
1397 1105 1538 1170 stultitia
1572 1106 1625 1170 vel
1662 1105 1839 1189 eupiditate
1877 1127 2053 1172 armamus.
2108 1107 2286 1189 Nunquam

286 1201 424 1259 metuas
458 1193 509 1255 Ea
525 1191 682 1276 religione
703 1193 852 1258 retinebo
874 1191 960 1276 apud
982 1211 1036 1258 me
1058 1213 1141 1276 quae
1158 1193 1260 1275 serip—
1311 1191 1396 1256 mihi
1417 1191 1612 1274 plaeuerunt
1633 1201 1723 1257 artes
1744 1191 1829 1270 illae,
1860 1201 1898 1256 ut
1920 1192 2003 1256 alter
2023 1192 2059 1256 in
2080 1191 2222 1256 alterius
2243 1193 2285 1256 lo-

287 1279 376 1358 sisti,
404 1299 504 1361 quam
531 1278 566 1342 in
586 1278 701 1360 eapitis
723 1280 788 1343 mei
815 1278 961 1361 periculo
983 1279 1109 1344 servari
1131 1277 1258 1344 vellem.
1313 1295 1388 1341 eum
1410 1277 1557 1361 arrogari
1578 1277 1756 1342 affeotaret:
1781 1276 1867 1360 quod
1889 1279 1960 1342 fieri
1983 1277 2035 1343 his
2055 1277 2158 1344 oeulis
2182 1277 2285 1360 palam

290 1364 514 1450 mgentemti,
541 1369 588 1428 19.
611 1363 690 1428 Mai.
706 1363 746 1448 ¹⁰)
1313 1362 1531 1428 ammadverti
1557 1363 1594 1426 in
1616 1363 1680 1426 alis
1700 1383 1807 1428 oause.
1852 1363 1953 1442 Haeo,
1976 1365 2023 1427 mi
2043 1365 2156 1442 frater,
2181 1373 2284 1428 tenum

1313 1448 1435 1530 loquor,
1459 1469 1501 1514 ne
1521 1448 1599 1513 dum
1621 1450 1730 1513 omnia
1747 1450 1872 1515 sineere
1893 1450 1966 1514 fleri
1987 1469 2048 1532 pro
2070 1459 2127 1514 tuo
2148 1447 2285 1514 eandore

1313 1541 1420 1618 putas,
1444 1533 1588 1600 videaris
1610 1533 1815 1600 eonnivendo
1837 1535 1933 1599 malis
1955 1534 2081 1599 artibus
2103 1535 2283 1618 suffragari

1314 1620 1430 1704 Neque
1451 1619 1552 1684 etiam
1573 1619 1674 1686 velim
1695 1621 1837 1703 aliquem
1858 1619 2001 1686 odiosius
2018 1640 2161 1704 grovero
2185 1620 2284 1685 dubiis

1314 1705 1397 1770 mihi
1419 1703 1625 1771 criminibus:
1659 1705 1716 1770 sed
1745 1727 1803 1788 pro
1829 1714 1942 1771 nostra
1968 1707 2113 1772 amioitia
2142 1707 2283 1790 proferre

741 1805 813 1874 172,
1313 1791 1415 1856 libere
1442 1811 1510 1855 non
1538 1790 1650 1857 dubito
1678 1813 1761 1874 quas
1790 1793 1890 1856 timeo
1923 1792 2028 1876 magis
2053 1813 2154 1875 quam
2185 1791 2282 1857 eredo.

1313 1876 1355 1941 In
1378 1897 1453 1941 eum
1476 1876 1583 1942 loeum
1612 1885 1815 1960 assumptum
1846 1897 1917 1944 esse
1945 1875 2067 1960 plaoet,
2095 1899 2198 1962 quem
2220 1878 2283 1943 sine

532 1960 766 2028 GALVINUS
789 1961 1019 2030 assunto.
1313 1983 1401 2026 noxa
1421 1963 1529 2046 potuit
1549 1983 1714 2046 eeoupare.
1762 1963 1954 2029 Zebedoeum
1971 1962 2052 2028 adeo
2074 1963 2284 2030 inelementar

1313 2049 1447 2112 traetari
1469 2047 1553 2112 mibi
1573 2047 1753 2130 plurimam
1780 2046 1876 2114 dolet
1920 2049 2048 2132 Neque,
2077 2047 2283 2128 mihicrede,

378 2135 564 2200 Gereemas
593 2135 735 2200 aeaeae
755 2153 807 2198 res
827 2153 926 2214 rupae
947 2135 1119 2219 ambiguae.
1167 2131 1261 2198 Sene·
1314 2153 1469 2217 magnam
1491 2133 1633 2216 gratiam
1655 2133 1816 2199 aBuoero
1835 2136 1960 2212 ineunt,
1982 2136 2039 2218 qui
2060 2143 2155 2200 tanta
2178 2144 2284 2220 tyran·

290 2222 377 2285 riam
396 2221 431 2284 in
455 2219 612 2287 Richardi
639 2220 738 2284 leam
763 2217 910 2284 subditai
935 2220 997 2286 eibi
1021 2241 1083 2287 non
1098 2219 1261 2303 probatem
1314 2217 1390 2284 uide
1411 2217 1512 2284 libros
1530 2221 1601 2285 eius
1619 2217 1805 2285 defendunt
1845 2219 1953 2286 Multo
1974 2219 2283 2304 plaeidiusfertipse

291 2305 472 2372 DeBooeri
493 2305 683 2372 etZebedoei
702 2306 910 2372 wntrooersa'e
931 2325 1027 2387 oeqrae
1048 2307 1261 2372 iudicandam.
1313 2323 1421 2370 meam
1443 2304 1625 2371 libertatem
1653 2307 1780 2388 quoties
1807 2305 1941 2388 abipso
1964 2305 2130 2372 dissentio.
2178 2306 2285 2388 Quan-

290 2390 343 2455 De
364 2392 503 2457 ducendo
525 2409 623 2457 uxore
642 2393 710 2458 iem
730 2391 813 2458 serio
829 2391 949 2476 rogitat.
1314 2411 1414 2474 quam
1435 2389 1475 2456 de
1497 2391 1538 2456 iis
1559 2391 1692 2456 mallem
1715 2399 1822 2458 tenum
1844 2392 1954 2476 potius
1974 2409 2099 2458 eorem:
2129 2391 2218 2476 quod
2238 2393 2282 2456 fu·

1314 2484 1428 2541 turum
1462 2497 1573 2560 spero,
1611 2478 1676 2542 nisi
1712 2477 1877 2544 modioum
1908 2477 2054 2544 laborem
2087 2476 2282 2543 detreotaris

291 2560 1262 2701 {belteillltb‘bllbf'fblssbbi’abib
1314 2560 1733 2714 {resultasse
1746 2563 2284 2733 restituerentur

379 2783 479 2852 θὼρ
501 2787 623 2870 optime
645 2807 683 2852 w
704 2785 788 2852 mihi
809 2784 994 2852 dulfliffiime
1015 2787 1125 2854 mr·
1170 2784 1264 2867 Qum
1316 2733 1533 2884 &diatim
1558 2735 1708 2812 luerunt,
1738 2735 1809 2799 eius
1837 2755 1936 2801 eausa
1962 2755 2051 2802 nune
2081 2735 2141 2802 abs
2170 2743 2206 2800 te
2227 2736 2285 2800 sint

291 2869 375 2941 mihi
392 2891 451 2954 per
470 2871 584 2937 literas
601 2870 801 2956 signifioasti,
823 2871 1009 2956 intelligere
1027 2873 1111 2940 mibi
1133 2881 1264 2958 gratum

290 2955 369 3036 init,
401 2957 531 3024 etiamsi
563 2977 682 3041 parurn
713 2957 800 3023 laeta
831 2958 901 3024 sint
932 2978 1054 3043 magna
1087 2979 1131 3024 ex
1161 2965 1263 3041 parte.

291 3041 379 3110 Nam
389 3063 450 3110 neo
460 3043 613 3127 ignorare
623 3043 724 3123 iuvat,
745 3051 779 3108 et
790 3044 873 3110 seire
885 3044 1034 3110 utileest
1068 3044 1122 3110 Ad
1134 3043 1265 3128 singula

294 3137 407 3194 umen
427 3128 626 3212 respondere
650 3127 734 3194 nihil
756 3129 902 3196 interest.
947 3128 1000 3195 De
1023 3129 1157 3198 Claudio
1178 3129 1264 3194 nihil

290 3212 451 3280 audebam
472 3213 630 3295 divinme,
651 3236 693 3281 ne
714 3235 769 3280 mo
789 3215 977 3282 oouieoture
997 3215 1132 3282 falleret
1166 3215 1264 3282 Nune

290 3321 334 3366 ax
352 3299 524 3383 prineipiis
545 3300 652 3368 iudioo
670 3300 776 3384 qualis
793 3302 924 3368 futurus
941 3301 985 3367 sit
1004 3303 1040 3366 in
1057 3298 1265 3367 reformanda

1492 2819 1660 2903 Ingemuit
1677 2819 1811 2904 gravius
1822 2841 1921 2904 qnam
1934 2839 2154 2904 speraveram
2180 2820 2285 2902 Quum

1314 2905 1496 2970 remedium
1519 2913 1704 2988 quaereret,
1734 2907 1889 2989 respondi
1909 2907 2031 2972 vulnus
2052 2927 2125 2972 esse
2146 2908 2222 2991 ipso
2242 2914 2284 2972 at·

1315 2998 1406 3056 taeta
1426 2991 1660 3073 perieulosum:
1683 3009 1762 3076 ergo
1784 2992 1915 3068 sineret,
1945 2990 2048 3058 donee
2068 2992 2188 3058 melior
2209 2992 2284 3057 ratio

1315 3076 1409 3142 nobis
1431 3087 1610 3159 appareret

1401 3163 1453 3226 De
1491 3162 1680 3246 oouiugio⁴)
1718 3183 1807 3229 nuno
1841 3163 1985 3246 apertius
2023 3163 2146 3246 loquar.
2203 3165 2286 3229 Ante

1316 3246 1485 3313 Michaelis
1506 3248 1632 3348 abitum
1654 3249 1771 3349 neseio⁸
1785 3267 1829 3350 an
1847 3249 2050 3314 mentionem
2071 3249 2193 3333 aliquis
2209 3249 2286 3348 ferte

290 3385 349 3452 illa
369 3385 506 3454 eeclesia
519 3387 545 3460 ι)
566 3407 747 3466 sueoessus,
769 3387 835 3452 nisi
849 3385 1014 3452 Dominus
1034 3407 1077 3452 ex
1097 3387 1264 3470 insperato
1314 3332 2286 3503 fflffiffiss{zffifflgffefflfflegffizffi

1315 3512 1423 3571 torum
1435 3525 1563 3590 genere,
1584 3505 1640 3587 qai
1650 3506 1733 3570 vitia
1743 3507 1842 3572 etiem
1854 3505 2095 3586 exosaulantur,
2114 3507 2173 3572 ubi
2188 3503 2286 3571 semel

1315 3593 1420 3656 forma
1436 3592 1523 3674 eapti
1542 3601 1629 3655 sunt
1663 3591 1755 3658 Haeo
1772 3591 1842 3658 sola
1858 3599 1910 3657 est
1926 3612 2010 3675 quae
2019 3611 2074 3656 me
2084 3590 2287 3675 illaetatpnl-

1315 3676 1475 3754 obritude,
1493 3676 1521 3741 si
1532 3676 1719 3759 pudioaest,
1734 3677 1762 3742 si
1780 3677 1861 3742 mor‘
1887 3697 1953 3757 era,
1972 3678 2076 3742 sinon
2089 3678 2243 3755 fastuosa,
2262 3677 2288 3742 si

1315 3783 1423 3846 parea,
1445 3764 1472 3828 si
1490 3762 1627 3845 patiens,
1649 3764 1677 3827 si
1700 3783 1775 3846 spes
1792 3771 1842 3828 est
1885 3781 1994 3828 emsa
2015 3763 2205 3829 valetudine
2223 3764 2288 3828 fore

1317 3847 1499 3914 sollieitam.
1533 3849 1623 3932 Ergo
1646 3849 1673 3914 si
1695 3845 1824 3932 putabis
1846 3847 2035 3926 eonduoere‚
2055 3849 2192 3935 aooinge
2214 3847 2288 3932 te,⁵)

1316 3955 1360 4000 ne
1379 3934 1453 4018 quis
1476 3933 1559 3998 alius
1582 3941 1774 4000 antevertat.
1819 3932 1882 3999 Sin
1904 3933 1994 4000 aliud
2016 3955 2138 4014 nenses,
2162 3935 2288 4001 omitta-

1316 4041 1400 4086 mus.
1445 4018 1536 4083 Nihil
1553 4019 1690 4102 posthae
1711 4020 1851 4086 soribam
1873 4019 1976 4085 donee
1995 4022 2134 4086 veneris.
2171 4021 2287 4086 Venias

1091 4158 1265 4224 Paterni&
1317 4113 1426 4171 autem
1448 4104 1542 4169 nobis
1564 4104 1715 4203 omnibus
1732 4105 2006 4207 exoptatissimus.
2040 4110 2124 4190 Age,
2144 4110 2285 4207 animum

944 4245 1045 4310 faiae
1076 4244 1264 4342 aeuus
1316 4191 1502 4342 tritt
1515 4191 2288 4360 tlt”ttttttttttttttttlt

1316 4383 1485 4445 eomparas
1513 4361 1554 4426 ad
1582 4363 1823 4445 prosectionem.
1875 4361 2000 4429 Omnes
2028 4371 2062 4428 te
2088 4365 2166 4447 plus
2195 4380 2290 4448 quam

290 3470 461 3540 offidserit
511 3469 608 3552 Quod
637 3473 666 3538 si
692 3471 779 3538 bona
806 3471 870 3538 fide
896 3493 931 3538 se
963 3473 1127 3557 gesserint
1158 3473 1264 3538 nostri

289 3577 502 3636 sueoessores,
524 3557 613 3624 intra
632 3559 789 3642 exiguum
807 3567 935 3641 tempus
952 3559 1097 3624 sentient
1116 3557 1190 3642 plus
1211 3559 1263 3622 in·

291 3663 363 3710 esse
385 3642 586 3712 diffioultatis
608 3664 705 3726 quem
732 3644 923 3728 eogitarant.
968 3644 1123 3710 Fortasse
1150 3653 1183 3709 et
1204 3665 1264 3708 no-

291 3726 342 3794 bis
363 3727 501 3796 reddore
521 3729 744 3795 testimonium
765 3737 923 3813 eogentur
952 3729 1035 3796 boue
1063 3751 1102 3796 aa
1123 3727 1265 3796 fideliter

292 3815 378 3898 gesti
404 3815 562 3880 muueris.
612 3813 708 3896 Quod
736 3815 806 3881 uelo
834 3823 891 3880 tuo
919 3814 1147 3896 moderantur,
1180 3815 1265 3880 nihil

291 3899 422 3966 mirum.
466 3899 623 3966 Nondum
645 3901 734 3966 enim
760 3901 808 3966 ita
828 3900 1050 3980 incaluerunt,
1079 3909 1118 3967 ut
1139 3900 1193 3968 vel
1214 3901 1264 3984 ig·

292 3987 424 4050 naviam
440 3993 533 4052 tuam
550 3986 711 4052 eurrendo
730 3993 954 4070 assequantur.
989 3987 1040 4051 Tu
1061 3995 1171 4052 autem
1190 3985 1265 4052 vide

294 4069 373 4150 quid
392 4073 547 4155 temperis
566 4073 653 4138 ratio
672 4094 710 4139 ao
727 4073 907 4140 neoessitas
922 4071 1082 4156 postulet:
1107 4081 1205 4155 atque
1223 4071 1265 4138 sd

294 4171 367 4218 eem
389 4158 544 4224 amussim
563 4157 671 4223 aelam
693 4165 786 4224 tuum
808 4179 878 4224 eom
922 4179 973 4224 ne.
1017 4158 1070 4224 De

292 4239 384 4306 eensi
415 4243 550 4308 aeolesia
581 4243 710 4310 Savaria
742 4179 921 4309 offerendbo

293 4323 379 4388 mihi
418 4327 506 4394 nullo
550 4329 645 4396 modo
684 4329 890 4413 probatur.²)
950 4329 1138 4396 Pessimum
1176 4351 1265 4394 emm

295 4409 482 4496 exemplum
504 4421 568 4492 est,
595 4425 634 4480 ut
655 4437 675 4480 a
697 4417 764 4480 suis
786 4415 931 4480 ecelesiis
953 4415 1186 4482 abstrahantur
1207 4414 1265 4480 fidi
1317 4449 1419 4514 ”mim
1437 4449 1590 4525 salutant,
1615 4447 1736 4530 Capito,
1754 4449 1908 4527 Bm,
1929 4447 2099 4530 stumfius,
2122 4449 2288 4524 fleamus,

294 4503 460 4580 pastores,
487 4517 551 4579 quo
577 4499 649 4566 aliis
675 4501 767 4567 loeus
789 4521 912 4566 vaouus
932 4501 1181 4584 relinquatur.⁸)
1225 4499 1265 4566 Si

295 4581 480 4650 Moram
506 4595 616 4650 manet
643 4587 748 4669 quum
776 4595 863 4664 emt,
896 4597 930 4652 et
962 4594 1072 4652 tamen
1106 4585 1264 4669 displioet,
1320 4535 1458 4617 Gospar,
1481 4533 1615 4600 etGalli
1632 4555 1712 4618 quos
1729 4557 1795 4600 non
1813 4535 1955 4613 nomino,
1978 4536 2055 4618 quia
2072 4537 2212 4602 nomina
2229 4555 2291 4601 nou

1316 4629 1418 4686 tenea
1462 4619 1597 4684 Fratres
1625 4641 1738 4686 ornnes
1766 4620 1848 4685 mihi
1879 4621 1993 4686 saluta
2043 4621 2215 4689 Dominus
2236 4641 2292 4686 vos

1316 4727 1429 4771 omnes
1451 4704 1512 4770 sibi
1534 4725 1674 4789 suaeque
1696 4705 1850 4773 ecelesiae
1881 4703 1937 4772 diu
1963 4719 2073 4774 servet
2100 4707 2291 4774 ineolumes

397 4839 443 4905 10)
462 4839 603 4918 mm·
641 4841 684 4918 ‚⁵¹
723 4849 728 4898 Ι
881 4842 886 4854 .
965 4841 1041 4898 1539.
1316 4793 1540 4876 Argentorate,
1566 4795 1613 4856 19.
1636 4792 1720 4858 Mau
1744 4796 1835 4858 leus.
1938 4877 2097 4944 Culmus
2118 4888 2210 4946 m

320 4905 381 4966 m
396 4909 429 5036 dl
444 4905 674 5044 {effmmof
687 4980 747 5032 that
765 4981 841 5034 there
855 4981 903 5034 has
921 4979 991 5034 been
1009 4998 1062 5046 any
1082 4979 1197 5050 thought
1214 4985 1263 5033 eto.
1312 4984 1413 4992 ”“““
1431 4981 1456 4990 ‘'

298 5114 302 5122 ‚
397 5049 426 5114 3)
443 5043 664 5126 lirraissqebot
681 5047 726 5125 (ll.
747 5047 807 5113 1'28)
831 5047 897 5130 drea
934 5053 996 5128 atet
1013 5047 1186 5104 Riobordam
1202 5049 1264 5130 ideo
1418 5049 1446 5110 4)
1466 5045 1511 5100 De
1528 5063 1581 5116 quo
1605 5063 1669 5116 erqo
1693 5049 1752 5103 iam
1773 5055 1839 5104 tenu
1862 5048 2014 5118 oopimbot,
2039 5049 2160 5105 morsm
2185 5051 2294 5106 Boreo

296 5109 541 5189 ooPaternoerenes
561 5119 713 5170 mamere
733 5131 865 5196 renouare
886 5117 919 5172 de
937 5133 1010 5196 aseae
1052 5117 1107 5172 aod
1124 5117 1263 5198 lrabea-
1316 5122 1421 5174 oaore-
1603 5185 1609 5196 .
1735 5185 1740 5200 ι
1894 5193 1897 5198 Δ
2005 5187 2038 5200 ..

296 5181 455 5259 manebas
472 5200 500 5238 se
516 5189 675 5306 Ἔρωσι,
693 5200 777 5252 parm
791 5189 887 5254 petrae
904 5203 936 5240 aa
952 5185 996 5242 bes
1035 5185 1145 5242 ebedoes
1165 5185 1262 5242 odem·
1337 5253 1341 5266 .
1382 5253 1387 5266 υ
1418 5183 1447 5246 bl
1467 5181 1524 5238 eat
1542 5183 1583 5239 od
1597 5191 1649 5268 ster
1681 5191 1712 5242 ut
1728 5199 1789 5256 sper
1806 5199 1899 5244 coram
1926 5185 2079 5258 adeptam,
2105 5189 2252 5258 omer,
2270 5193 2294 5242 st

298 5249 392 5302 mnae
407 5256 484 5305 esset
549 5251 664 5308 mederi.
680 5268 711 5320 p.
730 5251 789 5304 142.
1316 5266 1341 5307 er
1358 5251 1486 5308 mdeatrtr
1499 5259 1581 5322 peteo
1598 5226 1673 5309 metit
